3488 5242
646 338 719 395 Doc.
746 347 812 413 174.
832 369 867 378 -
888 336 943 392 Aa.
969 349 1056 412 1339·
1424 351 1481 408 ¹53

300 443 566 450 -.—--——
574 444 711 450 ——--.
724 444 752 449 -
832 442 991 448 --—-—.—.
1004 440 1217 447 ——----
1237 440 1265 445 —
1277 440 1314 445 ..-
1327 439 1482 446 -—.-.--.-

217 536 419 610 presencium,
444 536 557 608 quibus
580 536 705 609 expedit
730 535 890 604 universis
914 534 995 607 quod
1022 549 1077 591 nos
1100 534 1130 591 in
1153 533 1261 602 causis,
1285 547 1362 604 quas
1386 533 1480 589 habe-

216 658 285 699 mus
309 657 379 699 cum
404 642 579 699 honorabili
602 642 739 714 capitulo
762 641 962 713 zagrabiensi‚
986 640 1025 697 ad
1049 639 1246 697 concordiam
1270 639 1328 697 deo
1359 640 1483 697 volente

218 748 406 819 devenimus,
431 755 523 821 prout
547 748 576 805 in
601 747 712 805 litteris
735 747 831 820 ipsius
859 747 988 819 capituli
1019 746 1199 803 continetur.
1231 744 1372 818 Quarum
1396 749 1483 802 tenor

217 854 255 910 de
279 855 376 911 verbo
399 853 439 910 ad
463 854 594 911 verbum
619 853 689 910 talis
709 860 769 910 est:
794 846 868 927 (vid.
893 869 937 909 nr.
967 866 1034 920 172.
1059 867 1138 909 anno
1165 866 1256 925 1339,
1283 849 1331 908 28.
1355 843 1483 926 aprilis).

217 959 296 1016 Cum
312 940 414 1030 'igitur
437 958 592 1017 discordia
615 958 755 1032 predicta
786 965 815 1015 et
848 958 910 1015 litis
943 959 1073 1015 materia
1096 973 1156 1014 non
1180 958 1282 1015 solum
1306 957 1405 1027 nobis,
1429 955 1483 1014 sed

217 1066 313 1122 eciam
339 1066 397 1138 ipsi
421 1066 558 1139 capitulo
590 1081 650 1122 non
686 1064 822 1121 modicas
845 1080 995 1137 expensas
1019 1063 1196 1120 induxerint
1219 1068 1248 1120 et
1272 1063 1405 1131 labores
1428 1077 1485 1119 nos

219 1172 293 1228 talia
316 1170 354 1228 de
377 1179 479 1228 cetero
502 1172 619 1228 evitare
643 1171 808 1244 cupientes,
832 1184 939 1241 ymmo
963 1171 1047 1243 ipsos
1066 1168 1209 1227 dominos
1232 1169 1271 1226 de
1294 1168 1431 1242 capitulo
1454 1173 1484 1225 et

217 1277 355 1349 singulos
391 1277 581 1334 intendentes
612 1279 727 1333 honore
756 1291 818 1349 quo
848 1274 936 1332 decet
967 1281 997 1333 et
1029 1274 1135 1333 favore
1177 1275 1284 1349 pocius
1312 1274 1484 1348 prevenire,

218 1383 322 1439 omnia
353 1389 382 1438 et
413 1383 535 1455 singula
565 1383 595 1439 in
627 1388 731 1439 tenore
762 1382 936 1439 litterarum
968 1380 1041 1438 dicti
1073 1381 1200 1454 capituli
1231 1395 1385 1454 expressa,
1409 1383 1484 1449 rata,

217 1494 305 1559 grata
328 1494 358 1544 et
381 1487 472 1544 firma
496 1489 647 1545 habemus
670 1493 699 1544 et
723 1487 935 1561 promittimus
958 1486 997 1544 ad
1016 1487 1146 1560 plenum
1166 1488 1341 1545 observare.
1360 1487 1392 1543 ln
1409 1500 1485 1557 quo·

217 1609 288 1649 rum
311 1595 450 1651 omnium
480 1595 703 1667 premissorum
736 1593 944 1650 testimonium
977 1593 1173 1666 presentibus
1203 1592 1343 1664 sigillum
1380 1596 1482 1648 nostre

221 1700 450 1757 communitatis
474 1699 620 1757 duximus
643 1699 870 1773 apponendum.
889 1698 1003 1755 Datum
1028 1699 1058 1756 in
1083 1697 1160 1756 festo
1176 1698 1259 1755 beati
1275 1698 1387 1755 Vitalis
1403 1712 1485 1754 mar-

220 1806 293 1862 tiris,
320 1808 408 1862 Anno
432 1806 549 1863 domini
573 1805 772 1862 MCCCXXX
796 1819 884 1862 nono.

308 1922 420 1971 Elibro
440 1924 567 1973 Statutor.
588 1922 697 1987 capituli
722 1922 827 1986 zagrab.
854 1938 878 1986 p.
899 1921 943 1971 IV.
965 1937 985 1970 c.
1000 1921 1087 1971 xvu.
1113 1921 1142 1971 In
1165 1920 1274 1971 archivo
1293 1936 1349 1971 ven.
1370 1935 1426 1985 cap.
1446 1934 1485 1969 za·

162 2074 169 2089 .
218 2011 292 2073 grab.
313 2012 387 2076 Joan.
407 2010 522 2060 Thalete.
543 2010 611 2060 Mon.
632 2011 691 2060 hist.
711 2010 790 2076 episc.
810 2010 914 2075 zagrab.
936 2012 986 2060 vol.
1008 2009 1049 2067 11„
1071 2026 1095 2075 p.
1119 2011 1263 2068 136-137.

808 2243 892 2311 174.

325 2388 399 2434 Anno
423 2395 496 2445 1339.
519 2395 558 2434 tl.
578 2384 648 2433 maii.
668 2384 698 2433 ln
718 2384 856 2449 Viiegrad.

224 2513 254 2568 T
250 2514 349 2569 saumis
364 2522 542 2586 procurator
570 2514 663 2588 ‹ffcri'
690 2514 889 2570 ommunicatus
910 2513 1088 2570 concordiam
1111 2515 1184 2570 cives
1213 2512 1387 2570 Greclrcnscs
1413 2515 1488 2570 inter

391 2627 419 2675 et
439 2628 499 2692 [rip.
522 2619 638 2691 rcrgrab.
663 2619 696 2675 de
717 2619 864 2690 exigendis
884 2618 998 2675 tribulis
1020 2619 1130 2685 mitum,
1154 2619 1311 2692 cntifirmat.

309 2763 370 2819 Nos
401 2762 537 2819 Thomas
570 2762 712 2833 voyvoda
745 2762 952 2820 transilvanus
982 2769 1011 2820 et
1039 2778 1143 2819 comes
1165 2762 1203 2819 de
1226 2762 1333 2821 Zonuk
1356 2779 1391 2820 ac
1415 2760 1486 2836 proi

222 2880 344 2924 curator
376 2868 471 2925 officii
504 2870 701 2939 magistratus
732 2869 960 2926 tavamicorum
984 2870 1171 2926 serenissimi
1196 2870 1345 2943 principis
1370 2869 1486 2939 Karoli

222 2974 271 3030 dei
291 2975 394 3045 gracia
419 2974 513 3030 incliti
538 2975 619 3045 regis
642 2974 807 3046 Hungarie.
830 2976 978 3032 htemorie
1001 2975 1253 3032 commendantes
1273 2975 1485 3047 significamus

222 3086 324 3136 tenore
349 3081 541 3152 presencium
577 3081 689 3151 quibus
713 3080 837 3153 expedit
862 3081 1020 3152 universis,
1045 3081 1129 3154 quod
1153 3081 1389 3139 honorabilibus
1412 3082 1488 3139 viris

221 3185 347 3242 domino
371 3185 522 3257 Gregorio
546 3187 703 3259 preposito
727 3187 857 3243 ecclesie
883 3187 1071 3243 chasmensis
1094 3194 1123 3243 et
1147 3188 1296 3259 magistro
1320 3186 1484 3244 Benedicto

220 3290 435 3347 archidiacono
459 3290 496 3346 de
522 3291 664 3361 Kemlulr,
682 3306 739 3365 pro
763 3292 901 3364 capitulo
924 3293 1052 3349 ecclesie
1074 3293 1282 3364 zagrabiensis
1302 3307 1372 3349 cum
1397 3290 1487 3349 susti·

224 3398 374 3452 cientibus
413 3398 632 3469 procuratoriis
671 3398 781 3454 litteris
816 3397 954 3454 eiusdem
989 3405 1019 3454 et
1055 3398 1203 3469 magistro
1236 3398 1383 3479 johanne,
1421 3396 1487 3455 filio

225 3502 357 3569 llarlrus,
382 3503 448 3558 cive
473 3503 585 3559 montis
601 3502 763 3560 Grecensis
786 3519 843 3575 pro
867 3504 982 3572 villic0,
1007 3504 1114 3560 iuratis
1137 3508 1166 3559 et
1189 3503 1342 3560 universis
1365 3501 1487 3559 civibus

222 3607 259 3662 de
284 3607 391 3664 eadem
415 3624 486 3664 cum
512 3609 621 3665 litteris
645 3610 865 3682 procuratoriis
889 3608 1071 3665 eorumdem
1095 3608 1209 3664 civium
1235 3609 1264 3665 in
1285 3608 1403 3664 octavis
1419 3606 1488 3664 festi

223 3714 305 3769 beati
330 3713 455 3786 Georgii
479 3715 623 3784 martiris,
647 3713 685 3771 ad
710 3720 847 3771 nostram
871 3714 1049 3771 accedentes
1073 3715 1265 3787 presenciam
1281 3713 1489 3771 mediantibus

225 3819 334 3875 litteris
363 3820 521 3891 regalibus
552 3821 780 3893 procuratoriis,
812 3821 987 3877 causalibus
1018 3836 1112 3892 super
1138 3818 1327 3892 quibusdam
1351 3819 1489 3876 articulis

221 3940 381 3980 causarum
408 3926 485 3982 inter
510 3927 612 3998 ipsum
636 3926 809 3998 capitulum
833 3933 863 3983 et
886 3926 1116 3999 prenominatos
1143 3926 1226 3982 cives
1249 3925 1369 3983 diucius
1391 3925 1489 3982 venti-

223 4029 291 4086 latis
316 4032 344 4086 in
371 4032 528 4102 presencia
552 4032 635 4103 regie
659 4031 828 4088 maiestatis
851 4032 1058 4089 exhibuerunt
1081 4032 1171 4089 nobis
1193 4036 1331 4088 tenorem
1355 4030 1488 4087 duarum

223 4137 395 4192 litterarum
427 4138 632 4209 prenominati
664 4137 793 4210 capituli
824 4137 1030 4210 zagrabiensis
1054 4143 1083 4193 et
1106 4138 1167 4194 iarn
1193 4136 1347 4194 dictorum
1370 4137 1487 4193 civium

222 4243 420 4299 Grecensium
446 4243 577 4299 formam
612 4246 695 4317 pacis
727 4250 754 4301 et
787 4244 950 4301 concordie
981 4245 1125 4301 unionem
1157 4244 1234 4300 inter
1266 4244 1349 4316 ipsos
1374 4241 1486 4299 factam

222 4349 419 4418 declarantes,
445 4358 581 4422 petentes
605 4366 752 4407 nuscum
778 4351 933 4420 instancia,
953 4358 986 4406 ut
1009 4350 1110 4422 ipsam
1139 4348 1368 4406 ordinacionem
1393 4347 1488 4405 ratiti·

222 4471 291 4510 care
314 4466 343 4511 er
368 4465 504 4512 tenorem
523 4457 660 4528 ipsarum
676 4456 850 4513 litterarum
875 4455 913 4512 de
936 4457 1034 4512 verbo
1055 4454 1093 4512 ad
1118 4456 1251 4512 verbum
1268 4454 1437 4511 rescribere
1459 4459 1489 4511 et

223 4570 327 4618 nostro
351 4563 518 4635 privilegio
535 4568 627 4635 prout
644 4571 749 4620 nostro
765 4563 925 4619 iudiciario
941 4560 1045 4618 officio
1062 4561 1213 4618 incumbit
1232 4558 1418 4617 confirmare
1434 4559 1486 4616 de·

223 4667 374 4737 beremus,
406 4683 538 4739 quarum
564 4669 736 4725 litterarum
761 4674 849 4725 tenor
872 4668 943 4724 talis
966 4675 1026 4724 est:
1057 4660 1131 4744 (vid.
1155 4682 1198 4723 nr.
1226 4679 1294 4738 173.
1318 4680 1365 4723 an.
1394 4679 1485 4740 1339,

224 4770 271 4828 28.
295 4764 425 4848 aprilis.)
449 4773 511 4831 Nos
535 4776 629 4847 igitur
653 4775 705 4846 qui
729 4790 767 4831 ex
793 4773 941 4831 beneficio
965 4773 1068 4836 nostri,
1084 4771 1236 4829 iudiciarii
1260 4769 1357 4829 officii
1371 4768 1488 4829 discor-
