3488 5242
237 316 277 386 56
435 374 440 383 ,
642 316 715 373 Doc.
740 312 788 390 65.
816 350 852 358 -
878 317 934 374 An
958 312 1049 392 1284.

236 516 339 587 gracia
363 513 508 572 duximus
532 514 770 584 concedendum,
795 515 878 588 quod
908 515 1006 573 banus
1032 513 1194 574 Sclauonie
1217 514 1257 572 ad
1279 530 1406 589 presens
1429 529 1501 572 con-

236 620 360 677 stitutus
383 625 414 677 et
435 618 575 677 eiusdem
598 636 787 678 successores
810 636 905 695 super
928 621 1026 679 dictos
1048 620 1132 678 cives
1155 620 1336 678 descensum
1352 635 1413 677 non
1430 635 1501 694 pos·

237 725 297 782 sint
320 741 375 782 nec
399 724 532 783 debeant
555 724 655 783 iacere
685 727 863 800 aliqualem,
895 744 965 785 cum
997 728 1092 785 iidem
1122 727 1205 784 cives
1233 727 1372 800 inopiam
1395 732 1425 783 et
1449 725 1500 783 de-

237 831 424 888 strucciones
447 847 482 888 ac
504 833 687 904 gravamina
717 834 854 906 plurima
883 834 942 890 hoc
973 833 1158 891 discriminis
1185 838 1325 905 tempore
1348 833 1409 889 sint
1432 849 1501 906 per·

237 936 327 1011 pessi.
359 937 475 993 Datum
506 936 600 1008 Bude,
632 939 728 996 tercio
758 938 807 996 die
838 944 1018 997 octavarum
1048 938 1217 1006 nativitatis
1252 937 1377 996 domini.
1411 940 1502 996 Anno

238 1041 376 1100 eiusdem
400 1042 569 1100 MCCLXX
593 1048 711 1103 octavo.

327 1178 467 1245 Originale
487 1179 513 1230 in
532 1181 690 1231 membrana.
709 1183 733 1231 Α
753 1186 828 1248 tergo
848 1181 1005 1247 impressum
1018 1181 1147 1248 sigillum,
1163 1181 1286 1247 deperiit.
1303 1181 1334 1231 In
1353 1181 1423 1231 arch.
1443 1183 1460 1230 l.
1480 1197 1500 1230 r.

239 1268 288 1318 civ.
308 1267 412 1333 zagrab.

345 1484 394 1532 An.
411 1482 485 1543 1284,
505 1489 528 1536 7.
541 1481 622 1548 Junii.
838 1446 898 1513 65.

239 1609 398 1667 ladislaus
420 1611 477 1667 IV.
501 1611 676 1684 Hungariae
698 1618 745 1667 etc.
769 1628 832 1679 rex,
862 1627 961 1666 aream
992 1616 1058 1665 onte
1080 1609 1221 1665 ecclesiam
1241 1609 1432 1666 cathedralem
1455 1626 1502 1664 aa·

236 1717 320 1790 grob.
344 1717 438 1786 sitam,
468 1716 519 1773 ubi
546 1717 617 1773 bani
645 1715 802 1774 Slanoniae
824 1717 1005 1788 permittente
1031 1715 1146 1787 aagrab.
1170 1716 1295 1787 episcopo
1320 1715 1386 1771 olim
1409 1714 1504 1770 domos

378 1828 407 1878 et
426 1822 584 1879 descensum
607 1822 711 1880 habere
732 1829 943 1891 consoenerant,
966 1822 1091 1894 episcopo
1113 1821 1228 1894 aogrob.
1251 1821 1368 1895 confert.

328 1984 492 2043 Ladizlaus
515 1985 565 2044 dei
588 1987 692 2059 gracia
714 1985 882 2058 Hungarie,
906 1984 1075 2054 Dalmacie‚
1099 1983 1235 2052 Croacie,
1259 1982 1365 2052 Rame,
1389 1981 1504 2053 seroie,

241 2089 382 2161 Gallicis,
405 2090 598 2163 Lodomerie,
622 2091 777 2162 Comanie,
802 2090 1008 2164 Bulgarieque
1031 2106 1093 2147 rex.
1117 2089 1269 2147 Omnibus
1293 2088 1408 2146 Christi
1429 2088 1504 2145 fide·

241 2196 324 2253 libus
348 2202 412 2254 tam
434 2198 631 2271 presentibus
654 2213 749 2270 quam
772 2197 884 2255 futuris
908 2197 1040 2254 salutem
1064 2197 1094 2253 in
1118 2210 1192 2252 vero
1215 2194 1351 2251 salutari.
1374 2194 1421 2251 Ad
1439 2195 1505 2252 uni·

242 2316 402 2359 versorum
426 2303 571 2360 noticiam
594 2305 705 2362 harum
730 2303 808 2361 serie
831 2302 978 2360 volumus
1002 2302 1172 2375 pervenire,
1197 2300 1280 2372 quod
1303 2316 1374 2357 cum
1392 2300 1505 2358 fundus

242 2407 374 2464 existens
397 2412 467 2465 ante
489 2409 650 2466 ecclesiam
673 2409 770 2466 sancti
792 2410 874 2482 regis
897 2407 1094 2477 catedralem,
1118 2407 1149 2464 in
1173 2422 1235 2479 quo
1255 2407 1328 2463 bani
1343 2405 1505 2464 Sclauonie

242 2512 410 2586 aliquando
433 2528 471 2571 ex
493 2515 696 2588 permissione
726 2515 864 2589 episcopi
894 2513 1101 2586 zagrabiensis
1132 2512 1241 2570 domos
1271 2518 1302 2569 et
1324 2511 1505 2569 descensum

241 2619 358 2676 habere
388 2625 619 2692 consueverant,
651 2619 745 2678 fuerit
775 2625 805 2678 et
836 2621 876 2678 sit
906 2620 1002 2693 ipsius
1033 2619 1160 2676 ecclesie
1183 2618 1389 2690 zagrabiensis
1412 2617 1506 2691 pleno

242 2724 309 2782 iure
340 2725 538 2798 proprietatis
561 2741 579 2782 a
602 2724 786 2783 fundacione
818 2726 944 2783 ecclesie
968 2724 1127 2794 antedicte,
1151 2731 1181 2781 et
1204 2725 1262 2781 hoc
1285 2729 1387 2781 nostre
1412 2723 1506 2780 maie·

242 2830 313 2887 stati
336 2831 471 2889 constitit
493 2831 586 2904 plena
609 2830 679 2888 fide.
709 2830 772 2888 Nos
796 2847 834 2888 ex
856 2830 962 2889 debito
992 2830 1075 2903 regie
1102 2828 1292 2887 celsitudinis
1315 2827 1421 2887 officio
1453 2845 1506 2885 no·

242 2935 340 2992 lentes
370 2937 472 3009 ipsam
503 2937 663 2995 ecclesiam
694 2937 924 3008 zagrabiensem
955 2936 986 2993 in
1017 2935 1124 2992 divino
1155 2934 1249 3005 cultu,
1274 2933 1325 2990 vel
1349 2933 1506 3006 aliquibus

243 3040 306 3097 suis
329 3041 448 3098 iuribus
478 3057 531 3098 seu
563 3041 762 3100 facultatibus
785 3042 816 3099 in
846 3043 952 3115 aliquo
980 3040 1119 3112 diminui,
1142 3056 1216 3112 ymo
1239 3040 1374 3096 velimus
1399 3039 1506 3112 pocius

243 3161 281 3203 ex
311 3146 395 3217 regia
427 3145 640 3204 munificencia
670 3139 896 3224 augmen(tari),
928 3139 1166 3223 [supradictum]
1198 3144 1328 3202 fundum
1361 3146 1451 3218 plene
1475 3153 1506 3202 et

244 3253 361 3324 integre
384 3251 422 3308 ad
448 3253 561 3310 iustam
583 3254 768 3327 peticionem
792 3253 978 3310 venerabilis
1001 3253 1099 3326 patris
1117 3251 1321 3323 Thymothey,
1338 3250 1387 3307 dei
1403 3252 1507 3322 gracia

244 3357 382 3430 episcopi
413 3358 628 3429 zagrabiensiS,
659 3358 765 3416 dilecti
793 3366 822 3416 et
844 3358 947 3417 fidelis
969 3360 1074 3429 nostri,
1099 3351 1183 3436 [sibi]
1207 3357 1429 3415 restituendum
1452 3357 1507 3414 du-

244 3462 347 3520 ximus
379 3470 409 3519 et
441 3464 688 3521 irrevocabiliter
719 3464 940 3538 possidendum
971 3466 1022 3535 ita,
1053 3464 1136 3537 quod
1166 3463 1249 3521 idern
1273 3465 1436 3536 episcopus
1459 3478 1507 3520 za·

244 3569 415 3641 grabiensis
446 3570 544 3642 possit
573 3575 603 3627 et
630 3569 741 3628 debeat
763 3571 866 3643 ipsum
891 3570 1022 3628 fundum
1045 3586 1098 3628 seu
1122 3570 1225 3627 locum
1249 3570 1369 3626 munire
1387 3615 1507 3626 ......

244 3689 303 3748 pro
334 3673 483 3732 fratribus
514 3676 640 3732 ecclesie
670 3692 732 3747 sue,
764 3692 801 3733 ne
831 3682 961 3750 propter
994 3677 1181 3734 vacuitatem
1215 3676 1311 3747 ipsius
1343 3675 1426 3731 curie
1456 3676 1507 3731 vel

245 3779 340 3852 fundi,
372 3796 443 3838 cum
474 3781 631 3838 desolatus
663 3788 692 3839 et
723 3798 839 3839 vacuus
869 3783 1050 3840 remanserit
1081 3799 1099 3839 a
1129 3781 1236 3838 decem
1260 3781 1346 3837 annis
1370 3787 1400 3837 et
1423 3781 1507 3849 citra,

245 3885 404 3944 tentonicis
426 3888 478 3944 vel
502 3887 571 3944 aliis
594 3887 726 3945 inimicis
749 3904 802 3945 seu
825 3904 935 3945 nocere
962 3888 1138 3946 volentibus
1162 3903 1218 3961 per
1241 3887 1344 3961 ipsum
1368 3887 1437 3943 loco
1460 3902 1506 3942 za·

245 3993 401 4065 grabiensi
424 3992 525 4051 aditus
548 3999 651 4066 pateat
673 3993 713 4051 ad
735 3994 915 4051 nocendum.
932 3994 1079 4050 Volentes
1096 3992 1315 4050 nichilominus
1332 3997 1361 4048 et
1378 3991 1508 4048 firmiter

245 4099 459 4172 precipientes,
492 4101 635 4172 quamvis
666 4101 772 4158 nullus
803 4101 901 4158 banus
932 4116 988 4173 pro
1011 4105 1151 4173 tempore
1174 4099 1356 4155 constitutus
1391 4097 1508 4156 dictum

246 4204 427 4278 episcopum
462 4205 692 4277 zagrabiensem
723 4206 775 4263 vel
805 4207 870 4264 eius
893 4207 1066 4281 capitulum
1089 4207 1210 4263 racione
1234 4205 1398 4278 prescripti
1422 4203 1509 4262 fundi

246 4310 398 4381 molestet,
421 4311 473 4367 vel
497 4317 656 4384 presumat
679 4312 709 4369 in
732 4312 839 4384 aliquo
861 4313 1053 4386 perturbare,
1085 4313 1110 4369 si
1133 4312 1251 4383 regiam
1276 4311 1408 4368 voluerit
1432 4311 1508 4367 effu-

246 4430 318 4488 gere
342 4417 505 4474 ulcionem.
529 4416 563 4473 In
586 4417 672 4475 cuius
696 4418 740 4475 rei
764 4420 948 4476 memoriam
976 4425 1006 4476 et
1029 4423 1213 4492 perpetuam
1237 4417 1415 4474 firmitatem
1440 4433 1509 4489 pre-

247 4525 348 4578 sentes
364 4514 445 4599 (con)
453 4522 601 4580 cessimus
615 4522 733 4580 litteras
749 4523 907 4599 dupplicis
924 4526 1020 4598 sigilli
1035 4525 1132 4582 nostri
1149 4523 1319 4580 munimine
1340 4522 1508 4580 roboratas.

247 4625 363 4684 Datum
387 4642 444 4700 per
465 4643 576 4685 manus
598 4630 785 4688 venerabilis
808 4631 905 4704 patris
928 4631 1055 4701 Thome,
1086 4629 1136 4687 dei
1159 4630 1262 4702 gracia
1285 4628 1422 4702 episcopi
1447 4644 1509 4685 wa·

248 4731 366 4805 ciensis,
389 4732 460 4791 aule
489 4741 593 4793 nostre
624 4734 808 4807 cancellarii,
840 4735 944 4795 dilecti
973 4742 1003 4794 et
1024 4735 1127 4794 fidelis
1149 4734 1254 4793 nostri.
1279 4734 1367 4791 Anno
1392 4735 1510 4792 domini
