3488 5242
650 338 722 396 Dec.
747 353 815 414 ηρ.
842 373 878 381 -
904 340 959 397 An.
984 354 1071 416 1322.
1440 357 1496 401 101

611 445 653 450 -
663 445 735 451 .--.-.
746 444 821 451 -.-..
831 446 859 451 -.
871 446 904 452 -

234 552 269 593 ac
292 537 428 594 universi
451 538 533 595 cives
557 536 595 594 de
618 543 722 594 monte
754 536 863 596 Grech.
894 538 1111 610 Significamus
1142 539 1287 596 omnibus
1312 540 1426 613 quibus
1450 556 1502 597 ex-

234 641 319 715 pedit
335 657 392 715 per
408 649 579 716 presentes:
593 643 677 716 quod
688 644 843 725 Johannes
859 649 889 701 et
908 643 1021 714 Petrus,
1034 643 1093 701 filii
1107 643 1204 714 Marii,
1221 642 1295 701 dicti
1315 639 1502 722 Osl(0)pech,

235 748 375 804 concives
396 749 501 817 nostri,
525 763 631 806 coram
653 749 743 807 nobis
766 750 930 819 constituti,
947 748 1172 807 dimidietatem
1188 750 1279 807 unius
1296 749 1404 820 insule,
1420 750 1502 808 Mor·

235 859 325 909 tunus
348 853 443 924 sciget
466 860 649 927 nuncupate,
677 869 695 910 a
719 862 805 926 parte
828 854 974 924 inferiori,
1009 870 1026 912 a
1050 854 1186 912 Cumiko
1209 856 1354 913 similiter
1377 857 1503 913 concive

235 963 339 1015 nostro
363 965 584 1031 comparatam,
608 967 638 1016 et
661 968 758 1017 terras
782 977 852 1018 suas
874 961 1033 1018 universas
1049 962 1128 1019 inter
1144 959 1259 1017 Zauam
1283 966 1313 1018 et
1335 960 1502 1019 Zauicham

234 1065 408 1133 existentes,
431 1065 483 1121 vel
508 1065 585 1122 alias
610 1070 706 1122 terras
730 1067 879 1140 ipsorum,
911 1081 988 1139 quas
1019 1066 1110 1124 titulo
1141 1067 1311 1139 empcionis
1334 1067 1449 1125 habere
1472 1073 1503 1126 et

236 1169 395 1243 possidere
418 1170 650 1242 dignoscuntur,
674 1173 846 1230 astantibus
869 1172 945 1244 ipsis
968 1171 1093 1230 domina
1124 1172 1246 1243 Katrea,
1271 1178 1370 1230 matre
1392 1189 1503 1231 eorum

234 1284 264 1332 et
286 1274 412 1332 domina
435 1277 616 1348 margareta,
640 1285 780 1335 consorte
804 1278 918 1335 Mathie
941 1277 1023 1348 ruffi,
1058 1293 1164 1335 sorore
1194 1293 1302 1335 eorum
1325 1284 1354 1336 et
1378 1294 1503 1337 consen·

236 1396 306 1438 sum
330 1382 531 1454 prebentibus
554 1383 584 1439 in
608 1382 666 1440 hac
688 1387 777 1456 parte
800 1384 917 1456 pariter
939 1389 969 1441 et
992 1399 1167 1455 assensum;
1197 1386 1330 1459 receptis
1357 1400 1375 1442 a
1398 1392 1502 1444 nostra

235 1488 456 1545 communitate
479 1488 623 1546 undecim
646 1490 758 1547 marcis
789 1489 987 1547 denariorum
1018 1491 1172 1548 bonorum
1203 1490 1373 1562 banalium,
1396 1490 1502 1549 vendi·

236 1592 355 1663 derunt,
388 1593 580 1652 tradiderunt
611 1601 640 1653 et
671 1596 866 1668 assignarunt
896 1595 985 1653 nobis
1016 1602 1046 1653 et
1076 1597 1189 1654 nostris
1216 1596 1391 1667 heredibus,
1415 1597 1501 1655 here

235 1698 371 1771 dumque
395 1710 571 1758 nostrorum
593 1702 821 1759 successoribus
836 1702 903 1759 iure
919 1707 1070 1775 perpetuo
1085 1701 1296 1775 possidendas,
1312 1704 1457 1761 tenendas
1473 1709 1503 1762 et

235 1804 400 1875 habendas,
424 1805 526 1863 dando
560 1807 648 1864 nobis
675 1813 705 1863 et
735 1808 848 1865 nostris
877 1808 1106 1865 successoribus
1140 1806 1179 1864 de
1209 1807 1356 1881 predictis
1388 1808 1503 1868 medie·

235 1916 296 1967 tate
308 1912 407 1968 insule
424 1917 454 1968 et
470 1914 559 1970 terris
574 1914 717 1986 superius
733 1914 906 1983 nominatis,
924 1912 1054 1982 tenendi,
1071 1911 1225 1971 vendendi
1237 1914 1286 1970 vel
1301 1915 1503 1988 quitcumque

236 2015 365 2074 faciendi
389 2016 426 2073 ad
457 2024 559 2076 nostre
583 2019 751 2076 voluntatis
774 2019 908 2089 libitum,
937 2019 1072 2077 liberam
1095 2024 1124 2076 et
1147 2034 1288 2078 securam
1311 2019 1500 2093 facultatem,

235 2123 318 2180 iuxta
344 2123 519 2180 libertatem
544 2124 620 2181 ville
643 2130 745 2182 nostre
775 2125 990 2199 approbatam.
1027 2125 1062 2183 In
1092 2125 1178 2184 cuius
1211 2126 1257 2184 rei
1286 2126 1502 2185 certitudinem

236 2235 481 2302 perpetuamque
503 2230 683 2288 firmitatem
716 2238 873 2305 presentes
906 2232 1093 2289 contulimus
1116 2232 1212 2306 sigilli
1235 2237 1340 2291 nostre
1364 2248 1502 2291 commu·

235 2335 337 2391 nitatis
360 2336 530 2393 munimine
553 2337 721 2394 roboratas.
752 2337 868 2395 Datum
891 2337 922 2395 in
950 2337 1067 2395 octavis
1095 2337 1259 2395 beatorum
1286 2338 1503 2412 apostolorum

236 2440 373 2514 Philippi
397 2449 426 2498 et
448 2442 564 2523 Jacobi.
589 2444 678 2500 Anno
702 2443 819 2501 domini
843 2444 1012 2501 millesimo
1035 2443 1172 2502 CCCXX
1194 2444 1336 2503 secundo.

324 2557 464 2623 Originale
485 2559 510 2608 in
530 2560 687 2609 membrana.
707 2561 778 2610 Zona
796 2561 896 2611 sericea
917 2561 1004 2611 crocei
1024 2562 1122 2612 coloris
1141 2565 1273 2628 appendet
1289 2563 1389 2627 absque
1402 2562 1501 2629 sigillo.

236 2647 266 2697 In
286 2648 356 2697 arch.
377 2648 423 2697 lib.
444 2663 498 2712 reg.
519 2648 567 2698 civ.
590 2648 694 2714 zagrab.

830 2827 909 2892 119.

342 2970 419 3016 Anno
442 2977 515 3025 1322,
536 2969 576 3017 28.
597 2966 666 3016 maii.
687 2966 824 3016 Aninione.

236 3077 287 3132 fir.
313 3078 473 3150 Augustino
502 3078 581 3148 episc.
605 3077 721 3147 zogrob.
744 3084 844 3133 contro
871 3077 1017 3134 invasores
1040 3085 1069 3135 et
1088 3078 1241 3135 detentores
1264 3079 1399 3135 bonorum
1421 3080 1502 3136 eccle·

434 3184 611 3238 senste'cornm
635 3190 845 3239 conservatores
867 3202 886 3238 a
908 3183 1056 3256 Ponle'fite,
1077 3183 1305 3240 denominantur.

324 3311 479 3392 Johannes
510 3310 674 3382 episcopus
701 3324 809 3365 servus
832 3324 996 3366 servorum
1019 3308 1076 3366 dei.
1107 3308 1286 3367 Venerabili
1314 3308 1403 3367 fratri
1437 3310 1501 3384 epi·

237 3431 331 3488 scopo
348 3414 667 3488 Quinqueecclesiensi
683 3422 713 3471 et
735 3414 855 3472 dilectis
883 3414 956 3472 filiis
980 3459 986 3472 .
1010 3461 1016 3472 .
1040 3461 1045 3471 .
1072 3415 1230 3488 preposito
1253 3431 1288 3471 ac
1311 3415 1445 3496 Johanni
1463 3414 1501 3472 de

239 3522 331 3577 Reate
362 3522 507 3578 canonico
538 3521 665 3578 ecclesie
702 3521 917 3593 zagabriensis,
950 3520 1082 3578 salutem
1113 3528 1142 3577 et
1173 3520 1377 3593 apostolicam
1411 3521 1502 3578 bene·

237 3626 410 3684 dictionem.
445 3627 524 3683 (fum
557 3628 757 3684 ecclesiarum
782 3627 895 3699 prelati
918 3626 956 3682 ad
980 3625 1086 3683 sedem
1109 3626 1314 3699 apostolicam
1337 3626 1501 3697 venientes,

238 3741 267 3790 et
290 3733 329 3790 de
352 3733 497 3790 mandato
531 3739 636 3790 nostro
668 3732 752 3806 apud
780 3733 884 3790 sedem
909 3733 1110 3790 immorantes
1133 3731 1271 3801 eandem,
1296 3731 1327 3788 in
1350 3728 1502 3789 fructibus

238 3849 267 3897 et
291 3840 465 3897 redditibus
489 3841 526 3897 ad
552 3855 692 3897 mensam
716 3854 824 3897 eorum
847 3839 1065 3912 episcopalem,
1100 3843 1132 3895 et
1153 3836 1194 3895 ad
1217 3853 1269 3894 eos
1290 3837 1368 3894 alias
1391 3837 1502 3909 quovis

238 3947 318 4003 insto
342 3946 436 4003 modo
459 3948 670 4020 spectantibus
694 3944 856 4019 dispendia
878 3946 1043 4019 patiantur,
1060 3945 1194 4003 libenter
1209 3945 1252 4001 eis
1268 3943 1307 4001 ad
1324 3942 1502 4001 huiusmodi

239 4053 431 4125 precavenda
464 4052 626 4126 dispendia
657 4051 773 4109 favoris
804 4051 966 4125 apostolici
995 4050 1167 4124 presidium
1192 4049 1397 4122 impertimur.
1420 4047 1502 4120 Que-

239 4158 336 4215 relam
353 4159 507 4230 siquidem
525 4158 712 4215 venerabilis
729 4156 833 4214 fratris
849 4157 945 4214 nostri
962 4156 1126 4228 Augustini
1142 4155 1281 4229 episcopi
1295 4154 1502 4226 zagabriensis

239 4266 411 4337 recepimus
435 4265 650 4333 continentem,
674 4280 739 4321 esse
762 4262 914 4320 nonnulos
938 4261 976 4319 de
999 4262 1123 4320 civitate
1138 4268 1169 4319 et
1183 4260 1298 4319 diocesi
1312 4261 1503 4332 zagabriensi

239 4379 268 4428 et
289 4372 430 4444 partibus
462 4371 533 4440 illis,
565 4371 617 4442 qui
650 4378 719 4443 post
749 4385 903 4427 recessum
940 4367 1078 4426 eiusdem
1101 4368 1239 4443 episcopi
1270 4366 1502 4439 azagabriensi

239 4478 366 4534 ecclesia
397 4485 428 4533 et
460 4477 599 4549 partibus
632 4476 794 4549 prelibatis
824 4473 864 4532 ad
895 4474 1001 4533 sedem
1030 4474 1183 4531 veniendo
1205 4473 1387 4547 predictam,
1410 4478 1441 4529 et
1463 4471 1502 4529 de

241 4582 385 4639 mandato
416 4588 522 4639 nostro
557 4583 632 4639 inibi
663 4573 894 4652 commorando,
918 4578 1104 4653 respondere
1127 4580 1188 4637 sibi
1208 4578 1246 4636 de
1268 4577 1433 4637 nonnullis·
1448 4591 1502 4650 pe·

240 4690 399 4745 cuniarum
431 4689 570 4758 summis,
601 4690 631 4745 in
656 4688 770 4760 quibus
793 4687 830 4758 ei,
854 4693 918 4745 tam
946 4687 1065 4745 ratione
1088 4686 1247 4745 fructuum
1269 4692 1299 4743 et
1321 4682 1501 4742 reddituum

239 4795 279 4852 ad
303 4810 440 4852 mensam
464 4811 553 4852 suam
584 4793 792 4868 episcopalem
821 4793 1037 4867 spectantium,
1060 4808 1155 4866 quam
1178 4792 1256 4851 alias
1278 4790 1338 4849 sibi
1360 4793 1502 4847 tenentur
