3488 5242
762 345 949 416 Argumenta.
1367 344 1477 405 CXCV

1430 550 1436 592 i
1472 583 1477 593 .

236 626 278 678 28.
297 627 373 676 Anno
395 634 470 682 1252.
491 635 529 674 20.
551 625 617 676 febr.
638 625 750 674 Perusii.
765 623 932 675 Innocentius
942 624 989 675 IV.
1005 624 1084 688 Papa.
1098 623 1237 674 confirmat
1249 550 1429 690 episcopo-¹³3⁸
1437 562 1468 643 n?

300 714 465 779 zagrabiensi
490 714 678 779 possessionem
703 713 820 777 aliquam
845 727 929 779 prope
955 712 1112 777 Zagrabiam
1138 711 1231 778 (hodie
1251 713 1374 764 Medved.

298 803 379 866 ssffld)
399 817 414 851 ὃ
435 817 498 868 rege
519 802 581 851 Bela
599 803 646 852 lv.
667 802 790 851 donatam
810 826 976 840 ..........
991 831 993 835 ,
1005 826 1370 842 ,,,,,,,,,,,,,,,,,,,,,
1448 813 1482 862 24

239 920 278 973 29.
300 911 376 959 Anno
398 917 472 966 1252.
493 919 534 968 24.
548 909 651 973 aprilis.
665 908 794 961 Suburbii
807 907 923 958 civitatis
938 906 1094 958 Greeheosis
1109 921 1193 966 „nova
1205 906 1287 957 villa“
1302 907 1376 967 dieti,

301 996 429 1047 memoria
444 1022 858 1036 ·······················
871 1036 876 1046 .
889 1021 1001 1034 ·······
1014 1031 1019 1042 .
1031 1020 1374 1036 ····················
1450 1003 1482 1053 25

238 1111 281 1163 30.
301 1104 377 1151 Anno
398 1111 475 1162 1254.
497 1104 537 1151 18.
557 1100 632 1164 Julii.
653 1101 780 1166 Anagnie.
800 1101 968 1151 innocentius
977 1101 1025 1151 1v.
1036 1102 1117 1166 Papa,
1130 1099 1258 1159 concedit,
1269 1106 1299 1151 ut
1309 1099 1376 1151 festo

300 1207 321 1242 s.
340 1190 466 1256 Stephani
486 1191 557 1253 regis
578 1191 605 1241 in
625 1191 735 1241 ecclesia
754 1190 903 1241 cathedrali
914 1191 1020 1255 zagrab.
1035 1189 1216 1256 indulgentiae
1229 1189 1308 1240 unius
1317 1190 1378 1240 anni

303 1284 329 1328 et
347 1290 389 1339 40.
410 1278 513 1329 dierum
533 1281 737 1344 promulgentur
748 1304 1375 1319 ····································

241 1376 282 1426 31.
302 1371 378 1417 Anno
400 1370 475 1425 1256.
496 1378 537 1417 21.
557 1369 656 1418 martii.
676 1369 755 1433 Apud
775 1369 871 1418 Albam
890 1368 998 1418 curiam.
1020 1368 1082 1417 Belo
1101 1367 1148 1418 lV.
1162 1367 1378 1433 Hungariaeetc.

300 1472 348 1506 rex
376 1457 496 1506 concedit
522 1457 624 1508 civibus
652 1457 684 1506 de
713 1462 800 1507 moute
828 1457 916 1507 Grech
943 1456 1072 1507 nundinas
1096 1456 1140 1505 die
1168 1455 1273 1506 festos.
1293 1456 1379 1508 Marci

303 1546 481 1611 evangelistae
498 1571 1375 1586 ··················································

241 1641 281 1692 32.
302 1635 378 1682 Anno
399 1642 473 1691 1257.
495 1643 537 1692 30.
558 1633 656 1684 martii.
678 1634 778 1689 Petrus.
797 1633 998 1684 archidiaconus
1022 1633 1190 1692 cathedralis,
1209 1633 1379 1699 permittente

302 1736 364 1787 rege
390 1722 453 1771 Bela
477 1721 533 1779 tv„
553 1723 685 1772 monachis
705 1723 763 1772 ord.
786 1721 974 1788 Cysterciensis
993 1722 1019 1773 in
1040 1722 1125 1772 insula
1144 1722 1243 1788 Egidii,
1263 1721 1309 1772 nbi
1328 1736 1379 1787 pro

302 1810 357 1859 illis
375 1810 561 1861 aedificaverat
587 1814 648 1860 ecel.
668 1813 694 1860 h.
718 1829 741 1862 v.
766 1811 877 1869 Mariae,
896 1811 999 1874 aliquas
1017 1811 1193 1878 possessiones
1210 1820 1236 1861 et
1255 1811 1307 1861 tria
1325 1826 1379 1860 nro·

303 1900 409 1950 lendina
427 1901 572 1966 Zagrabiae
591 1902 648 1957 sita,
669 1903 757 1951 donat.
766 1925 1377 1941 ···································
1408 1956 1411 1965 ¹

243 1997 285 2047 33.
306 1991 381 2038 Anno
404 1997 478 2045 1257.
500 1990 649 2038 Alexander
669 1988 716 2040 lv.
738 1991 808 2055 Papa
827 1990 955 2049 coneedit,
983 1995 1013 2039 ut
1036 1989 1103 2040 festo
1122 2006 1142 2041 s.
1163 1988 1290 2056 Stephani
1308 1987 1379 2055 regis

304 2076 330 2127 in
349 2078 459 2127 ecclesia
479 2078 624 2127 cathedrali
643 2078 816 2144 zagrabiensi
838 2078 1019 2143 indulgentiae
1029 2079 1107 2129 unius
1120 2078 1182 2128 anni
1195 2087 1221 2127 et
1231 2089 1268 2139 40
1277 2077 1381 2128 dierum

304 2167 700 2232 promulgentur··········-

244 2263 286 2315 34.
305 2257 381 2304 Anno
404 2262 478 2312 1257.
499 2256 650 2304 Alexander
669 2255 714 2304 IV.
735 2256 814 2320 Papa,
835 2256 955 2306 concedit
974 2263 1003 2305 ut
1022 2254 1089 2305 testo
1107 2271 1127 2306 s,
1140 2255 1257 2305 Ladislai
1270 2256 1343 2320 regie
1357 2255 1384 2305 in

305 2344 367 2392 eccl.
388 2342 534 2392 cathedrali
554 2342 734 2407 indulgentiae
753 2343 830 2392 unius
848 2343 910 2393 anni
929 2350 954 2392 et
966 2355 1009 2404 40.
1021 2343 1125 2393 dierum
1144 2344 1379 2408 promulgentur··

244 2440 285 2491 35.
306 2434 382 2480 Anno
405 2433 479 2488 1258.
510 2440 551 2485 27.
568 2431 643 2484 maii.
669 2431 795 2482 Viterbii.
825 2433 978 2482 Alexander
1003 2432 1049 2482 lV.
1069 2438 1142 2497 pont.
1162 2446 1230 2484 max.
1259 2431 1383 2498 episeopo

305 2520 469 2583 zagrabieosi
488 2519 623 2585 Philippo,
642 2520 780 2569 eeclesiam
797 2519 977 2569 cathedralem
989 2520 1016 2569 in
1029 2521 1088 2570 loco
1102 2520 1200 2587 aptiori
1214 2519 1384 2570 construendi

306 2608 426 2658 concedit
445 2607 596 2658 facultatem
612 2638 615 2645 ·
628 2635 776 2649 ·········
790 2640 792 2645 ·
806 2635 1380 2649 ································

246 2699 288 2755 36.
308 2701 383 2746 Anno
407 2700 479 2754 1258.
500 2707 524 2754 5.
543 2695 619 2759 Jubi.
641 2697 705 2747 Bela
724 2698 769 2748 lv.
791 2699 945 2762 Hungariae
964 2704 1013 2748 etc.
1032 2713 1089 2756 rex,
1109 2697 1253 2755 constituit,
1271 2704 1299 2747 ut
1313 2697 1384 2748 cives

216 2778 221 2787 ’
244 2794 250 2799 “
307 2787 339 2834 de
358 2793 446 2835 monte
466 2785 560 2843 Grech‚
581 2786 706 2835 ducentas
727 2788 908 2837 tantummodo
932 2801 1026 2852 pensas
1045 2801 1095 2852 pro
1113 2801 1200 2836 annuo
1220 2802 1297 2836 censu
1316 2787 1386 2837 bano

307 2876 418 2924 solvant
441 2874 562 2938 Assignat
576 2889 683 2937 quoque
697 2874 795 2925 eisdem
808 2876 835 2926 io
849 2891 924 2925 usum
938 2883 1035 2925 terram
1049 2877 1174 2941 regalem,
1186 2890 1264 2939 quam
1274 2875 1386 2926 Sviblan

309 2970 401 3014 vocant
415 2989 1382 3005 ·····················································
1459 3005 1472 3016 .

248 3063 289 3112 37.
310 3057 385 3103 Anno
408 3063 482 3115 1259.
503 3063 526 3112 3.
548 3054 649 3119 aprilis,
672 3054 735 3104 Bela
755 3056 801 3106 ll'.
823 3054 977 3120 llungariae
998 3062 1046 3104 ete.
1063 3070 1119 3112 rex,
1139 3054 1166 3103 in
1184 3054 1240 3104 lite.
1259 3069 1338 3116 tinam
1351 3055 1386 3103 ci·

309 3145 376 3194 vitas
395 3143 569 3207 zagrabicnsis
589 3159 648 3192 cum
662 3144 848 3193 archidiacono
863 3144 942 3194 Petro
956 3144 989 3193 de
1002 3144 1105 3194 duobus
1121 3143 1279 3193 molendinis
1293 3144 1388 3207 agebat

311 3240 389 3296 atquc
410 3233 442 3281 ab
456 3234 547 3281 eodem
559 3233 744 3282 archidiacono
755 3233 890 3282 monachis
900 3233 957 3282 ord.
970 3231 1159 3299 Cysterciensis
1169 3232 1281 3290 donatis,
1295 3233 1387 3281 eadem

310 3320 431 3386 predicto
450 3321 609 3370 monasterie
630 3322 764 3370 adiudicat
773 3344 1383 3360 ···································

250 3410 290 3467 38.
310 3411 385 3459 Anno
408 3419 482 3473 1259.
502 3410 564 3459 Bela
584 3410 629 3459 IV.
650 3410 801 3472 ilungariac
820 3418 868 3460 etc.
888 3426 944 3465 rer,
974 3410 1001 3458 io
1020 3409 1075 3466 lite,
1095 3425 1174 3471 (luam
1194 3410 1303 3458 Petinus
1322 3423 1388 3458 mer·

310 3504 384 3548 eator
403 3514 462 3548 cum
490 3499 593 3548 civibus
622 3500 738 3548 civitatis
768 3500 863 3548 m‹mtis
892 3498 1048 3548 Grechensis
1076 3500 1108 3547 de
1136 3504 1208 3549 terra
1236 3496 1388 3546 Ambrosini

311 3588 413 3650 agebat.
434 3589 541 3637 nudem
562 3587 624 3636 visis
644 3588 824 3636 instrumente
841 3588 945 3637 civibus
964 3588 1099 3637 adiudicat
1128 3611 1384 3628 ···············

252 3682 293 3737 39.
314 3678 389 3725 Anno
413 3685 486 3738 1250,
507 3684 530 3733 3.
551 3676 605 3724 dec.
627 3676 762 3739 Anagniae
792 3678 944 3725 Alexander
963 3676 1010 3727 lv.
1031 3677 1102 3740 Papa
1119 3677 1259 3725 confirmat
1272 3675 1390 3724 donatio-

314 3780 371 3812 nem
391 3766 504 3814 duorum
524 3765 736 3814 molendinorum
756 3766 903 3826 Zagrahiae
932 3781 946 3814 a
972 3765 1033 3814 Bela
1058 3765 1105 3815 lv.
1126 3765 1221 3814 factam
1240 3765 1302 3813 eccl.
1321 3764 1345 3812 b.
1366 3779 1390 3812 v.

314 3854 413 3901 blariae
434 3855 491 3902 ord,
513 3853 735 3919 cisterciensium
791 3877 1387 3891 ·······························

251 3953 293 4001 40.
313 3944 387 3990 ‚tnno
410 3943 484 3990 1261.
506 3942 590 3990 blaria
615 3942 705 4006 regina
733 3942 886 4004 ilungariac
915 3941 1019 3990 ciuibus
1047 3941 1242 3990 Grechensibus
1272 3939 1391 3987 debitum

313 4030 484 4079 ducentarum
504 4045 650 4093 pensarum.
672 4045 736 4092 qllns
755 4031 822 4079 bario
835 4032 970 4079 annitatim
984 4033 1087 4079 solvere
1102 4030 1266 4085 tenebantur,
1280 4030 1390 4082 relaxat.

275 4123 276 4128 ’
313 4133 416 4180 unaque
436 4120 556 4166 concedit
579 4120 641 4182 ipsis
662 4120 702 4167 ius
720 4119 870 4167 conserendi
892 4120 1048 4168 beneficium
1070 4118 1221 4182 parochiale
1238 4143 1385 4155 ········
1464 4123 1494 4172 31

252 4215 294 4264 41.
314 4209 389 4255 rinno
412 4209 484 4255 1261.
506 4209 655 4256 Alexander
676 4209 721 4258 lV.
744 4209 812 4272 l'opa
842 4209 968 4257 coneedit.
997 4214 1026 4257 ut
1047 4206 1113 4256 festo
1133 4223 1152 4256 s.
1174 4205 1294 4255 ladislai
1312 4204 1391 4269 regiS,

316 4310 344 4343 ac
364 4294 433 4344 infra
453 4296 588 4345 octiduum
608 4297 634 4345 in
654 4299 716 4345 ecel,
737 4297 884 4346 cathedrali
914 4297 1094 4360 indulgentiae
1123 4295 1199 4344 unius
1228 4295 1289 4344 anni
1315 4300 1340 4342 et
1359 4304 1395 4353 40

314 4384 416 4434 dierum
437 4386 640 4448 promulgentur
648 4401 1385 4423 ··········································
1465 4390 1497 4439 32

254 4481 295 4530 42.
316 4473 363 4520 An.
387 4473 462 4537 1263,
483 4483 521 4520 22.
542 4475 681 4537 septembr.
704 4475 781 4538 Apud
802 4475 902 4525 Urbem
923 4482 1046 4524 veterem.
1067 4472 1223 4523 Timotheus
1235 4474 1268 4521 ab
1284 4473 1393 4523 Urbano
1486 4475 1489 4479 '

316 4560 362 4609 lv.
384 4562 411 4609 P.
426 4563 524 4610 electus
539 4562 694 4626 praelieitur
715 4563 740 4612 in
755 4564 907 4628 episcopum
921 4563 1125 4628 zagrabiensem.
1147 4562 1255 4612 Civitati
1272 4570 1298 4610 et
1313 4561 1393 4611 clero.

252 4656 256 4667 ⁴
315 4650 714 4707 uicinam-devoteobediant,
738 4654 935 4701 commendatur
948 4676 1397 4689 ··························
1461 4655 1494 4703 33

255 4718 297 4795 Ι43.
316 4741 392 4787 Anno
414 4740 488 4799 1264.
514 4741 672 4804 t.januarii1
695 4742 772 4805 Apud
793 4742 894 4793 Urbem
914 4733 1036 4791 veterem.
1057 4740 1169 4790 Eventio
1183 4739 1341 4804 presbytero
1354 4751 1394 4785 ca·
1423 4738 1430 4753 '

316 4826 453 4878 nonlcatus
472 4829 649 4894 zagrabiensis
668 4835 694 4878 et
713 4830 864 4895 praebenda
884 4824 1051 4880 comestura
1063 4850 1391 4868 ...................
1417 4828 1419 4833 ’
1469 4831 1502 4881 34

1379 4919 1393 4945 θ
