3488 5242
235 287 296 360 326
665 285 738 342 Doc.
756 295 830 360 352.
859 317 894 326 -
921 285 977 341 An.
1001 296 1090 360 1391.

241 487 332 538 tanea
355 485 459 538 nostra
482 481 659 553 obligamus
682 482 850 538 voluntate.
874 482 989 538 Datum
1014 481 1183 553 Zagrabiae
1208 479 1353 554 predicta,
1378 479 1427 536 die
1450 479 1509 536 Ve.

236 587 330 657 neris,
354 587 488 659 septima
510 585 655 643 videlicet
679 588 822 645 octobris.
847 588 936 644 Anno
959 587 1076 644 domini
1100 587 1270 645 millesimo
1295 587 1509 645 tercentesimo

245 692 445 765 nonagesimo
468 691 578 765 primo.

335 827 356 877 E
375 826 491 892 simplici
511 832 683 892 transumpto,
702 841 760 876 saec
779 825 853 876 XVI.
880 826 910 877 In
935 825 1034 878 archiv.
1058 826 1212 892 archiepisc.
1238 827 1342 891 zagrab.
1362 825 1509 878 Decimalia

246 915 305 966 fasc.
325 915 345 966 1.
365 931 403 966 nr.
423 916 447 966 8,

835 1110 919 1176 352.

348 1254 424 1302 Anno
445 1261 520 1315 1391,
540 1252 564 1303 8.
584 1250 742 1302 novembris.
760 1249 913 1316 Zagrabiae.

244 1382 379 1438 Mithres
401 1382 584 1454 praepositus
611 1381 791 1449 chasamisis,
825 1380 981 1453 capitulum
1013 1379 1304 1452 qm'nqucccclestensc,
1331 1386 1391 1451 pro
1424 1382 1510 1436 susci·

237 1486 342 1560 pianda
371 1488 531 1543 taruntcnto
553 1505 573 1542 a
595 1487 720 1560 capitulo
749 1485 865 1559 repub.
897 1485 927 1541 in
958 1502 1056 1551 causa,
1086 1502 1172 1557 quam
1205 1483 1276 1539 idem
1299 1501 1361 1539 cum
1384 1485 1510 1557 episcopo

455 1592 597 1669 johanne
619 1591 729 1663 agebat,
758 1599 792 1648 ut
811 1591 1000 1648 ctttrttissarios
1021 1590 1158 1647 cnrittcrel
1181 1597 1290 1647 exorat.

326 1752 570 1810 Honorabilibus
593 1758 623 1808 et
646 1747 798 1830 discre(tis
828 1753 912 1823 viriS,
944 1744 1089 1828 domin)is
1112 1751 1249 1824 capitulo
1273 1751 1507 1823 quinqueeccle·

241 1860 341 1925 siensi,
365 1858 499 1915 dominis
522 1858 552 1915 in
576 1857 699 1915 Christo
724 1858 919 1928 honorandis,
944 1857 1075 1914 Mathias
1099 1858 1275 1931 prepositus
1296 1857 1423 1914 ecclesie
1439 1859 1509 1915 cha·

240 1965 378 2034 smensis‚
411 1964 528 2021 arbiter
558 1970 588 2020 et
620 1964 794 2021 amicabilis
825 1964 1015 2037 compositor
1047 1965 1125 2021 inter
1160 1970 1263 2037 partes
1298 1962 1511 2037 infrascriptas

239 2078 308 2144 post
332 2070 464 2127 salutem
496 2069 526 2126 in
560 2069 687 2126 domino
720 2069 860 2127 animum
883 2068 923 2126 ad
946 2075 1034 2140 grata
1058 2077 1210 2142 paratum.
1235 2069 1402 2139 Noveritis,
1426 2068 1510 2141 quod

240 2176 314 2250 quia
336 2177 415 2233 inter
446 2174 650 2232 reverendum
675 2176 705 2232 in
729 2174 852 2232 Christo
876 2181 998 2248 patrem
1022 2182 1050 2231 et
1076 2174 1246 2245 dominum,
1273 2174 1436 2233 dominum
1458 2175 1510 2257 Jo-

242 2284 374 2341 hannem
408 2281 459 2339 dei
489 2275 531 2358 (et
562 2282 732 2353 apostolice
763 2280 844 2338 sedis
872 2273 987 2357 gracia)
1011 2282 1192 2355 episcopum
1216 2281 1447 2354 zagrabiensem
1472 2298 1509 2338 ex

240 2404 301 2445 una
324 2393 413 2461 parte
436 2395 466 2444 et
489 2386 684 2444 venerabiles
707 2387 800 2456 viros,
825 2386 976 2457 dominos
1000 2386 1178 2443 Ladislaum
1199 2387 1402 2460 prepositum,
1420 2385 1510 2444 Nico-

239 2494 325 2550 laum
356 2499 514 2550 cantorem
537 2498 567 2549 et
589 2491 776 2565 Gregorium
809 2491 1060 2549 archidiaconum
1093 2492 1293 2549 dubicensem
1330 2498 1510 2565 ceterosque

240 2598 472 2657 archidiaconos
495 2605 525 2655 et
548 2599 710 2656 canonicos
734 2597 941 2672 prebendatos
964 2600 1172 2671 zagrabiensis
1189 2599 1317 2656 ecclesie
1333 2599 1511 2672 supradicte

241 2711 399 2778 presentes
423 2711 453 2760 et
476 2702 649 2777 capitulum
682 2704 809 2776 plenum
845 2703 996 2772 iacientes,
1029 2720 1145 2761 necnon
1177 2704 1255 2761 alios
1279 2704 1511 2762 archidiaconos

241 2815 270 2867 et
296 2809 457 2866 canonicos
489 2808 626 2865 eiusdem
657 2809 787 2866 ecclesie
816 2807 958 2866 absentes
989 2816 1149 2882 tamquam
1180 2817 1337 2883 presentes
1368 2827 1406 2867 ex
1437 2804 1512 2886 al(ia

243 2920 332 2989 parte
355 2907 405 2992 de)
429 2923 457 2972 et
481 2931 575 2987 super
605 2914 737 2972 diversis
769 2915 847 2973 inter
877 2923 978 2973 cetera
1008 2916 1153 2973 videlicet
1181 2916 1310 2973 decimis
1333 2915 1371 2971 de
1395 2914 1511 2972 Dauid·

244 3021 345 3091 dolch,
370 3023 455 3079 iuxta
487 3022 692 3078 continencias
723 3028 908 3080 statutorum
932 3023 1012 3080 dicte
1036 3024 1163 3080 ecclesie
1186 3039 1221 3079 ac
1245 3023 1343 3080 eciam
1376 3028 1458 3079 recta
1481 3028 1510 3079 et

242 3128 345 3200 equali
370 3126 532 3183 medietate
565 3125 755 3183 decimarum
789 3127 827 3184 de
851 3129 947 3185 vineis
975 3129 1120 3185 territorii
1144 3129 1205 3185 vici
1231 3129 1410 3184 Latinorum
1436 3129 1510 3201 ipsis

246 3233 380 3289 dominis
409 3232 561 3288 canonicis
593 3244 622 3287 et
654 3232 790 3305 capitulo
821 3249 856 3290 ac
888 3236 1052 3306 quartariis
1083 3235 1248 3307 provenire
1272 3233 1457 3290 debentibus
1480 3241 1509 3290 et

243 3338 400 3395 nonnullis
424 3338 542 3410 campis
566 3345 596 3393 ct
621 3339 710 3394 terris
732 3340 904 3397 arabilibus
938 3340 1079 3411 Bahanya
1104 3341 1189 3413 polla
1213 3347 1242 3397 et
1266 3339 1378 3413 Ztruga
1402 3339 1509 3412 appel·

174 3447 176 3450 ’
242 3444 322 3514 latis,
346 3459 431 3516 quaS,
465 3459 543 3515 quos
566 3451 596 3500 et
619 3460 678 3515 que
703 3444 815 3517 prefati
847 3445 965 3504 domini
989 3447 1026 3503 de
1051 3447 1133 3504 dicto
1157 3447 1293 3520 capitulo
1319 3446 1509 3517 zagrabiensi

243 3550 302 3606 sibi
327 3555 357 3606 et
380 3550 519 3622 ipsorum
549 3564 652 3606 mense
684 3550 847 3622 capitulari
878 3553 918 3608 ab
946 3554 1072 3625 antiquo
1096 3553 1278 3625 pertinuisse
1302 3558 1332 3608 et
1355 3552 1509 3625 pertinere

243 3655 356 3712 debere
377 3654 521 3711 dicebant
544 3663 573 3711 et
597 3655 761 3726 allegando
785 3659 962 3714 asserebant
985 3667 1015 3714 et
1037 3659 1076 3716 ad
1095 3674 1203 3715 manus
1224 3658 1422 3715 dominorum
1441 3675 1509 3731 pre·

245 3762 411 3817 missorum
442 3768 584 3832 porrecta
617 3762 818 3818 instrumenta
849 3762 1102 3821 demonstrabant
1133 3765 1174 3820 ita
1202 3763 1267 3820 lore
1291 3780 1326 3820 ac
1350 3764 1447 3819 eciam
1471 3763 1509 3820 de

243 3873 273 3923 et
296 3882 389 3939 super
413 3870 565 3922 certarum
591 3868 824 3938 sentenciarum,
845 3871 981 3926 censuris
998 3886 1033 3926 ac
1049 3870 1340 3926 denunciacionibus
1356 3877 1384 3925 et
1400 3883 1509 3940 aggra-

243 3972 425 4029 vacionibus
456 3987 572 4028 necnon
605 3973 792 4045 quibusdam
824 3976 1097 4033 constitucionibus
1126 3977 1156 4031 in
1179 3976 1242 4030 suis
1266 3975 1360 4031 sacris
1384 3974 1510 4044 synodis

244 4094 300 4152 per
322 4078 426 4151 ipsum
450 4077 609 4136 dominum
634 4080 817 4152 episcopum
840 4088 947 4137 contra
971 4080 1108 4153 prelatos
1132 4081 1282 4148 dominos
1306 4086 1337 4136 ut
1358 4079 1509 4149 dicebant,

243 4183 332 4241 editis
355 4190 385 4240 et
406 4185 612 4256 promulgatis
635 4192 665 4242 et
687 4185 867 4242 earumdem
891 4194 1032 4259 pretextu
1065 4196 1094 4243 et
1117 4187 1290 4253 occasione;
1322 4202 1338 4242 e
1361 4200 1509 4242 converso

245 4304 318 4345 vcro
342 4288 380 4345 de
403 4296 432 4345 et
456 4305 550 4362 super
572 4291 730 4363 aliquibus
754 4292 980 4348 obiectionibus
1004 4308 1080 4364 quas
1103 4294 1170 4365 ipse
1187 4291 1330 4348 dominus
1346 4291 1509 4363 episcopus

244 4396 274 4451 in
297 4395 436 4451 animum
471 4403 694 4467 provocaverat
726 4397 809 4468 ipsos
840 4397 981 4453 dominos
1005 4397 1043 4454 de
1067 4397 1148 4454 dicto
1172 4397 1309 4468 capitulo
1333 4396 1456 4453 nomine
1480 4408 1509 4452 et

245 4501 348 4556 animo
371 4500 431 4557 sibi
455 4501 598 4558 similiter
621 4502 785 4559 iniuriandi
818 4501 883 4559 lore
908 4502 995 4559 iactis
1019 4503 1227 4559 contraversio
1250 4508 1279 4557 et
1302 4501 1366 4557 litis
1388 4501 1509 4557 occasio

245 4612 277 4662 et
308 4606 437 4662 materia
469 4607 637 4678 questionis
668 4608 746 4665 inter
777 4608 860 4681 ipsas
891 4616 993 4681 partes
1024 4609 1097 4665 satis
1128 4607 1204 4663 dure
1234 4613 1264 4685 et
1291 4608 1402 4663 acriter
1424 4607 1510 4663 omni

246 4708 457 4783 predictorum
488 4713 654 4784 occasione,
685 4729 745 4785 que
769 4714 947 4772 vertebatur
970 4729 1022 4770 seu
1043 4714 1123 4770 verti
1146 4713 1338 4786 sperabatur,
1363 4716 1455 4786 prout
1478 4711 1509 4768 in
