3488 5242
249 321 309 397 246
671 320 746 378 Doc.
770 315 840 394 258.
866 351 902 360 -·
919 317 977 376 An.
1002 327 1087 394 1375.

248 519 409 577 obtubitus
434 519 465 575 in
488 517 591 591 specie
613 517 744 574 exhibiti
766 522 796 573 et
820 515 972 590 producti,
988 516 1068 572 inter
1083 521 1199 572 ceteras
1214 515 1374 573 libertates
1390 531 1512 573 eorum·

246 624 327 694 dem,
351 624 408 680 hac
438 624 581 697 specialis
611 623 714 695 gracie
740 622 947 696 prerogativa,
979 637 1036 694 per
1058 621 1190 678 eundem
1214 620 1375 679 dominum
1406 621 1512 678 Belam

247 745 353 803 regem
389 728 641 803 predecessorem
663 733 804 786 nostrum
827 727 903 800 ipsis
926 726 1014 796 facta,
1045 726 1170 784 eosdem
1202 725 1264 783 fide
1295 726 1513 799 conspeximus

248 835 378 906 oculata,
403 833 518 892 debere
540 833 699 906 gratulari,
726 839 760 890 ut
783 834 809 891 si
833 833 902 905 quis
925 833 962 890 de
987 832 1069 890 dicta
1093 833 1217 891 civitate
1240 839 1344 890 nostra
1367 831 1513 891 Grecensi

248 942 287 999 de
310 941 460 1013 Zagrabia
490 941 555 997 sine
578 939 694 997 herede
717 939 889 1010 decesserit,
922 938 959 996 de
982 940 1076 996 rebus
1099 940 1162 996 suis
1185 938 1356 997 mobilibus
1380 939 1513 996 liberam

248 1047 361 1104 habeat
393 1044 577 1118 disponendi
608 1045 793 1117 cuicumque
821 1045 956 1102 voluerit
988 1043 1183 1114 facultatem;
1210 1060 1260 1101 res
1293 1059 1368 1101 vero
1402 1044 1514 1102 immo·

248 1153 336 1223 biles,
360 1151 478 1221 domos,
504 1152 630 1222 curiam,
651 1151 765 1222 vineas,
793 1156 890 1208 terras
913 1155 944 1207 et
966 1149 1088 1208 edificia
1111 1164 1239 1206 suorum
1262 1150 1437 1207 concivium
1460 1151 1514 1207 ba-

249 1259 314 1316 bito
337 1258 466 1315 consilio
497 1257 587 1314 uxori
617 1272 671 1314 sue
703 1257 753 1313 vel
792 1257 886 1313 alicui
909 1262 1111 1327 cognatorum
1134 1270 1261 1312 suorum
1284 1256 1448 1328 relinquat,
1471 1257 1514 1313 ita

249 1369 360 1435 tamen,
385 1363 469 1436 quod
492 1379 547 1420 nec
570 1379 626 1436 per
649 1363 752 1436 ipsum
777 1378 832 1419 nec
855 1377 912 1436 per
934 1376 1063 1418 uxorem
1088 1378 1142 1418 nec
1158 1378 1214 1435 per
1231 1369 1376 1434 cognatos
1392 1377 1410 1418 a
1426 1362 1514 1419 iuris·

249 1470 386 1528 diccione
417 1469 550 1526 civitatis
582 1469 680 1542 possit
712 1468 847 1525 alienare
870 1484 924 1524 seu
955 1468 1050 1525 eximi
1084 1468 1136 1525 vel
1160 1467 1262 1524 avelli.
1286 1468 1372 1539 Item,
1396 1468 1422 1525 si
1445 1469 1514 1540 quis

250 1577 410 1634 intestatus
434 1574 598 1632 decesserit
623 1580 653 1631 et
675 1590 731 1630 nec
754 1588 893 1646 uxorem,
925 1591 980 1632 nec
1003 1574 1094 1644 filios,
1125 1591 1181 1631 nec
1203 1579 1348 1646 cognatos
1371 1575 1515 1632 habuerit

249 1683 309 1740 due
340 1687 444 1755 partes
470 1696 576 1738 rerum
607 1695 732 1737 suarum
765 1696 822 1754 per
852 1656 937 1739 viros
968 1679 1141 1752 fidedignos
1173 1679 1211 1737 ad
1243 1681 1301 1737 hoc
1325 1680 1363 1737 de
1386 1681 1514 1738 consilio

249 1789 365 1846 civium
388 1787 559 1860 deputatos,
575 1788 768 1860 pauperibus
786 1792 816 1844 et
831 1786 959 1843 ecclesie
975 1786 1113 1843 eiusdem
1131 1786 1264 1844 civitatis
1281 1784 1514 1851 distribuantur,

249 1894 344 1951 tercia
366 1907 440 1950 vero
464 1907 536 1964 pars
562 1891 602 1948 ad
624 1892 790 1950 utilitatem
814 1892 947 1949 civitatis
970 1898 1150 1949 reservetur.
1171 1892 1234 1948 Nos
1252 1893 1355 1964 itaque
1370 1892 1515 1965 inspectis

250 1999 408 2057 tenoribus
431 1996 563 2071 predicti
586 1997 753 2071 privilegii,
787 1996 870 2054 idem
892 1997 1094 2070 privilegium
1117 2003 1221 2055 ratum
1244 1998 1392 2054 habentes
1415 2003 1445 2054 et
1467 2013 1515 2053 ac·

250 2112 383 2180 ceptum,
408 2103 506 2161 dictos
537 2103 647 2161 fideles
679 2105 761 2161 cives
784 2109 905 2161 nostros
928 2103 1094 2161 Grecenses
1118 2103 1156 2160 de
1179 2104 1331 2176 Zagrabia
1353 2104 1383 2161 in
1407 2119 1516 2161 eorum

250 2211 371 2270 iuribus
402 2216 431 2267 et
461 2211 643 2268 libertatum
675 2210 880 2282 prerogativis
911 2209 1116 2282 privilegiatis
1147 2209 1333 2283 supradictis
1365 2210 1453 2266 illese
1487 2215 1517 2266 et

250 2316 379 2391 pacifice
409 2330 593 2373 conservare
624 2315 773 2386 volentes,
804 2314 976 2388 predictam
1003 2314 1204 2372 donacionem
1228 2321 1365 2373 nostram
1389 2314 1428 2372 de
1448 2331 1516 2387 pre·

250 2423 352 2480 missis
376 2422 488 2507 domn,
503 2421 601 2478 vineis
624 2427 654 2478 et
677 2421 767 2478 terris
797 2421 970 2479 arabilibus
1000 2421 1097 2494 ipsius
1128 2421 1260 2479 condam
1287 2422 1399 2491 Paulis,
1422 2420 1517 2478 modo

250 2529 404 2604 premisso
435 2529 511 2602 ipsis
542 2526 666 2584 Andree
696 2526 833 2584 litterato
865 2535 895 2584 et
924 2528 1001 2600 Elye
1032 2544 1088 2600 per
1121 2543 1176 2585 nos
1200 2527 1322 2599 factam,
1350 2527 1516 2584 simulcum

251 2634 340 2692 dictis
362 2635 473 2691 litteris
497 2633 608 2690 nostris
631 2633 733 2706 ipsam
756 2631 958 2690 donacionem
987 2633 1240 2707 exprimentibus,
1264 2632 1372 2706 previa
1395 2633 1517 2690 racione

250 2755 442 2810 revocamus,
468 2753 632 2809 cassamus,
657 2738 863 2810 annullamus,
887 2738 1045 2796 irritamus
1068 2754 1103 2795 ac
1126 2739 1246 2795 viribus
1270 2743 1299 2794 et
1322 2738 1436 2795 virtute
1451 2753 1517 2795 om·

251 2847 323 2904 nino
346 2861 450 2904 carere
475 2844 708 2916 committimus,
731 2845 844 2903 harum
859 2852 1033 2904 nostrarum
1059 2853 1175 2903 secreto
1198 2851 1303 2902 nostro
1327 2845 1432 2916 sigillo
1448 2861 1518 2902 con·

252 2953 443 3025 signatarum
473 2951 649 3008 testimonio
680 2951 854 3008 litterarum
877 2950 1039 3008 mediante.
1070 2951 1185 3007 Datum
1216 2951 1245 3007 in
1275 2950 1462 3022 Wissegrad,
1486 2951 1518 3007 in

253 3059 330 3117 festo
365 3058 449 3115 beati
485 3055 613 3127 Georgii
647 3055 791 3113 martiris.
827 3056 917 3113 Anno
951 3057 1067 3114 domini
1102 3057 1271 3114 millesimo
1305 3056 1518 3113 trecentesimo

252 3164 481 3239 septuagesimo
503 3162 618 3235 quinto.

342 3278 482 3345 Originalc
502 3279 528 3329 in
548 3279 706 3336 membrana,
733 3279 758 3329 in
778 3295 830 3343 qua
849 3281 1005 3346 impressum
1024 3287 1062 3329 cst
1081 3289 1209 3329 secretum
1228 3279 1346 3344 sigillum
1371 3280 1450 3344 regis,
1470 3280 1518 3328 sub

255 3385 309 3433 quo
328 3368 445 3437 „relacio
465 3368 594 3418 baronum
613 3366 761 3432 specialis“.
782 3369 811 3419 ln
830 3369 929 3419 archiv.
951 3370 1031 3419 head.
1051 3369 1145 3419 Sciant.
1166 3369 1235 3419 Slav.
1256 3368 1347 3417 mcrid.

358 3653 434 3702 Anno
459 3659 532 3710 1375.
842 3598 926 3664 258.

295 3760 440 3830 Iniuriae,
463 3781 483 3818 a
505 3765 633 3836 capitulo
656 3763 775 3838 aagmb.
798 3761 906 3818 cibibus
937 3761 1143 3818 Gra-clamitas
1166 3762 1276 3829 illatae,
1299 3763 1472 3836 restruatur.

341 3906 418 3963 Item
442 3907 553 3978 primo,
570 3907 599 3964 in
621 3922 701 3963 anno
724 3906 842 3963 domini
859 3905 1053 3962 MCCCLXX
1071 3906 1187 3976 quint0,
1204 3905 1376 3977 capitulum
1393 3906 1520 3962 ecclesie

254 4012 460 4084 zagrabiensis
484 4011 643 4083 quoddam
666 4012 825 4068 stabulum
850 4011 879 4068 in
896 4011 1048 4067 suburbio
1065 4011 1197 4067 civitatis
1214 4010 1351 4083 predicte
1369 4012 1518 4079 habitum,

254 4125 394 4190 tempore
417 4121 567 4174 nocturno
591 4116 666 4173 dum
687 4122 797 4173 ventus
820 4132 951 4189 magnus
974 4124 1004 4173 et
1027 4116 1187 4173 horribilis
1210 4117 1356 4185 affuisset,
1380 4133 1436 4190 per
1466 4117 1520 4172 ho-

254 4223 352 4279 mines
383 4227 413 4279 et
443 4221 612 4280 familiares
643 4237 715 4280 suos
748 4222 910 4279 incendere
943 4221 1072 4292 fecisset,
1108 4238 1163 4295 per
1193 4237 1287 4293 quam
1315 4223 1520 4279 incensionem

254 4328 351 4400 ipsius
374 4329 497 4399 stabuli,
520 4329 625 4386 vicum
649 4328 908 4386 Theutonicorum
939 4343 1000 4384 sew
1025 4332 1163 4384 sutorum
1189 4328 1285 4400 ipsius
1308 4328 1441 4384 civitatis
1464 4345 1521 4401 per

255 4435 359 4491 omnia
382 4449 578 4492 concremare
602 4434 729 4491 fecisset.
760 4434 828 4491 Hiis
850 4450 911 4492 non
938 4434 1080 4504 contenti,
1116 4433 1224 4490 eodem
1256 4450 1335 4491 anno
1361 4435 1389 4491 in
1413 4435 1521 4506 vigilia

255 4537 325 4595 festi
349 4539 511 4596 beatorum
535 4539 617 4597 Petri
639 4544 669 4596 et
693 4539 780 4596 Pauli
803 4540 1026 4613 apostolorum,
1049 4539 1190 4596 homines
1214 4539 1310 4612 ipsius
1338 4541 1466 4612 capituli
1483 4557 1521 4598 ex

255 4643 472 4702 commissione
495 4643 633 4702 eiusdem
656 4644 794 4719 capituli,
817 4645 873 4702 ubi
897 4645 1018 4716 femine,
1042 4645 1189 4702 mulieres
1212 4652 1241 4701 et
1264 4645 1400 4718 virgines
1424 4647 1522 4704 invia

255 4749 383 4824 publica
405 4765 478 4808 cum
500 4750 656 4808 mercibus
679 4751 820 4824 ipsarum
851 4751 936 4809 clara
958 4751 1027 4809 luce
1049 4750 1279 4825 processissent,
1303 4750 1428 4809 easdem
1451 4766 1520 4825 spo
