3488 5242
248 375 310 434 334
671 358 744 416 Doc.
760 355 838 434 360.
865 392 901 401 —
926 358 983 415 An.
1007 371 1096 434 1592.

246 556 402 629 nyapolya
414 561 443 613 et
458 554 570 628 Struga
583 557 741 630 appellate
753 556 931 630 supradicto
942 558 1084 615 similiter
1096 551 1245 634 (capitulo
1257 565 1287 615 et
1299 549 1415 634 mense)
1429 558 1511 630 capi·

246 662 347 732 tutari,
371 676 431 719 non
456 661 582 719 domino
603 663 750 736 episcopo
766 678 821 719 nec
838 678 942 721 mense
958 664 1136 736 episcopali,
1153 680 1208 720 nec
1225 645 1389 736 quartariis
1408 664 1437 720 in
1455 664 1510 720 ali·

246 783 307 840 qua
331 773 418 840 parte
442 813 447 824 .
472 813 477 824 .
502 813 508 824 .
539 774 633 841 prout
663 767 819 841 prefertur
843 768 901 840 ipsi
925 769 1063 841 capitulo
1085 776 1114 825 et
1137 785 1241 826 mense
1265 769 1405 842 ipsorum
1429 770 1510 842 capi-

246 873 337 931 tulari
369 873 482 930 debent
513 873 667 946 pertinere
700 878 728 930 et
756 874 985 930 successoribus
1009 875 1147 947 ipsorum
1171 890 1206 931 ac
1230 876 1327 931 eciam
1352 875 1510 948 predeces-

244 981 367 1037 soribus
379 979 558 1037 earumdem
572 980 690 1051 absque
703 979 811 1037 fraude
827 981 1045 1052 pertinuissent
1062 980 1145 1037 etde
1162 982 1227 1037 iure
1243 982 1463 1054 pertinuerunt.
1479 981 1509 1037 ln

245 1101 380 1158 quorum
393 1085 533 1142 omnium
546 1097 575 1142 et
588 1085 782 1157 singulorum
804 1086 1021 1155 testimonium,
1044 1093 1199 1159 presentes
1216 1081 1371 1164 (dedimus
1389 1087 1509 1143 litteras

244 1182 375 1266 nostras)
397 1190 558 1263 pendentis
578 1197 607 1247 et
626 1192 771 1248 autentici
790 1191 886 1263 sigilli
915 1192 1010 1248 nostri
1028 1193 1197 1249 munimine
1211 1193 1379 1249 roboratas.
1393 1192 1508 1249 Datum

245 1313 300 1370 per
312 1313 421 1354 manus
434 1297 624 1353 honorabilis
641 1303 671 1353 et
683 1296 806 1354 discreti
819 1297 878 1354 viri
891 1296 1008 1355 domini
1022 1297 1049 1353 N
1052 1298 1140 1354 icolai
1154 1298 1286 1367 lectoris,
1303 1298 1377 1354 socii
1393 1304 1423 1354 et
1439 1312 1509 1354 con·

243 1404 380 1460 canonici
403 1403 498 1460 nostri
531 1403 701 1475 vicariique
727 1403 976 1460 reverendissimi
1001 1403 1030 1459 in
1055 1404 1179 1460 Christo
1204 1404 1301 1476 patris
1325 1410 1355 1460 et
1378 1403 1505 1471 domini,

243 1509 361 1566 domini
394 1509 558 1579 Valentini,
591 1508 697 1565 divina
727 1509 928 1566 miseracione
954 1509 1037 1565 tituli
1061 1516 1163 1566 sancte
1186 1507 1308 1578 Sabine,
1332 1516 1434 1566 sancte
1457 1525 1507 1566 ro-

243 1630 333 1673 mane
350 1616 477 1673 ecclesie
490 1615 652 1688 presbiteri
667 1614 832 1671 cardinalis
848 1621 878 1671 et
894 1614 974 1672 dicte
990 1615 1118 1672 ecclesie
1130 1606 1388 1693 (archiepiscopi),
1405 1614 1508 1671 decre-

243 1727 345 1779 torum
370 1722 512 1792 doctoris,
537 1720 655 1778 domini
679 1727 709 1777 et
730 1720 841 1793 prelati
858 1720 962 1788 nostri,
979 1720 1148 1791 generalis;
1165 1720 1349 1777 duodecimo
1365 1718 1507 1776 kalendis

242 1820 383 1904 (marcii).
415 1829 505 1885 Anno
535 1828 575 1883 ab
607 1826 817 1883 incarnacione
848 1825 965 1882 domini
997 1826 1165 1883 millesimo
1196 1825 1273 1882 CCC
1305 1827 1507 1896 nonagesimo

242 1934 384 1991 secundo.
409 1933 537 1990 Nicolao
560 1937 691 2003 cantore,
715 1932 875 2004 Mychaele
898 1931 1032 2002 custode
1056 1932 1197 1988 Emerico
1212 1931 1395 2001 kathedrali,
1412 1931 1506 1988 Gallo

242 2039 280 2096 de
311 2039 457 2111 Baranya,
489 2038 624 2096 Saluano
655 2038 692 2095 de
718 2039 864 2110 Azmagh,
890 2038 1052 2094 Benedicto
1076 2037 1114 2093 de
1138 2038 1283 2108 Marchia,
1306 2038 1445 2119 Johanne
1469 2036 1507 2093 de

241 2145 326 2217 Regn
351 2192 538 2203 .......
564 2145 602 2202 de
637 2144 790 2215 Walkow‚
829 2145 1052 2202 archidiaconis
1091 2145 1299 2214 existentibus
1335 2146 1505 2217 ceterisque

242 2252 482 2324 quampluribus
513 2251 647 2308 dominis
678 2255 707 2307 et
734 2251 887 2308 canonicis
909 2244 952 2327 (in
972 2243 1113 2326 ecclesia)
1137 2252 1248 2323 iugiter
1272 2251 1331 2307 deo
1354 2251 1506 2308 famulan-

241 2356 326 2413 tibus
349 2364 378 2413 et
402 2356 520 2415 devote.

330 2492 469 2556 originale
490 2492 515 2540 in
535 2492 693 2548 membrana,
720 2493 796 2541 valde
815 2493 939 2546 lacerum,
962 2493 1059 2541 sericea
1079 2509 1142 2542 zona
1163 2493 1238 2541 rubri
1258 2499 1282 2542 et
1302 2491 1378 2541 ssavei
1400 2492 1499 2541 coloris

241 2598 373 2662 appendet
399 2597 498 2659 absque
524 2596 622 2661 sigillo.
648 2596 677 2645 In
701 2596 799 2646 archiv.
820 2597 976 2661 archiepisc.
996 2599 1100 2661 zagrab.
1121 2597 1273 2647 Itccimalia.
1300 2596 1360 2646 fasc.
1381 2597 1400 2646 1.
1422 2614 1460 2646 nr.
1481 2606 1503 2651 ἢ.

827 2864 919 2929 360.

348 3004 424 3052 Auno
448 3012 520 3063 1392,
540 3013 580 3061 30.
601 3003 697 3053 martii.
717 3003 870 3067 Zagrabiae.

239 3130 374 3187 Mothites
389 3133 574 3208 praepositus
597 3133 767 3188 chastrtrnsis
792 3134 912 3205 „electus
928 3133 1031 3188 r'ttdex“
1051 3134 1125 3189 inter
1136 3135 1291 3206 episcopum
1307 3144 1335 3192 cl
1347 3138 1502 3208 capt'tnlma

238 3238 354 3310 zagrab.
378 3239 407 3293 in
424 3256 521 3307 causa,
544 3259 630 3312 qztam
653 3239 779 3312 agebant
796 3239 829 3294 de
844 3240 985 3311 accipiatis
1006 3239 1117 3295 tirannis
1140 3247 1168 3296 et
1189 3241 1335 3312 quibusvis
1350 3245 1503 3313 pussessio-

666 3345 758 3411 m‘bus,
782 3346 827 3400 ius
849 3346 973 3417 capitulo
996 3345 1072 3402 dicia

327 3507 358 3563 ln
383 3505 497 3563 Christi
521 3508 643 3563 nomine
666 3509 793 3579 eiusque
822 3509 930 3565 matris
960 3510 1090 3580 virginis
1122 3510 1264 3581 gloriose.
1297 3513 1404 3567 Amen.
1431 3512 1502 3569 Uni-

239 3614 337 3671 versis
361 3619 390 3669 et
412 3613 542 3683 singulis
566 3619 740 3685 presentem
766 3615 909 3686 paginam
935 3615 1126 3686 inspecturis,
1151 3632 1206 3672 nos
1236 3618 1366 3673 Mathias
1392 3632 1502 3689 prepo-

239 3719 314 3775 situs
349 3735 371 3775 s.
406 3719 533 3791 spiritus
568 3720 755 3776 chasmensis
779 3720 941 3791 collegiate
970 3728 999 3776 et
1024 3723 1187 3778 canonicus
1217 3722 1424 3793 prebendatus
1455 3739 1502 3778 za·

238 3824 409 3896 grabiensis
441 3825 648 3887 ecclesiarum,
682 3826 805 3892 arbiter,
846 3827 1012 3882 arbitrator·
1044 3827 1151 3882 unicus
1175 3835 1204 3884 et
1228 3828 1401 3884 amicabilis
1420 3843 1503 3884 com·

239 3931 357 4003 positor
391 3930 529 4002 parcium
563 3930 828 4003 infrascriptarum
862 3948 918 4003 per
952 3931 1075 3988 easdem
1113 3935 1289 4005 specialiter
1311 3935 1435 3992 electus
1461 3942 1502 3991 te-

238 4051 312 4093 nore
336 4037 528 4108 presencium
554 4035 765 4106 significamus
797 4038 945 4094 memorie
978 4039 1238 4105 commendantes
1268 4039 1348 4111 quod
1383 4041 1501 4096 dudum

237 4122 351 4198 exorta
367 4142 495 4197 materia
519 4142 687 4212 questionis
711 4150 740 4198 et
764 4142 826 4199 litis
859 4144 936 4199 inter
967 4143 1171 4200 reverendum
1204 4151 1324 4217 patrem
1349 4153 1380 4203 et
1404 4147 1502 4204 domi-

237 4263 310 4304 num
335 4249 483 4328 Joannem
509 4247 558 4304 dei
582 4254 612 4304 et
635 4249 804 4320 apostolice
827 4249 906 4305 sedis
929 4250 1031 4320 gracia
1060 4251 1239 4322 episcopum
1269 4252 1499 4323 zagrabiensem

237 4359 266 4409 et
289 4354 488 4410 honorabiles
512 4355 595 4410 viros
618 4353 760 4410 dominos
792 4355 952 4410 canonicos
984 4362 1013 4411 et
1043 4356 1215 4428 capitulum
1247 4358 1373 4413 ecclesie
1397 4372 1501 4426 zagra-

235 4459 351 4515 biensis
375 4474 468 4532 super
491 4460 648 4515 nonnullis
672 4461 809 4516 articulis
834 4459 960 4516 inferius
983 4461 1198 4533 expressandis
1216 4469 1278 4518 tam
1296 4478 1400 4519 coram
1421 4479 1501 4520 sere-

237 4565 362 4621 nissimo
386 4567 525 4638 principe
548 4570 577 4621 et
601 4565 736 4629 domino,
753 4567 880 4623 domino
896 4565 1073 4637 Sigismudo
1089 4567 1138 4625 dei
1155 4569 1257 4639 gracia
1279 4584 1351 4640 rege
1367 4570 1501 4641 Vngarie

236 4670 362 4742 eiusque
385 4671 513 4743 prelatis
537 4678 566 4727 et
590 4672 766 4740 baronibus,
798 4687 913 4729 necnon
940 4674 1152 4746 principaliter
1184 4675 1213 4731 in
1244 4675 1329 4730 curia
1354 4690 1500 4743 romana;

235 4773 360 4832 tandem
383 4775 502 4849 prefate
529 4782 630 4849 partes
660 4777 886 4835 considerantes
917 4777 1040 4836 labores
1071 4780 1261 4852 multiplices
1293 4786 1322 4837 et
1346 4796 1499 4854 expensas
