3488 5242
210 382 214 387 ,
241 320 300 379 188
668 324 740 381 Dec.
764 337 835 399 209.
861 357 898 366 -
924 324 1092 402 An.1347.

239 521 403 579 lentissimi
439 523 595 596 principes
630 523 713 579 clare
751 525 899 581 memorie
933 539 1021 597 reges
1055 525 1214 597 Hungarie
1248 530 1278 582 et
1313 525 1366 582 alii
1394 525 1509 583 Christi

239 628 347 686 fideles
372 628 441 685 ideo
464 643 519 685 nos
543 632 572 684 et
604 636 741 686 nostram
773 630 934 687 ecclesiam
965 630 1096 688 diversis
1128 631 1326 688 libertatibus
1353 637 1383 688 et
1406 631 1508 689 reddi·

239 734 323 791 tibus
348 739 377 790 et
400 734 646 807 possessionibus
670 733 862 805 dotaverunt,
887 743 920 792 ut
936 735 1058 792 racione
1075 736 1186 792 horum
1202 736 1368 808 specialius
1384 752 1509 810 semper

239 846 268 897 et
296 855 354 913 pro
385 854 490 895 eorum
523 839 623 897 salute
653 839 821 897 reddamur
852 840 981 912 obligati
1014 845 1043 896 et
1071 841 1187 897 astricti
1222 841 1336 898 Christi
1371 843 1508 913 graciam

239 947 404 1020 inplorare.
437 945 604 1019 Cupientes
635 948 729 1019 igitur
760 962 817 1021 pro
846 948 938 1009 tantis
973 945 1131 1003 beneficiis
1167 947 1197 1004 in
1231 949 1508 1020 reconpensacione

239 1052 390 1125 condigna
412 1067 583 1122 occurrere,
607 1053 851 1136 deliberavimus
874 1052 998 1110 eosdem
1019 1053 1236 1125 multiplicatis
1252 1053 1507 1111 intercessoribus

240 1159 398 1223 adiuvare,
422 1156 563 1216 faciendo
586 1159 752 1232 participes
784 1160 867 1216 viros
894 1159 1064 1231 religiosos,
1089 1158 1146 1215 deo
1170 1159 1308 1228 devotos,
1333 1159 1363 1215 in
1388 1174 1508 1232 posses-

239 1266 378 1322 sionibus
410 1272 439 1320 et
471 1265 561 1321 bonis
585 1271 688 1321 nostre
712 1265 839 1322 ecclesie
863 1271 893 1322 et
917 1266 1006 1322 nobis
1030 1266 1159 1334 collatis,
1183 1272 1216 1321 ut
1240 1275 1285 1322 est
1308 1265 1435 1335 dictum,
1455 1267 1509 1337 qui

240 1387 299 1428 una
323 1371 486 1428 nobiscum
511 1386 542 1426 se
566 1370 720 1441 obligatos
751 1371 886 1428 senciant
909 1371 940 1428 in
963 1371 1027 1427 suis
1050 1371 1248 1428 oracionibus
1271 1377 1301 1426 et
1324 1371 1394 1428 aliis
1418 1372 1509 1428 meri·

240 1477 326 1534 toriis
350 1477 499 1548 operibus
523 1491 581 1549 pro
605 1475 720 1533 eisdem
745 1483 775 1533 et
795 1491 853 1549 pro
875 1477 973 1533 nobis.
1010 1477 1089 1533 Hinc
1113 1483 1166 1545 est,
1192 1476 1274 1548 quod
1299 1492 1354 1534 nos
1379 1492 1509 1550 perpen-

237 1581 344 1639 dentes
376 1581 581 1654 indigenciam
618 1581 750 1639 fratrum
784 1583 878 1638 sancti
912 1582 998 1639 Pauli
1026 1583 1121 1656 primi
1149 1584 1297 1639 heremite
1321 1582 1359 1639 de
1383 1583 1509 1640 heremo

240 1688 357 1746 ordinis
381 1689 477 1745 sancti
502 1689 665 1760 Augustini
689 1689 719 1745 in
744 1688 873 1745 ccclesia
901 1689 989 1745 beate
1013 1689 1150 1761 virginis,
1183 1689 1212 1745 in
1237 1694 1342 1746 nostro
1366 1688 1507 1747 districtu

239 1795 431 1867 zagrabiensi
455 1794 669 1863 militancium,
694 1794 845 1866 quasdam
869 1802 967 1851 terras
990 1810 1060 1851 cum
1086 1795 1191 1864 vineis,
1216 1795 1404 1864 nemoribus,
1421 1793 1509 1851 silvis

240 1907 270 1957 et
293 1901 362 1957 aliis
386 1901 574 1957 utilitatibus
597 1901 749 1957 universis
772 1900 810 1957 ad
836 1916 891 1957 nos
914 1907 943 1957 et
967 1908 1102 1957 nostram
1121 1900 1423 1957 ecclesiamactenus
1440 1916 1508 1973 per-

237 2007 376 2075 tinentes
410 2005 583 2063 adiacentes
616 2006 856 2078 circumquaque
887 2006 1014 2064 ecclesie
1040 2007 1127 2063 beate
1159 2006 1287 2078 virginis
1324 2005 1509 2079 supradicte,

237 2112 327 2169 metis
360 2111 564 2185 infrascriptis
597 2112 738 2175 inclusas.
762 2112 800 2168 ad
833 2128 923 2169 usum
952 2113 1064 2186 prioris
1088 2120 1117 2168 et
1142 2111 1272 2168 fratrum
1297 2111 1508 2185 predictorum

236 2218 277 2274 oh
301 2217 514 2274 reverenciam
550 2216 599 2274 dei
623 2224 652 2274 et
675 2218 812 2275 eiusdem
839 2193 948 2276 matris
972 2219 1101 2289 virginis
1124 2218 1260 2289 gloriose
1282 2234 1318 2274 ac
1341 2220 1438 2275 tocius
1462 2233 1509 2273 ce·

236 2324 321 2381 lestis
344 2324 429 2380 curie
456 2323 662 2393 concedimus,
687 2323 874 2381 conferimus
898 2332 927 2381 et
950 2325 1102 2381 donamus
1126 2324 1164 2380 de
1187 2324 1291 2397 gracia
1316 2324 1442 2396 speciali
1467 2328 1509 2380 te-

236 2430 351 2488 nendas
376 2436 405 2486 et
431 2435 585 2503 perpetuo
609 2430 819 2503 possidendas,
843 2430 1086 2488 salvisdecimis
1103 2432 1192 2488 nobis
1209 2430 1322 2488 debitis
1338 2429 1376 2486 de
1392 2428 1509 2487 eisdem

235 2525 339 2610 preter
370 2536 450 2605 illas,
490 2551 567 2608 quas
599 2536 730 2610 predicti
761 2537 871 2595 fratres
902 2539 1078 2595 excolerent
1101 2539 1163 2594 suis
1187 2539 1323 2611 propriis
1348 2538 1509 2594 laboribus

240 2650 270 2701 et
294 2643 444 2717 expensis,
462 2643 545 2699 iuxta
562 2644 784 2702 continenciam
801 2645 922 2702 concilii
938 2644 1098 2716 generalis.
1121 2645 1187 2700 Hoc
1203 2645 1291 2700 salvo
1307 2651 1336 2700 et
1353 2657 1509 2716 expresso

236 2749 320 2822 quod
345 2748 436 2806 iidem
470 2747 579 2805 fratres
615 2765 671 2806 nos
698 2752 858 2824 perpetuis
880 2751 1075 2823 temporibus
1098 2752 1176 2806 sicut
1201 2757 1325 2806 actenus
1348 2749 1510 2805 habebunt

237 2862 267 2912 et
291 2860 512 2928 recognoscent
535 2870 627 2912 veros
659 2863 805 2929 patronos
836 2871 909 2913 suos
932 2863 961 2913 et
984 2863 1144 2928 tamquam
1170 2855 1347 2913 fundatores
1371 2854 1509 2912 eiusdem

236 2961 363 3019 ecclesie
387 2967 417 3018 et
439 2962 529 3018 nobis
565 2962 680 3033 nedum
710 2963 739 3019 in
771 2963 967 3020 oracionibus
992 2964 1043 3019 vel
1067 2962 1138 3019 aliis
1162 2962 1329 3018 meritoriis
1352 2961 1509 3034 operibus,

236 3067 289 3126 sed
313 3069 410 3125 eciam
434 3069 464 3124 in
490 3069 560 3125 aliis
590 3068 681 3125 licitis
705 3076 734 3125 et
758 3069 893 3126 honestis
916 3069 1042 3125 asistent
1058 3074 1122 3124 toto
1140 3083 1196 3139 pro
1214 3082 1312 3140 posse,
1330 3067 1510 3139 litterasque

236 3181 357 3232 nostras
388 3182 545 3232 emanatas
579 3191 673 3248 super
708 3176 805 3232 vineis
835 3173 914 3232 infra
946 3184 1044 3231 metas
1068 3173 1279 3246 infrascriptas
1303 3173 1428 3230 inclusis
1453 3188 1510 3246 pro

236 3280 428 3352 quibuslibet
462 3280 693 3352 possessoribus
725 3279 905 3337 earumdem
937 3281 1099 3336 vinearum
1128 3279 1235 3336 firmas
1260 3286 1288 3335 et
1311 3288 1392 3334 ratas
1416 3280 1508 3336 habe·

237 3385 322 3453 bunt,
346 3385 441 3441 salvis
470 3386 656 3443 utilitatibus
680 3386 839 3457 condignis
862 3385 901 3442 de
924 3385 1041 3442 eisdem
1066 3387 1171 3451 vineis,
1196 3401 1273 3456 quas
1290 3400 1348 3458 pro
1366 3401 1398 3441 se
1414 3384 1508 3441 iidem

237 3490 347 3547 fratres
380 3492 538 3548 habebunt
576 3492 732 3548 annuatim
765 3492 933 3565 percipere,
962 3499 1055 3564 prout
1079 3491 1171 3548 fuerit
1195 3492 1325 3548 racionis
1350 3492 1400 3558 ita,
1425 3490 1508 3562 quod

236 3598 261 3654 si
297 3597 409 3669 aliquis
441 3597 528 3670 prior
558 3596 698 3655 eiusdem
731 3598 858 3654 ecclesie
889 3612 946 3669 pro
971 3604 1110 3669 tempore
1134 3599 1316 3653 constitutus
1339 3611 1510 3667 aggravare

240 3703 374 3760 indebite
397 3709 428 3758 et
452 3703 562 3759 iniuste
587 3703 724 3775 aliquem
747 3703 785 3759 de
809 3702 924 3759 eisdem
946 3704 1175 3773 possessoribus
1205 3704 1363 3759 vinearum
1382 3701 1509 3758 forsitan

239 3808 324 3882 quod
347 3810 435 3880 absit,
462 3810 605 3880 voluerit,
631 3810 688 3866 hoc
713 3811 798 3866 iuxta
821 3815 961 3866 nostrum
985 3809 1161 3878 arbitrium,
1185 3809 1250 3866 iure
1274 3808 1431 3864 communi
1448 3807 1510 3863 suf·

239 3916 386 3988 fragante,
419 3931 542 3989 semper
575 3916 730 3972 tenebitur
762 3916 933 3973 emendare.
966 3916 1044 3971 Mete
1077 3921 1179 3971 autem
1212 3922 1364 3971 terrarum
1390 3914 1509 3986 predic-

238 4031 340 4080 tarum
364 4037 420 4095 per
442 4037 498 4079 nos
526 4022 718 4087 donatarum,
752 4038 829 4095 quas
860 4038 897 4078 ex
923 4029 1029 4078 nostra
1059 4021 1279 4077 commissione
1312 4020 1510 4077 honorabiles

239 4136 268 4185 et
291 4126 414 4184 discreti
439 4129 497 4184 viri
524 4127 642 4184 domini
668 4127 814 4184 Nicolaus
838 4127 876 4184 de
902 4127 1083 4196 Kamarcha‚
1114 4126 1269 4208 Johannes
1293 4125 1331 4182 de
1355 4125 1509 4182 Guercha

240 4233 413 4290 Anthonius
445 4233 483 4289 de
514 4234 661 4290 Vrbouch
697 4233 904 4290 archidiaconi
934 4241 963 4290 et
993 4232 1147 4315 Johannes
1179 4239 1281 4288 custos
1310 4247 1345 4287 ac
1369 4232 1510 4303 magistri

240 4338 392 4410 Georgius
416 4347 446 4395 et
470 4339 714 4408 Bartholomeus,
738 4342 835 4396 nostri
859 4340 1061 4409 concanonici,
1086 4338 1288 4395 distinxerant
1312 4343 1342 4393 et
1365 4337 1404 4393 de
1428 4352 1510 4394 novo

240 4453 413 4517 posuerant,
444 4452 537 4518 prout
570 4446 663 4502 iidem
695 4446 785 4502 nobis
813 4461 864 4502 eas
888 4447 917 4502 in
941 4445 1064 4517 scriptis
1088 4453 1294 4518 reportarunt,
1320 4444 1376 4500 hoc
1401 4443 1509 4501 ordine

239 4550 479 4623 protenduntur:
512 4551 613 4622 prima
636 4552 745 4625 incipit
768 4553 798 4609 in
823 4551 957 4623 quadam
983 4550 1067 4606 valle
1091 4567 1108 4606 a
1132 4551 1353 4623 septemtrione
1377 4557 1406 4606 et
1438 4565 1510 4621 pro-

239 4654 319 4711 cedit
342 4657 372 4712 in
397 4671 496 4729 parvo
518 4657 624 4728 spacio
647 4664 677 4713 et
706 4657 815 4714 transit
847 4658 930 4714 viam
956 4657 1141 4731 pupplieam
1164 4655 1202 4712 ad
1227 4655 1349 4725 silvam,
1372 4670 1432 4727 gay
1456 4670 1509 4711 vo-

240 4764 349 4832 catam,
373 4763 514 4836 ipsorum
536 4763 776 4838 Heremitarum,
798 4779 905 4821 versus
921 4762 1085 4820 meridiem
1102 4766 1131 4819 et
1147 4762 1228 4822 circa
1244 4760 1378 4820 eandem
1394 4761 1507 4819 silvam
