3488 5242
257 333 318 398 154
630 320 703 378 Doc.
728 332 793 397 175.
818 317 886 399 176.
910 354 952 364 -
976 321 1031 379 An.
1057 333 1145 398 1339.

255 517 362 574 dantes
386 523 526 576 tenemur
549 518 712 576 admittere
735 518 773 576 ad
799 521 882 593 pacis
905 521 1049 578 unionem
1070 518 1215 577 devenire
1237 526 1266 577 et
1291 527 1441 594 perpetua
1460 527 1520 579 sta·

258 622 379 680 bilitate
404 625 503 697 ipsam
529 639 637 697 pacem
662 626 819 694 roborare,
847 632 976 699 propter
999 625 1043 681 rei
1067 631 1096 680 et
1119 624 1326 683 ordinacionis
1338 635 1523 700 perpetuam

254 729 499 799 observandam,
532 739 565 787 ut
597 731 789 789 inviolabilis
820 737 996 804 perseveret
1031 730 1113 787 dicta
1144 732 1229 804 pacis
1264 730 1459 803 reformaci0,
1481 733 1521 790 ad

253 836 365 892 iustam
398 837 583 909 peticionem
613 838 754 909 parcium
785 837 989 910 prescriptam
1014 835 1273 895 reformacionem
1299 839 1383 909 pacis
1407 838 1518 896 confir·

255 942 410 1011 mandam,
443 952 600 1015 presentes
626 943 743 999 litteras
767 949 886 1000 nostras
910 943 1130 1016 privilegiales,
1154 960 1226 1001 cum
1249 952 1353 1002 nostro
1377 945 1521 1018 pendenti

254 1054 284 1105 et
311 1049 466 1105 autentico
497 1049 602 1120 sigillo
634 1057 739 1106 nostro
773 1048 920 1106 duximus
955 1050 1101 1123 predictis
1137 1051 1278 1123 partibus
1313 1049 1521 1109 conserendas.

254 1153 370 1211 Datum
393 1155 423 1211 in
448 1153 633 1226 Vyssegrad,
665 1153 742 1212 feria
773 1157 866 1213 tercia
897 1157 1041 1229 proxima
1068 1163 1138 1213 ante
1163 1155 1276 1213 testum
1300 1157 1521 1215 Pentnecostes.

254 1261 344 1317 Anno
367 1259 485 1316 domini
509 1259 708 1317 MCCCXXX
730 1276 818 1319 non0.

342 1377 455 1426 Elibro
479 1378 605 1428 Slatutor.
632 1378 710 1442 capit.
736 1381 840 1442 zagrab.
865 1394 889 1443 p.
916 1379 961 1429 lv.
988 1394 1008 1428 c.
1029 1379 1118 1429 XVII.
1137 1382 1212 1446 Joan.
1234 1379 1348 1429 Tkaleie.
1370 1380 1439 1430 Mon.
1459 1380 1520 1430 hist.

255 1465 511 1530 episc.zagrab.11.
532 1482 556 1531 p.
581 1473 635 1524 137.

850 1631 929 1699 1⁷5.

365 1754 448 1807 Anno,
472 1760 544 1815 1339,
564 1753 587 1802 6.
608 1753 771 1818 septembris.
791 1753 944 1819 Zagrabiae.

276 1862 398 1920 Fratres
421 1863 587 1921 fflretnr'tac
608 1872 716 1922 terram
745 1864 776 1921 Τ
772 1866 850 1938 repul,
869 1873 961 1939 prope
985 1865 1170 1938 Zagrabiam,
1194 1866 1270 1921 circu
1286 1872 1405 1937 portum
1428 1865 1504 1936 regis

572 1971 614 2027 ad
636 1969 745 2027 Savum
767 1972 860 2041 sitam,
880 1973 1005 2044 capitulo
1026 1971 1201 2028 renuntiant.

345 2113 583 2172 Venerabiiibus
606 2115 690 2184 viriS,
715 2114 849 2173 dominis
880 2117 952 2185 suis,
983 2115 1121 2188 capitulo
1151 2115 1358 2187 zagrobiensis
1386 2115 1522 2181 ecclesie,

256 2218 351 2277 irater
374 2219 490 2290 Petrus,
514 2221 600 2293 prior
624 2221 825 2294 provincialis
850 2220 982 2279 fratrum
1006 2223 1102 2278 sancti
1126 2220 1214 2278 Pauli
1245 2221 1339 2293 primi
1362 2220 1522 2290 heremite,

255 2324 372 2382 ordinis
397 2326 478 2382 beati
502 2327 675 2398 Augustini,
698 2327 729 2384 in
753 2342 848 2399 regno
871 2328 1038 2399 Hungarie,
1062 2329 1241 2384 oracionum
1257 2326 1405 2398 suffragia
1426 2324 1520 2382 devo·

255 2435 364 2487 tarum.
389 2430 541 2502 Quamvis
564 2431 605 2488 ab
628 2432 785 2504 aliquibus
809 2434 896 2490 annis
920 2450 957 2490 ex
983 2434 1169 2506 benignitate
1194 2433 1277 2504 regia
1302 2433 1388 2505 prior
1410 2438 1440 2488 et
1460 2430 1521 2488 fra-

255 2542 317 2593 tres
346 2537 441 2593 nostri
475 2536 591 2594 ordinis
622 2537 661 2594 de
693 2536 843 2610 Zagrabia
874 2538 1067 2612 possederint
1098 2538 1253 2611 quandam
1286 2537 1419 2594 insulam
1451 2552 1523 2594 cum

256 2648 345 2713 terra,
369 2642 468 2716 Tupal
491 2651 609 2714 vocata,
633 2645 714 2701 circa
738 2654 864 2717 portum
896 2644 1015 2701 domini
1045 2645 1127 2716 regis
1155 2658 1249 2716 super
1272 2643 1396 2711 lanam,
1421 2657 1521 2716 prope

257 2747 451 2823 Zagrabiam,
476 2752 689 2820 constitutam;
712 2752 787 2809 visis
818 2757 921 2808 tamen
952 2752 1080 2808 ecclesie
1101 2758 1202 2808 vestre
1232 2751 1413 2823 privilegiis,
1437 2765 1525 2824 repe·

256 2857 363 2927 rimus,
387 2855 470 2930 quod
495 2857 562 2930 ipsa
575 2857 686 2915 -insula
709 2872 780 2915 cum
804 2863 885 2915 terra
909 2857 1046 2930 predicta
1069 2858 1128 2914 sibi
1152 2856 1303 2914 adiacenti
1322 2871 1383 2913 non
1402 2861 1524 2929 poterat

257 2964 433 3037 apropriari
456 2965 552 3021 nostri
575 2964 693 3021 ordinis
716 2964 823 3022 domui
847 2963 983 3038 predicte
1007 2981 1043 3021 ex
1068 2964 1236 3036 largicione
1257 2963 1353 3032 regali
1378 2963 1429 3019 vel
1449 2963 1525 3019 alte·

256 3071 321 3126 rius
344 3070 575 3141 cuiuscumque,
599 3071 744 3142 quoniam
770 3071 866 3144 ipsius
890 3071 1095 3143 propietatem
1127 3069 1166 3126 ad
1197 3078 1334 3126 vestram
1362 3069 1524 3126 ecclesiam

257 3176 349 3233 etad
374 3191 430 3233 vos
454 3177 628 3233 invenimus
652 3177 813 3249 pertinere.
837 3176 940 3248 Quare
963 3177 1064 3249 ipsam
1088 3176 1221 3233 insulam
1253 3190 1322 3231 cum
1347 3182 1429 3231 terra
1453 3189 1523 3247 pre·

258 3282 340 3339 dicta
363 3282 401 3339 de
425 3297 573 3339 consensu
599 3281 730 3340 fratrum
755 3290 931 3339 nostrorum
948 3297 1024 3354 pure
1047 3288 1076 3338 et
1099 3283 1283 3353 simpliciter
1300 3290 1401 3337 vestre
1418 3279 1522 3353 dispo·

260 3389 367 3446 sicioni
391 3388 605 3461 relinquimus,
629 3389 841 3446 renunciantes
864 3389 949 3446 omni
974 3388 1042 3458 iuri,
1066 3387 1148 3460 quod
1174 3388 1274 3444 insula
1298 3397 1327 3443 et
1351 3393 1433 3443 terra
1454 3402 1521 3459 pre-

257 3496 339 3552 dicta
362 3495 512 3568 potuisset
537 3503 699 3568 conpetere
723 3495 813 3552 nobis
836 3495 887 3552 vel
911 3502 1016 3552 nostro
1040 3494 1141 3551 ordini
1165 3509 1202 3550 ex
1235 3493 1408 3566 privilegiis
1436 3508 1523 3563 rega-

259 3600 342 3657 libus
366 3601 417 3656 vel
441 3600 511 3657 aliis
535 3601 792 3673 quibuscumque,
815 3601 927 3658 nostris
949 3600 1146 3657 conscienciis
1169 3598 1370 3655 consulentes.
1387 3598 1420 3654 ln
1438 3598 1524 3653 cuius

260 3707 303 3763 rei
328 3706 539 3764 testimonium
563 3707 756 3780 presentibus
780 3707 918 3778 sigillum
942 3707 1038 3762 nostri
1059 3706 1213 3779 prioratus
1229 3703 1360 3776 predicti
1377 3702 1525 3760 duximus

259 3812 487 3887 apponendum.
512 3812 626 3869 Datum
652 3813 682 3868 in
706 3812 800 3869 domo
821 3813 916 3869 nostri
940 3811 1057 3869 ordinis
1081 3810 1118 3867 de
1142 3810 1301 3883 Zagrabia,
1325 3817 1394 3866 ante
1412 3808 1524 3865 festum

260 3919 430 3977 nativitatis
454 3919 542 3975 beate
566 3919 704 3990 virginis,
729 3918 862 3975 secunda
878 3917 961 3974 teria.
979 3918 1068 3974 Anno
1085 3917 1201 3973 domini
1220 3915 1418 3972 MCCCXXX
1437 3928 1524 3970 nono.

349 4037 460 4086 Elibro
480 4037 599 4087 Statutor
619 4035 697 4101 capit.
717 4036 821 4101 zagrab.
842 4041 909 4100 part.
935 4034 979 4085 IV.
1007 4051 1026 4085 c,
1053 4035 1117 4083 XX.
1141 4035 1214 4100 Joan.
1240 4032 1355 4082 Tkalcic'.
1376 4031 1444 4081 Mon.
1465 4030 1526 4080 hist.

261 4127 340 4192 episc.
360 4125 465 4190 zagrab.
485 4123 519 4174 ΙΙ.
539 4141 564 4190 p.
589 4133 642 4187 139.

852 4286 934 4354 176.

368 4416 444 4462 Anno
467 4421 540 4474 1339.
564 4422 601 4472 14.
621 4411 785 4476 septembris.
808 4408 961 4474 Zagrabiae.

268 4522 358 4596 Capit.
372 4521 488 4594 zagrab.
502 4521 594 4578 ‹lenuo
607 4521 763 4578 Heremr'tis
767 4528 876 4594 propre
893 4518 1071 4592 Zagrabiam
1086 4519 1169 4574 st'tum
1181 4524 1289 4572 terram
1310 4515 1415 4587 rapat,
1430 4513 1525 4570 tinniat.

350 4665 532 4739 Capitulum
560 4665 767 4738 zagrabiensis
798 4665 932 4721 ecclesie.
963 4663 1116 4721 Omnibus
1150 4661 1266 4718 Christi
1289 4659 1436 4716 fidelibus
1459 4673 1528 4732 pre·

264 4773 403 4830 sencium
431 4771 577 4829 noticiam
612 4770 773 4840 habituris,
799 4769 933 4827 salutem
962 4770 994 4827 in
1024 4768 1150 4826 domino
1181 4766 1410 4840 sempiternam
1445 4763 1529 4821 Licet
