3488 5242
255 329 322 401 -368
673 326 753 384 -Doc
770 321 846 402 385.
874 360 910 382 .-
936 326 1105 402 An.1395.

260 525 301 582 ad
317 527 418 600 ipsam
434 527 635 585 Lomnicham
661 532 859 600 spectantem,
876 525 969 584 iidem
986 532 1105 584 actores
1132 485 1278 584 hactenus
1301 524 1526 583 reambulando

261 632 298 689 ad
333 633 557 705 possessionem
589 647 697 689 eorum
726 632 889 689 Petrouina
921 631 1090 705 predictam
1121 637 1322 704 occupassent
1353 638 1384 688 et
1412 631 1525 704 reapli-

261 744 389 809 cassem,
412 737 602 810 demumque
626 737 720 795 iidem
743 737 887 795 similiter
910 743 1012 795 vester
1034 746 1064 794 et
1087 743 1191 795 noster
1206 738 1346 795 homines
1361 752 1419 810 pro
1435 743 1524 810 parte

262 844 416 901 dictorum
440 845 470 902 in
494 860 618 901 causam
642 850 829 900 atractorum
851 843 889 900 ad
907 843 1058 916 premissa
1073 848 1103 900 et
1119 842 1314 916 infrascripta
1328 841 1524 916 perficienda,

260 957 293 1007 ut
317 950 493 1023 predicitur,
518 950 669 1018 destinati,
697 949 807 1006 exinde
831 949 869 1005 ad
892 964 947 1006 nos
970 951 1086 1007 reversi
1109 951 1199 1007 nobis
1222 965 1355 1007 consona
1378 964 1454 1006 voce
1478 965 1525 1005 re-

262 1056 407 1125 tulerunt,
430 1055 513 1128 quod
538 1056 596 1129 ipsi
620 1060 730 1112 octavo
753 1053 803 1111 die
826 1053 900 1111 dicti
931 1053 999 1111 festi
1032 1055 1113 1112 beati
1142 1055 1265 1112 Martini
1289 1053 1473 1112 confessoris
1496 1061 1526 1110 et

260 1162 330 1219 aliis
353 1161 463 1219 diebus
486 1161 524 1218 ad
549 1161 580 1218 id
603 1161 684 1235 aptis
707 1175 839 1217 unacum
864 1158 990 1233 prefatis
1021 1166 1124 1217 vestro
1156 1166 1184 1217 et
1217 1165 1322 1216 nostro
1346 1160 1524 1217 hominibus

262 1282 320 1340 pro
344 1267 420 1340 ipsis
442 1267 598 1324 actoribus
629 1265 668 1323 ad
700 1265 808 1322 eadem
841 1264 979 1322 facienda
1011 1266 1198 1323 transmissis
1228 1266 1267 1323 ad
1301 1264 1412 1336 faciem
1446 1265 1526 1322 dicte

258 1372 460 1447 possessionis
483 1372 653 1429 Lomnicha
683 1377 799 1441 vocate,
831 1372 940 1429 vicinis
971 1378 1001 1448 et
1031 1372 1250 1429 commetaneis
1281 1372 1344 1428 suis
1373 1371 1527 1429 universis

260 1478 337 1536 inibi
360 1479 512 1550 legittime
535 1477 710 1535 convocatis
733 1483 762 1534 et
785 1478 928 1551 partibus
951 1478 1145 1551 presentibus
1168 1460 1372 1548 accessissent,
1396 1481 1427 1533 et
1455 1493 1525 1534 ean·

263 1581 334 1641 dem
358 1584 584 1657 possessionem
607 1582 760 1641 dictorum
786 1583 816 1640 in
838 1598 963 1640 causam
993 1589 1201 1668 attractorum
1221 1583 1389 1640 Lomnicha
1412 1599 1527 1640 nuncu·

263 1696 369 1764 patam
393 1707 450 1764 per
473 1696 570 1747 metas
594 1696 624 1746 et
647 1705 754 1747 cursus
777 1690 905 1747 metales
922 1691 1007 1747 iuxta
1022 1690 1320 1748 demonstracionem
1344 1689 1526 1747 eorumdem

266 1799 296 1855 in
321 1813 445 1855 causam
475 1802 677 1854 attractorum
702 1813 719 1852 a
742 1802 829 1870 parte
856 1797 1058 1870 possessionis
1081 1797 1235 1855 dictorum
1259 1802 1399 1855 actorum
1423 1797 1527 1853 Petro—

265 1904 337 1960 uina
353 1903 510 1977 appellate
527 1902 630 1960 taliter
645 1902 908 1960 reambulassent:
924 1903 1008 1975 qnod
1025 1903 1128 1976 primo
1144 1904 1327 1976 incepissent
1343 1903 1373 1960 in
1390 1902 1527 1975 quodam

264 2008 359 2066 iluvio
384 2009 544 2067 Chernech
568 2015 678 2066 vocato
701 2009 781 2065 circa
803 2009 940 2080 stipitem
959 2008 1044 2081 topol
1070 2014 1212 2065 vocatam
1233 2015 1263 2065 et
1280 2009 1342 2065 exit
1359 2024 1414 2080 per
1430 2023 1526 2080 quan·

263 2114 336 2171 dam
362 2115 548 2172 calliculam
573 2123 602 2171 et
627 2115 709 2171 venit
741 2115 825 2171 iuxta
856 2092 1020 2172 ecclesiam
1046 2115 1142 2172 sancti
1162 2115 1243 2172 Petri
1267 2123 1297 2171 et
1320 2115 1463 2188 pervenit
1486 2113 1525 2170 ad

265 2219 394 2278 iluvium
420 2220 619 2293 Lipouchyna
643 2226 797 2289 vocatum,
827 2221 856 2277 in
881 2235 943 2292 quo
967 2220 1044 2277 iacet
1067 2227 1097 2277 et
1120 2220 1257 2277 decurrit
1280 2219 1437 2293 quoddam
1463 2235 1527 2276 mo·

266 2327 426 2383 leudinum
450 2325 487 2382 de
511 2326 683 2396 Petrouina‚
714 2326 826 2383 abhinc
857 2324 1041 2383 transeundo
1070 2342 1126 2399 per
1153 2326 1285 2383 eundem
1318 2324 1448 2383 fluvium
1472 2340 1528 2398 per

264 2431 422 2489 modicum
446 2432 586 2504 spacium
611 2446 718 2488 versus
747 2431 918 2501 meridiem,
942 2438 972 2488 et
996 2431 1034 2488 de
1057 2431 1165 2489 eodem
1191 2432 1284 2489 tluvio
1307 2430 1448 2488 exeundo
1472 2446 1528 2502 per

264 2535 422 2608 quoddam
446 2551 579 2608 parvum
605 2534 753 2593 fossatum
777 2535 816 2592 ad
840 2543 961 2609 partem
977 2537 1157 2593 orientalem
1178 2543 1208 2594 et
1231 2537 1311 2594 cadit
1332 2537 1363 2592 in
1386 2535 1525 2608 givulum

265 2641 423 2698 Chernech
457 2641 650 2714 appellatum
682 2650 711 2698 et
735 2641 773 2698 de
795 2642 905 2699 eodem
937 2642 1032 2700 iluvio
1060 2659 1113 2699 seu
1141 2643 1245 2700 rivulo
1268 2643 1330 2699 exit
1354 2655 1527 2713 perunum

265 2745 413 2804 fossatum
437 2752 467 2803 et
492 2747 574 2804 veuit
598 2746 745 2805 adunam
764 2748 847 2805 viam
863 2749 1023 2821 publicam
1041 2765 1147 2806 versus
1169 2748 1378 2805 Krauarzlram
1394 2755 1527 2813 euntem,

264 2858 295 2909 et
318 2851 518 2925 pervenitad
544 2852 699 2924 quandam
723 2854 861 2910 Mlakam
893 2871 948 2928 per
980 2856 1097 2911 bonum
1129 2856 1277 2928 spacium,
1301 2860 1331 2910 et
1355 2855 1395 2910 ab
1419 2853 1528 2910 eadem

266 2956 369 3014 Mlalra
393 2958 578 3015 transeundo
602 2960 744 3032 pervenit
767 2961 805 3016 ad
830 2976 922 3017 unam
953 2961 1097 3018 arborem
1129 2960 1215 3031 tolia,
1240 2959 1449 3033 Podgorelcch
1474 2973 1528 3015 vo·

266 3069 375 3132 catam,
398 3079 549 3135 cruceque
572 3064 732 3136 signatam,
756 3066 826 3122 inde
848 3066 1033 3123 transeundo
1057 3083 1113 3139 per
1135 3068 1253 3123 bonum
1277 3066 1415 3139 spacium
1446 3065 1529 3121 venit

265 3167 305 3223 ad
325 3183 420 3225 unam
442 3170 526 3226 viam
542 3171 710 3242 publicam,
727 3187 786 3243 que
802 3171 883 3229 cadit
899 3173 928 3229 in
953 3172 1120 3244 quemdam
1144 3173 1283 3229 rivulum
1303 3171 1528 3241 IIramechinye

266 3280 484 3346 nuncupatum.
508 3277 544 3332 Et
568 3276 643 3332 dum
660 3276 752 3333 iidem
770 3278 936 3334 secundum
954 3279 1157 3335 ostensionem
1175 3277 1328 3335 dictorum
1353 3279 1382 3335 in
1404 3291 1528 3333 causam

266 3384 468 3436 attractorum
492 3381 568 3437 locis
591 3381 729 3438 eiusdem
760 3384 961 3456 possessionis
993 3384 1170 3455 Lomnycha
1200 3385 1309 3441 revisis
1341 3390 1370 3440 et
1401 3382 1527 3449 intuitis,

266 3483 373 3541 eadem
400 3485 466 3542 loca
491 3487 585 3558 signis
609 3488 776 3545 metalibus
792 3490 979 3561 consignare,
1004 3490 1166 3562 ipsamque
1190 3489 1413 3563 possessionem
1439 3489 1529 3544 Lom-

265 3590 354 3646 nicha
378 3591 493 3648 eisdem
519 3593 548 3648 in
572 3608 697 3650 causam
716 3595 852 3651 attractis
870 3611 906 3651 co
924 3596 996 3665 iure,
1014 3611 1076 3668 quo
1093 3596 1167 3668 ipsis
1183 3595 1352 3652 dinoscitur
1374 3595 1526 3667 pertinere

266 3702 398 3752 statuere
421 3697 589 3754 voluissent
614 3699 840 3771 possidendam,
859 3716 931 3756 mox
948 3700 1060 3773 prelati
1076 3706 1194 3757 actores
1215 3700 1392 3757 huiusmodi
1410 3714 1528 3773 posses·

265 3801 396 3859 sionarie
420 3803 670 3872 reambulacioni,
688 3812 839 3862 metarum
857 3807 1005 3863 creceioni
1029 3815 1057 3863 et
1078 3807 1238 3863 statucioni
1262 3805 1378 3863 eisdem
1395 3806 1424 3862 in
1442 3799 1524 3882 (cau-

267 3921 332 3962 sam
357 3901 506 3984 attractis)
530 3910 793 3979 contradixissent,
825 3912 997 3982 asserend0,
1030 3912 1111 3985 quod
1145 3913 1313 3969 maximam
1338 3911 1523 3984 particulam

266 4016 346 4069 terre
378 4013 517 4086 ipsorum
548 4023 687 4073 actorum
720 4017 758 4074 ad
790 4018 890 4090 ipsam
921 4020 1144 4091 possessionem
1175 4012 1351 4095 l’e(trouina
1374 4009 1529 4091 vocatam)

266 4117 360 4174 iidem
385 4120 413 4175 in
438 4135 562 4177 causam
586 4123 693 4180 atracti
712 4124 756 4180 sic
777 4124 1002 4181 reambulando
1018 4124 1055 4180 ad
1073 4125 1297 4197 possessionem
1313 4139 1419 4180 eorum
1438 4123 1530 4180 Lom-

266 4225 365 4294 nycha
390 4225 559 4297 predictam
593 4238 792 4301 occupassent
816 4236 845 4287 et
869 4232 1118 4304 reapplicassent‚
1143 4236 1308 4302 propterea
1324 4229 1405 4285 dicta
1423 4230 1529 4301 porcio

269 4331 509 4400 possessionarie
543 4335 693 4405 partibus
725 4336 768 4392 sic
800 4343 833 4392 ut
865 4337 1061 4409 premittitur,
1094 4337 1172 4392 inter
1205 4352 1236 4391 se
1268 4334 1526 4395 discordantibus

266 4432 304 4488 ad
330 4434 387 4491 tria
411 4436 527 4493 scilicet
550 4444 651 4495 aratra
674 4456 706 4495 se
729 4440 895 4497 extendens
912 4442 942 4499 in
960 4443 1012 4498 lite
1028 4442 1231 4498 remansisset.
1257 4440 1287 4496 ln
1312 4439 1526 4512 cuiusquidcm

267 4538 400 4611 litigiose
432 4543 585 4615 porcionis
616 4546 856 4618 possessionarie
888 4545 972 4616 facie,
1006 4547 1140 4619 quedam
1171 4546 1300 4603 ecclesia
1330 4553 1452 4602 murata
1476 4562 1528 4602 seu

267 4643 390 4716 lapidea
414 4647 549 4718 ligneum
582 4650 699 4707 habens
729 4652 939 4724 pignaculum,
960 4653 1082 4710 nomine
1115 4652 1209 4709 sancti
1242 4651 1332 4720 Petri,
1355 4658 1435 4708 esset
1458 4667 1528 4708 con·

267 4754 391 4810 structa.
413 4751 445 4808 In
469 4769 530 4825 qua
553 4755 650 4811 eciam
673 4758 913 4830 possessionarie
937 4759 1082 4831 porcione
1097 4757 1202 4814 decern
1222 4757 1399 4829 iobagioncs
1421 4764 1451 4813 ct
1467 4772 1528 4813 uua
