3488 5242
522 340 594 396 Dec.
610 353 682 414 312.
701 352 766 415 5¹5
805 371 838 378 -
858 332 1154 412 An.1582-1383.

210 447 285 453 .-—
297 444 617 453 -----..—.—-—---.--

802 531 883 596 312.

316 660 391 705 Auno
415 658 487 714 1382,
508 668 530 713 5.
551 655 675 705 octobris.
696 655 725 704 In
744 653 862 720 Zempic.

211 785 360 842 Elisabeth
384 786 485 857 regino
509 785 685 855 llrrnguriire
701 784 850 840 Demetrio
871 784 1024 851 cardinali,
1040 785 1103 840 item
1118 785 1254 855 palatino
1277 791 1305 839 cl
1326 782 1417 838 iudici
1429 799 1476 837 cu-

210 891 273 946 riae
295 892 339 946 ius
363 890 474 946 tricenti
495 890 525 945 in
548 907 636 945 corint
659 889 762 945 ciceion
792 888 996 946 Greclrensium
1024 907 1140 962 „eurum
1163 907 1219 944 iton
1243 889 1371 944 obstante
1386 896 1475 960 prae·

582 996 699 1052 sentinli
718 994 932 1064 priorissaretr'cst
950 995 1102 1067 praecipit.

299 1140 457 1196 Eliaaheth
483 1139 531 1196 dei
555 1140 658 1210 gracia
682 1138 787 1210 regina
807 1137 973 1208 ilungarie,
991 1137 1125 1206 Polonie,
1143 1137 1303 1193 Dalmacie
1318 1143 1372 1193 etc.
1391 1136 1476 1193 Fide-

212 1247 295 1303 lihus
318 1245 381 1301 suis
405 1243 575 1300 reverendo
597 1244 626 1300 in
651 1245 774 1300 Christo
798 1243 888 1316 patri,
913 1243 1039 1300 domino
1063 1243 1231 1312 Demetrio,
1255 1241 1403 1299 cardinali
1421 1248 1476 1299 ete.

212 1359 242 1408 et
266 1350 439 1422 magnificis
470 1351 544 1406 viris
577 1351 713 1422 palatino
736 1356 766 1406 et
788 1348 880 1406 iudici
913 1349 995 1405 curie
1030 1349 1113 1420 regie
1144 1364 1179 1404 ac
1203 1349 1351 1419 magistro
1375 1355 1476 1404 tavar-

214 1458 353 1513 nicorum
377 1455 539 1526 regalium,
569 1471 738 1527 eorumque
762 1455 844 1511 vices
869 1454 898 1511 in
923 1452 1058 1511 iudicatu
1081 1454 1266 1526 gerentibus
1290 1453 1476 1509 salutemet

211 1564 355 1635 graciam.
380 1562 463 1618 Licet
487 1561 578 1618 iudex
602 1569 631 1618 et
647 1562 737 1618 iurati
753 1561 836 1618 cives
852 1561 947 1617 nostri
965 1561 1078 1617 montis
1094 1559 1255 1616 (irecensis
1271 1559 1309 1616 de
1326 1559 1478 1632 Zagrabia

216 1686 270 1743 per
302 1668 452 1741 quosdam
484 1669 624 1725 homines
653 1668 682 1724 in
715 1668 808 1724 vestri
841 1667 1031 1741 presenciam
1056 1667 1260 1739 personaliter
1283 1673 1313 1723 et
1337 1682 1396 1723 non
1421 1682 1478 1740 per

211 1781 444 1849 procuratorem
476 1774 668 1847 responsuri,
701 1773 813 1831 luerint
844 1773 977 1843 evocati,
1011 1780 1113 1830 tamen
1145 1773 1218 1844 quia
1249 1773 1371 1844 vigente
1398 1773 1477 1830 inter

211 1897 262 1938 eos
297 1879 476 1952 pestilencia
499 1896 536 1935 ex
563 1879 684 1936 ulcione
715 1878 829 1936 divina.
857 1879 916 1952 ipsi
943 1879 1147 1951 personaliter
1173 1878 1302 1935 comode
1329 1879 1478 1951 nequiunt

212 1986 311 2042 causis
345 1986 484 2058 ipsorum
516 1986 545 2041 in
577 1986 694 2042 octavis
726 1984 795 2041 sesti
828 1985 907 2041 beati
938 1984 1097 2041 Michaelis
1123 1984 1309 2055 archangeli,
1334 1984 1476 2056 proxime

212 2093 358 2161 venturis,
382 2106 487 2147 coram
511 2092 601 2147 vobis
629 2091 741 2147 habitis
765 2091 925 2159 interesse;
962 2090 1031 2146 ideo
1055 2089 1196 2147 fidelitati
1221 2096 1322 2146 vestre
1346 2089 1478 2146 firmiter
1503 2092 1506 2097 '

213 2195 412 2271 precipiendo
436 2196 627 2266 mandamus,
651 2202 801 2268 quatenus
828 2211 888 2253 non
908 2198 1049 2253 obstante
1066 2196 1248 2268 presenciali
1265 2196 1478 2253 interessencia

212 2301 366 2359 dictorum
391 2301 499 2358 iudicis
522 2308 552 2358 et
575 2302 756 2371 iuratorum,
788 2317 894 2358 causas
919 2303 1057 2375 ipsorum
1081 2301 1247 2374 premissas
1271 2300 1309 2357 ad
1333 2316 1477 2375 prosecu-

212 2409 330 2465 cionem
356 2408 494 2481 parcium
529 2423 636 2464 eorum
661 2407 797 2479 legitime
824 2407 959 2464 iudicare
986 2407 1124 2465 debeatis
1155 2408 1273 2479 absque
1296 2407 1478 2479 gravamine

212 2515 356 2586 aliquali;
388 2520 417 2570 et
447 2513 531 2570 aliud
564 2529 622 2570 non
648 2513 765 2571 facturi.
791 2514 907 2570 Datum
932 2515 961 2571 in
989 2513 1128 2587 Sempce,
1161 2514 1297 2571 secundo
1328 2513 1378 2569 die
1409 2511 1478 2569 sesti

216 2621 297 2676 beati
323 2620 475 2676 l·'rancisci
492 2619 682 2676 confessoris,
704 2622 791 2677 Anno
808 2619 925 2677 domini
942 2621 1111 2677 millesimo
1127 2619 1319 2677 CCCLXXX
1335 2618 1478 2675 secunde.

302 2754 441 2819 tiriginale
462 2754 488 2804 in
507 2755 604 2812 charta,
624 2754 744 2820 sigillum
763 2754 927 2820 impressum.
950 2755 980 2804 In
1000 2754 1070 2803 arch.
1090 2754 1136 2803 lib.
1157 2769 1211 2817 reg.
1232 2752 1280 2802 civ.
1302 2753 1406 2818 zagrab.

806 3005 888 3071 313.

319 3148 394 3192 Anno
419 3149 490 3201 1383,
512 3154 533 3192 l.
554 3144 690 3194 februarii.
711 3146 863 3210 Zagrabiae.

277 3273 423 3328 hircinum
447 3273 549 3328 Μιυτί
570 3274 671 3330 italicis
692 3276 815 3351 capitali
833 3277 950 3349 zagrub.
973 3278 1081 3334 cieu'bus
1110 3276 1318 3334 Grcclrensibra·
1340 3277 1424 3333 illato

756 3382 934 3454 reserantur.

304 3522 378 3577 ltem
405 3522 434 3577 in
459 3538 537 3578 anno
561 3522 678 3579 domini
704 3524 870 3581 millesimo
889 3525 1130 3583 CCCLXXXlll.
1148 3527 1177 3582 in
1195 3525 1349 3582 dominica
1366 3525 1478 3581 carnis-

217 3627 318 3699 privii.
343 3629 463 3683 ltlarcus
495 3628 637 3684 ofticialis
668 3645 720 3684 seu
752 3629 844 3687 iudex
876 3632 1004 3703 capituli
1035 3632 1162 3688 ecclesie
1185 3632 1400 3703 zagrabiensis‚
1424 3647 1480 3704 per
1526 3646 1530 3652 ·

216 3732 296 3788 idem
322 3734 491 3805 capitulum
516 3735 705 3804 constitutus,
730 3751 768 3791 ex
792 3737 868 3793 scitu
893 3744 922 3793 et
945 3738 1163 3793 commissione
1190 3737 1328 3795 eiusdem
1352 3737 1481 3810 capituli

215 3854 345 3894 unacum
371 3839 433 3894 suis
457 3846 487 3896 et
519 3841 615 3911 ipsius
639 3841 766 3913 capituli
795 3840 1002 3899 familiaribus
1031 3848 1100 3899 ante
1124 3851 1244 3916 portam
1269 3858 1383 3899 novam
1407 3843 1480 3900 civi·

215 3944 286 3999 tatis
310 3944 447 4015 predicte
472 3946 685 4016 potencialiter
707 3946 861 4017 irruendo
888 3947 1012 4004 l'etrum
1037 3949 1136 4005 civem
1153 3948 1234 4005 dicte
1250 3948 1391 4018 civitatis,
1408 3954 1480 4005 tunc

215 4065 360 4121 sponsam
396 4066 447 4105 seu
479 4066 608 4107 uxorem
641 4068 728 4108 suam
760 4052 930 4122 ducentem,
963 4053 1081 4111 crudeli
1112 4071 1185 4111 nece
1220 4054 1423 4112 interemisset
1446 4070 1482 4112 ac

216 4156 314 4226 ipsam
340 4171 484 4227 sponsam
509 4173 595 4213 suam
621 4159 652 4213 vi
677 4166 705 4214 et
723 4160 936 4231 potencialiter
951 4160 1089 4233 recipere
1106 4161 1262 4230 voluisset,
1279 4161 1481 4233 hominesque

215 4260 329 4316 dictam
347 4277 493 4332 sponsam
509 4262 713 4320 conducentes
732 4281 830 4336 usque
854 4272 975 4338 portam
1002 4265 1137 4338 predicte
1161 4266 1295 4323 civitatis
1318 4282 1375 4338 per
1391 4267 1480 4322 emis·

216 4367 316 4422 siones
335 4367 516 4437 sagittarum
533 4370 727 4439 allugassent.
743 4370 859 4442 llisque
876 4370 956 4427 idem
972 4372 1093 4427 Marcus
1109 4386 1168 4428 non
1186 4377 1354 4440 contentus,
1372 4370 1481 4427 eodem

216 4471 265 4527 die
300 4473 458 4544 premissis
490 4481 739 4547 perpetratorum
764 4493 895 4533 unacum
920 4477 1098 4534 hominibus
1129 4477 1246 4534 domini
1272 4476 1399 4547 Nicolai‚
1423 4477 1480 4534 filii

218 4575 350 4645 ltrislini,
382 4579 531 4649 prepositi
561 4579 641 4636 dicte
672 4581 798 4637 ecclesie
821 4582 1036 4654 zagrabiensis‚
1059 4599 1097 4640 ex
1122 4588 1325 4656 preconcepta
1360 4583 1482 4640 malicia

217 4681 470 4739 Bartholomeum
502 4690 531 4740 et
561 4686 726 4743 Martinum
757 4687 840 4744 cives
873 4687 954 4745 dicte
981 4689 1113 4747 civitatis
1142 4690 1174 4746 in
1203 4689 1314 4746 tenutis
1337 4687 1410 4746 dicti
1433 4704 1482 4745 ca·

217 4788 309 4860 pituli
333 4789 524 4862 reperiendo,
548 4790 623 4848 diris
646 4792 814 4850 vulnerum
836 4795 940 4868 plagis
963 4795 1143 4866 affecissent,
1167 4796 1309 4870 potencia
1328 4793 1482 4852 mediante
