3488 5242
596 352 668 408 Doc.
693 365 763 428 240.
788 363 857 428 247.
885 385 922 393 -
948 352 1003 408 An.
1029 346 1120 428 1564.

819 542 909 608 246.

337 689 414 735 Anno
437 685 510 744 1364,
531 693 571 742 25.
591 684 664 750 Julii.
686 683 715 733 In
735 683 800 734 villa
819 683 957 734 Gerender.

254 813 416 870 ludovicus
439 813 616 884 Hungorioe
638 820 684 868 clc.
708 831 770 881 rex,
793 819 932 868 monetam
955 812 985 866 in
1008 812 1170 883 Hungorio
1193 831 1300 882 curtim,
1324 814 1354 868 in
1377 832 1465 885 regno

515 918 649 975 Croalr'oe
671 926 700 976 et
721 918 878 975 Sloooniuc
898 917 1098 989 acceptandum
1121 925 1212 974 curat,

318 1063 491 1120 Lodouicus
526 1061 575 1119 dei
609 1063 713 1134 gracia
746 1079 801 1120 rex
837 1064 1002 1136 Hungarie.
1039 1065 1138 1122 Fideli
1173 1078 1229 1120 suo
1260 1063 1436 1120 venerabili
1467 1063 1497 1119 in

228 1170 352 1226 Christo
376 1169 466 1242 patri,
491 1168 617 1225 domino
641 1168 805 1241 Stephano
834 1171 1025 1242 zagrabiensi
1057 1171 1212 1243 episcope,
1236 1171 1384 1241 regnique
1407 1168 1492 1226 Scla-

230 1275 321 1331 uonie
344 1275 460 1330 vicario
484 1274 621 1344 generali
645 1274 778 1331 salutem
801 1280 832 1332 et
854 1277 998 1347 graciam.
1023 1276 1187 1347 Noveritis,
1208 1274 1290 1348 quod
1317 1283 1381 1331 tam
1403 1276 1491 1332 nobi-

231 1382 307 1437 lium
333 1395 427 1452 quam
452 1381 678 1437 civitatensium
703 1381 733 1437 in
763 1396 860 1452 regno
891 1387 996 1438 nostro
1027 1381 1190 1439 Sclauonie
1221 1383 1281 1438 iam
1307 1380 1389 1437 dicto
1420 1396 1490 1437 eon·

230 1486 407 1542 sistencium
440 1486 633 1557 querimonia
657 1502 745 1543 aures
779 1487 973 1559 propulsavit
995 1493 1099 1544 nostre
1129 1488 1306 1554 maiestatis,
1330 1486 1413 1558 quod
1437 1486 1493 1543 illa

181 1583 182 1587 ’
234 1598 356 1648 moneta
379 1607 468 1661 nova,
493 1607 587 1663 quam
612 1592 642 1648 in
666 1591 774 1649 eodem
791 1608 886 1664 regno
902 1608 1056 1666 exponere
1072 1593 1228 1650 intenditis
1251 1591 1499 1662 discurrendam,

232 1698 275 1753 eis
299 1697 429 1753 nimium
454 1696 541 1753 fieret
564 1698 682 1764 nociva,
706 1713 813 1768 ymmo
829 1714 867 1754 ex
884 1698 1022 1755 eiusdem
1039 1699 1234 1771 exposicione
1257 1699 1374 1755 cunctis
1400 1698 1497 1770 ipsius

233 1802 319 1872 regni
343 1802 452 1858 incolis
476 1801 647 1874 dampnum
670 1803 879 1860 intollerabile
895 1809 926 1859 et
941 1803 1154 1859 turbaciunem
1178 1818 1237 1859 non
1256 1801 1410 1859 modicam
1429 1819 1497 1876 pre·

231 1908 399 1964 sensissent
421 1908 551 1964 evenire.
580 1907 684 1979 Quare
715 1907 859 1965 fidelitati
889 1914 991 1965 vestre
1021 1909 1120 1965 firmis
1144 1908 1254 1965 damus
1277 1909 1308 1965 in
1333 1909 1496 1979 mandatis

230 2019 388 2085 quatenus
413 2014 438 2070 si
462 2028 533 2069 cum
557 2012 674 2070 eisdem
698 2014 857 2071 nobilibus
880 2020 910 2071 et
926 2015 1158 2071 civitatensibus
1185 2014 1326 2088 poteritis
1352 2013 1499 2072 ordinare

233 2123 266 2174 ut
290 2117 429 2191 predicta
452 2125 575 2175 moneta
598 2119 628 2175 in
659 2119 769 2176 eodem
801 2119 953 2177 discurrat
984 2136 1080 2192 regno
1114 2120 1211 2193 ipsius
1236 2120 1406 2176 incolarum
1431 2135 1499 2177 mu·

231 2225 289 2280 tuis
314 2224 420 2280 usibus
444 2224 660 2297 exponendam
682 2226 767 2281 iuxta
784 2231 921 2282 vestram
938 2225 1152 2296 intencionem,
1171 2226 1248 2282 bene
1268 2224 1406 2297 quidem,
1422 2226 1498 2282 alio·

230 2331 304 2402 quin
329 2329 445 2387 factum
470 2332 566 2404 ipsius
589 2337 712 2388 monete
739 2332 843 2389 taliter
874 2331 1053 2405 disponatis,
1085 2339 1118 2388 ut
1148 2331 1257 2388 eadem
1289 2336 1411 2387 moneta
1443 2347 1498 2387 nec

229 2437 388 2493 nobilibus
413 2445 441 2493 et
465 2438 698 2494 civitatensibus
722 2437 868 2510 predictis
892 2437 931 2494 sit
954 2437 1063 2493 nociva
1080 2442 1109 2494 et
1125 2436 1306 2510 dampnosa,
1326 2453 1382 2493 nec
1398 2438 1498 2493 eciam

229 2542 319 2598 nobis
342 2541 515 2615 dampnum
539 2543 660 2599 eveniat
683 2559 722 2599 ex
745 2542 861 2600 eadem.
892 2543 925 2599 In
956 2558 1029 2599 casu
1059 2549 1171 2611 autem,
1199 2557 1262 2615 quo
1285 2542 1396 2599 horum
1423 2559 1495 2599 neu-

231 2655 312 2704 trum
337 2647 437 2704 iacere
462 2650 601 2721 possetis,
626 2654 697 2705 tunc
721 2649 811 2706 nobis
836 2665 871 2706 ea
895 2649 1032 2705 seriatim
1056 2649 1241 2719 rescribatis,
1261 2654 1295 2705 ut
1317 2663 1372 2705 nos
1389 2648 1499 2705 exinde

230 2752 439 2810 deliberemus
463 2753 537 2825 quid
562 2753 655 2811 fuerit
679 2753 866 2812 faciendum.
895 2755 1009 2810 Datum
1029 2754 1153 2811 invilla
1173 2754 1357 2824 Gerencher,
1374 2755 1403 2811 in
1421 2753 1499 2811 sesto

232 2858 315 2915 beati
337 2859 446 2941 Jacobi
469 2860 611 2932 apostoli.
637 2861 725 2916 Anno
749 2859 867 2918 domini
891 2860 1060 2917 millesimo
1083 2859 1216 2916 CCCLX
1239 2866 1357 2932 quarto

321 2993 461 3058 originale
481 2994 507 3043 in
527 2994 624 3052 charta,
644 2994 670 3042 in
690 3008 742 3057 qua
762 2993 919 3059 impressum
932 3002 971 3045 est
983 3001 1112 3045 secretum
1132 2994 1251 3058 sigillum
1272 2994 1342 3059 regis
1359 2993 1498 3044 Ludovici.

233 3083 263 3132 In
285 3080 384 3130 archiv.
405 3082 484 3130 Acad.
504 3082 598 3131 Scicnt.
618 3083 686 3131 Slav.
707 3081 799 3131 merid.

823 3316 910 3384 247.

339 3459 415 3505 Anno
439 3459 511 3517 1364,
532 3468 571 3516 30.
591 3458 665 3524 Julii.
687 3446 800 3507 Casmac.

233 3586 395 3658 Stephanus
421 3585 478 3641 ΙΙΙ.
503 3586 618 3658 nrgrob.
643 3586 785 3657 rssz'scrytus
807 3585 840 3641 ele
863 3554 1213 3659 actibus'sollempnitatis
1235 3585 1417 3656 suri-apina·
1430 3583 1498 3656 ogit.

321 3728 494 3800 Stephanus
519 3728 568 3785 dei
593 3735 622 3785 et
644 3728 815 3800 apostolice
839 3728 920 3785 sedis
943 3730 1047 3801 gracia
1064 3729 1228 3802 episcopus
1244 3728 1372 3784 ecclesie
1395 3742 1501 3798 ragra-

233 3835 353 3891 biensis
379 3835 530 3891 Omnibus
552 3834 590 3890 ad
615 3849 692 3906 quos
716 3840 874 3906 presentes
897 3833 1102 3907 pervenerint,
1136 3850 1275 3906 quosque
1300 3849 1425 3906 presens
1448 3849 1500 3889 ne-

232 3942 355 4012 gocium
380 3942 476 4012 tangit
501 3942 549 3998 vel
576 3947 700 4011 tangere
730 3942 844 4013 poterit
868 3941 1104 4013 quomodolibet
1136 3941 1165 3996 in
1196 3939 1343 4010 futurum,
1368 3938 1501 3994 salutem

232 4047 262 4103 in
286 4045 412 4103 domino
436 4048 666 4119 sempiternam.
690 4047 816 4103 Placens
840 4047 898 4103 deo
923 4052 1064 4103 veterum
1096 4047 1127 4102 in
1154 4045 1248 4102 domo
1273 4044 1390 4101 domini
1417 4044 1497 4100 mili-

232 4153 366 4209 tancium
392 4153 589 4210 conversacio
613 4158 642 4209 et
665 4152 728 4209 fida
759 4168 888 4225 operum
921 4152 1075 4209 exhibicio
1117 4151 1230 4208 meruit
1253 4150 1442 4219 eorumdem,
1466 4154 1500 4206 ut

235 4256 274 4313 ad
299 4258 382 4329 ipsos
407 4274 462 4330 per
486 4258 657 4329 regnicolas
680 4259 710 4314 in
734 4273 843 4315 eorum
866 4257 993 4330 agendis
1016 4258 1189 4330 specialior,
1215 4272 1301 4313 more
1317 4256 1417 4328 patrie
1434 4255 1500 4312 lau·

233 4362 330 4419 dabili
356 4370 385 4419 et
409 4364 509 4420 tucior
533 4379 674 4420 recursus
698 4364 864 4432 habeatur;
895 4363 948 4420 sed
982 4362 1190 4435 quorumdam
1215 4355 1435 4419 modernorum
1460 4361 1499 4417 ad

233 4469 351 4525 bonum
377 4471 465 4542 pigra
488 4469 526 4525 ad
552 4470 671 4527 malum
695 4485 769 4526 vero
792 4485 890 4543 prona
914 4469 1070 4526 subtilitas
1094 4469 1236 4541 priorum
1252 4482 1380 4524 suorum
1396 4472 1500 4538 gestus

232 4574 406 4631 laudabiles
434 4575 557 4631 sinistra
594 4575 722 4633 molitur
752 4576 874 4632 accione
905 4575 1090 4647 extinguere.
1123 4573 1212 4632 Unde
1243 4572 1360 4630 factum
1389 4578 1442 4643 est,
1468 4579 1501 4630 ut

233 4679 443 4752 quorumdam
467 4680 607 4737 locorum
631 4680 868 4752 collegiatorum
892 4687 922 4738 et
946 4680 1197 4738 conventualium
1220 4683 1355 4737 rectores
1379 4686 1409 4736 et
1431 4694 1501 4752 per-

237 4801 318 4855 sone,
343 4784 417 4842 dum
442 4785 603 4858 cupiditati
627 4802 680 4843 sue
703 4785 789 4844 frena
812 4787 997 4858 restringere
1025 4790 1054 4842 et
1086 4800 1195 4842 manus
1217 4800 1236 4842 a
1260 4799 1388 4842 munere
1411 4799 1502 4841 excu-
