3488 5242
683 336 756 394 Duc.
781 332 848 397 181.
879 370 914 380 -
940 338 996 396 An.
1021 352 1109 416 1342.

855 549 933 615 181.

369 690 445 738 Auno
467 698 541 748 1342,
564 699 601 748 14.
622 688 776 738 decembris.
796 688 825 738 In
846 689 984 755 Vilegrad.

269 816 434 890 Capitulum
464 817 580 888 zagrali.
616 817 695 874 iussu
733 817 873 874 Liutuuici
897 818 1073 889 Huugariae
1099 827 1144 877 etc.
1173 821 1249 892 regis
1276 821 1305 876 ia
1333 838 1414 877 ustuu
1440 827 1528 892 prac-

263 924 417 994 rujgcutium
440 923 649 980 immunitatum
679 924 716 979 ab
743 925 822 980 ariani
849 926 995 982 exactione
1018 927 1088 991 riiui,
1110 927 1192 982 bladi
1219 934 1247 982 et
1274 926 1459 982 denariorum
1492 925 1534 981 ad

592 1035 717 1086 castium
741 1029 874 1099 Meauut,
897 1030 1019 1087 imarum
1047 1032 1190 1088 statuitur.

351 1171 525 1229 Lodovicus
541 1171 590 1229 dei
606 1173 710 1246 gracia
724 1189 779 1230 rex
792 1175 957 1247 Hungarie.
971 1175 993 1230 1³
995 1173 1069 1232 ideli
1082 1190 1137 1231 suo
1150 1173 1316 1247 magnifico
1333 1175 1400 1232 viro
1418 1173 1530 1246 Mykch

262 1279 344 1335 bano
360 1278 458 1335 tocius
474 1276 655 1335 Sclauoniae
671 1279 804 1336 salutem
820 1284 849 1336 et
865 1280 1010 1353 graciam.
1027 1280 1156 1337 Noverit
1173 1285 1276 1338 vestra
1292 1279 1426 1338 fidelitas
1446 1278 1530 1352 quod

261 1384 444 1442 honorabile
467 1384 639 1456 capitulum
663 1384 791 1441 ecclesie
814 1385 1021 1457 zagrabiensis
1038 1403 1093 1459 per
1115 1388 1219 1444 virum
1234 1386 1403 1444 discretum
1426 1395 1456 1443 et
1472 1387 1526 1443 ho-

262 1496 384 1546 nestum
414 1489 599 1562 magistrum
627 1490 779 1572 Jacobum
808 1491 1001 1564 prepositum
1028 1491 1167 1550 eiusdem
1195 1493 1323 1549 ecclesie
1353 1491 1527 1565 significare

261 1596 384 1654 curavit
416 1596 580 1667 querulose
610 1602 714 1653 nostre
745 1597 907 1668 maiestati,
948 1597 1082 1669 qualiter
1112 1603 1218 1655 contra
1245 1598 1423 1655 libertatem
1447 1597 1527 1655 dicte

262 1702 390 1759 ecclesie
416 1716 472 1774 per
494 1708 615 1758 nostros
639 1703 852 1775 progenitores
875 1703 1010 1774 gratiose
1034 1710 1062 1760 et
1086 1704 1253 1761 salubriter
1276 1704 1336 1761 sibi
1359 1702 1473 1761 factam
1500 1712 1529 1759 et

263 1806 381 1864 dudum
407 1822 583 1864 concessam
607 1805 894 1865 efficacissimorum
919 1808 1164 1881 privilegiallum
1184 1810 1459 1866 instrumentorum
1484 1810 1528 1865 vi·

261 1928 336 1985 gore
373 1913 527 1970 mediante
557 1911 596 1968 ad
628 1919 762 1970 castrum
793 1913 923 1986 liedvey
956 1931 1013 1988 per
1043 1914 1237 1972 diversarum
1269 1915 1472 1972 collectarum
1499 1922 1528 1972 et

261 2020 459 2077 exaccionum
482 2019 598 2076 honera
622 2017 783 2076 videlicet:
807 2020 880 2091 vini,
913 2018 1000 2076 bladi
1032 2026 1062 2076 et
1089 2019 1287 2077 denariorum
1308 2021 1375 2093 ipsa
1398 2021 1527 2078 ecclesia

259 2126 391 2183 nimium
415 2125 494 2182 foret
517 2131 685 2197 aggravata
700 2130 730 2181 et
747 2140 905 2198 oppressa,
926 2132 1064 2198 petentes
1080 2131 1218 2183 nostram
1234 2126 1454 2184 excellenciam
1470 2127 1526 2184 hu-

261 2231 378 2288 militer
400 2230 614 2304 supplicando,
646 2236 679 2287 ut
710 2231 811 2303 ipsam
843 2231 1005 2288 ecclesiam
1029 2231 1069 2287 ab
1093 2230 1271 2288 huiusmodi
1295 2231 1448 2302 indebitis
1472 2232 1525 2288 ho·

259 2338 376 2394 nerosis
399 2337 634 2408 gravaminibus
657 2337 768 2394 intuitu
792 2336 896 2394 divine
916 2338 1038 2409 pietatis
1054 2338 1243 2394 exhonerare
1260 2336 1467 2409 dignaremur,
1485 2338 1526 2394 ab

262 2441 369 2499 eadem
394 2442 595 2515 oppressione
618 2442 733 2499 dictam
756 2443 919 2499 ecclesiam
937 2443 988 2515 pio
1005 2443 1135 2500 humero
1155 2442 1330 2500 relevanda.
1349 2443 1444 2514 Igitur
1459 2458 1526 2513 nos,

260 2549 313 2620 qui
336 2565 374 2605 ex
397 2547 503 2605 debitb
527 2548 623 2605 nostri
640 2547 742 2606 oflicii
765 2554 889 2605 cunctas
913 2548 1058 2605 ecclesias
1080 2550 1164 2619 regni
1193 2549 1290 2605 nostri
1314 2564 1447 2620 quarum
1471 2564 1524 2622 pa·

259 2654 338 2711 troni
362 2654 521 2710 existimus
546 2652 669 2710 favente
693 2653 797 2711 diviua
821 2655 989 2711 clemencia
1012 2655 1170 2727 speciales,
1187 2670 1382 2727 quarumque
1405 2655 1522 2711 oracio·

257 2775 332 2816 num
355 2759 599 2831 suffragantibus
624 2761 741 2818 meritis
765 2761 901 2818 vivimus
932 2768 962 2817 et
993 2775 1166 2833 regnamus,
1192 2761 1265 2817 visis
1294 2761 1403 2817 litteris
1429 2761 1525 2834 privi-

257 2865 423 2937 legialibus
448 2864 566 2922 domini
589 2864 737 2939 Stephani
761 2868 838 2924 olim
861 2867 943 2939 regis
960 2866 1125 2938 Hungarie,
1150 2867 1199 2923 avi
1223 2868 1320 2923 nostri
1343 2867 1524 2935 charissimi,

258 2970 356 3029 felicis
379 2973 537 3038 memorie,
569 2978 723 3029 caractere
743 2988 834 3030 auree
859 2973 948 3029 bulle
978 2972 1117 3029 eiusdem
1144 2973 1337 3044 consignatis,
1367 2973 1526 3030 libertates

257 3076 338 3135 dicte
369 3078 497 3134 ecclesie
528 3078 734 3149 zagrabiensis
765 3079 1019 3151 exprimentibus,
1052 3078 1181 3135 eandem
1209 3078 1373 3135 ecclesiam
1406 3080 1435 3136 in
1460 3080 1523 3134 suis

256 3184 454 3240 libertatibus
478 3199 534 3257 per
558 3184 625 3256 pios
649 3186 861 3258 progenitores
878 3191 998 3242 nostros
1015 3185 1116 3242 eidem
1133 3187 1283 3242 concessis
1302 3186 1439 3242 volentes
1456 3186 1523 3242 ille·

256 3305 323 3346 sam
347 3298 377 3345 et
400 3288 599 3362 indempnem
624 3305 816 3360 conservare,
843 3290 880 3348 de
904 3292 1031 3364 eiusque
1054 3296 1134 3348 statu
1154 3291 1284 3364 pacifico
1301 3299 1330 3347 et
1354 3292 1523 3363 tranquillo

257 3395 363 3466 utique
394 3394 556 3466 invigilare
587 3396 753 3467 cupientes,
780 3397 893 3454 amodo
924 3404 953 3453 et
983 3396 1127 3470 deinceps
1159 3396 1197 3453 de
1227 3397 1340 3469 pietate
1365 3399 1448 3468 regia
1482 3398 1523 3454 ab
1612 3412 1617 3425 ·

256 3500 418 3556 exaccione
442 3500 665 3570 premissarum
688 3500 896 3558 indebitarum
919 3502 1119 3558 exaccionum
1140 3502 1273 3559 liberam
1289 3502 1436 3558 volumus
1453 3502 1521 3559 fieri

257 3611 407 3678 perpetuo
437 3619 564 3676 prorsus
594 3612 623 3661 et
653 3613 872 3679 exempmtam.
906 3608 1010 3679 ltaque
1041 3614 1142 3664 vestre
1169 3606 1312 3665 fidelitati
1335 3607 1522 3666 firmissimis

256 3710 366 3767 damus
390 3712 419 3768 in
443 3713 597 3784 preceptis
621 3722 770 3784 quatenus
788 3719 929 3787 pretextu
950 3712 1102 3769 dictarum
1119 3714 1317 3770 exaccionum
1334 3714 1406 3782 vini,
1431 3714 1518 3770 bladi

256 3823 284 3872 et
308 3816 505 3873 denariorum
529 3833 563 3873 ac
587 3821 770 3889 quorumvis
794 3819 976 3876 victualium
1000 3827 1029 3874 et
1055 3819 1257 3875 serviciorum
1280 3818 1318 3874 ad
1340 3818 1456 3874 dictum
1473 3835 1522 3876 ca·

255 3928 354 3979 strum
376 3921 629 3994 exhigendorum,
653 3939 671 3980 a
695 3925 807 3996 quibus
840 3924 983 3982 videlicet
1017 3924 1124 3981 eadem
1149 3924 1277 3980 ecclesia
1305 3941 1342 3980 ex
1365 3925 1468 3996 gracia
1492 3934 1521 3983 el

255 4027 368 4100 pietate
392 4029 624 4100 progenitorum
648 4037 825 4087 nostrorum
841 4030 941 4087 extitit
968 4031 1097 4087 liberata
1121 4030 1161 4086 ab
1185 4031 1320 4101 antiqu0,
1345 4031 1520 4087 nullatenus

255 4132 368 4189 amodo
392 4134 561 4205 inquietare
585 4136 770 4207 presumatis
794 4143 824 4192 et
849 4137 966 4208 pariter
989 4152 1167 4207 aggravare,
1192 4135 1246 4191 sed
1270 4135 1397 4192 eandem
1422 4137 1519 4193 eccle·

254 4239 331 4295 siam
357 4240 485 4310 pristina
516 4256 571 4296 sua
604 4240 800 4312 privilegiata
833 4243 974 4298 libertate
1005 4240 1132 4314 pacifice
1164 4240 1282 4313 perfrui
1306 4248 1335 4297 et
1359 4242 1517 4312 gratulari,

254 4343 371 4415 absque
395 4345 534 4402 ulteriori
559 4346 776 4418 inquietatione
794 4348 985 4419 permittatis
1004 4346 1157 4403 Volumus
1174 4348 1300 4402 enimet
1318 4346 1519 4404 nihilominus

254 4454 418 4506 statuentes
439 4450 476 4506 de
500 4452 691 4524 plenitudine
717 4454 798 4524 regie
816 4453 974 4526 potestatis
997 4453 1237 4509 committimus:
1261 4458 1294 4507 ut
1318 4451 1423 4507 nullus
1446 4452 1518 4522 dux,

255 4555 304 4610 vel
340 4555 437 4612 banus
472 4558 570 4614 tocius
602 4556 764 4615 Sclauonie
794 4558 922 4616 eandem
955 4558 1117 4614 ecclesiam
1148 4557 1378 4628 zagrabiensem
1410 4564 1515 4614 contra

254 4660 438 4731 premissam
461 4663 597 4734 graciam
621 4671 651 4721 et
683 4665 858 4721 libertatem
890 4663 948 4720 sibi
979 4678 1036 4736 per
1069 4663 1136 4736 pios
1162 4663 1374 4735 progenitores
1397 4668 1518 4719 nostros

253 4762 375 4835 iactam,
399 4772 428 4823 et
452 4783 508 4840 per
530 4783 585 4825 nos
608 4785 646 4826 ex
670 4776 751 4827 certe
773 4769 902 4827 sciencia
925 4776 955 4825 et
975 4767 1014 4825 de
1037 4767 1165 4825 consilio
1186 4767 1397 4840 praelatorum
1414 4774 1443 4824 et
1460 4767 1514 4824 ba·
