3488 5242
552 328 625 386 Dac.
650 322 701 384 86.
727 323 775 402 87.
802 360 838 370 —
865 327 921 384 An.
946 336 1161 404 1294-1295.

825 521 888 586 86.

329 664 406 713 Circa
425 679 464 713 an.
488 673 560 724 1294,
581 672 621 720 23.
641 661 721 728 Junii.
742 660 838 710 Budae.

248 794 380 850 Andreas
404 792 463 848 ΙΙΙ.
487 790 663 862 Hungarr'aa
685 797 731 846 etc.
754 808 816 856 rex,
839 789 999 847 nutriendis
1021 789 1179 847 custodibus
1201 791 1231 845 in
1254 807 1320 846 arce
1340 788 1472 855 maneat

586 914 728 952 cameram
750 895 785 951 de
808 895 957 969 Zagrabta
979 897 1115 969 assignat.

312 1058 449 1117 Andreas
472 1059 522 1116 dei
545 1058 649 1131 gracia
672 1074 727 1115 rex
750 1058 916 1130 Hungarie.
946 1057 1104 1115 Fidelibus
1136 1058 1199 1114 suis
1222 1056 1261 1114 de
1284 1062 1388 1115 monte
1411 1055 1482 1114 Gre

223 1166 305 1223 censi
328 1165 459 1221 salutem
483 1171 512 1221 et
535 1164 672 1235 graciam
696 1163 820 1236 plenam
845 1178 916 1219 cum
940 1162 1116 1220 dileccione.
1142 1161 1304 1231 Noveritis,
1328 1161 1411 1233 quod
1429 1177 1487 1235 pro

221 1286 266 1341 eo,
290 1269 372 1343 quod
397 1269 435 1326 de
459 1276 559 1326 castro
585 1276 689 1326 nostro
722 1268 840 1325 Medwe
872 1276 990 1339 vocato,
1021 1269 1111 1326 vobis
1141 1275 1172 1325 et
1201 1267 1240 1324 ad
1267 1282 1324 1324 vos
1347 1273 1487 1341 spectan-

223 1377 306 1433 tibus
335 1391 392 1448 per
426 1375 570 1431 comitem
610 1375 754 1446 Gyanum
786 1375 874 1431 illata
904 1373 998 1432 fuisse
1027 1373 1171 1431 dicuntur
1205 1378 1396 1442 nocumenta,
1431 1387 1487 1430 nos

224 1485 291 1555 ipsa
315 1482 472 1553 cupientes
494 1486 678 1538 nocumenta
701 1496 718 1537 a
741 1480 832 1537 vobis
863 1487 892 1538 et
924 1481 1034 1537 vestris
1064 1495 1218 1550 amovere,
1250 1493 1406 1535 cameram
1434 1492 1487 1535 no-

223 1596 318 1645 stram
342 1586 381 1643 de
405 1585 555 1659 Zagrabia
579 1585 680 1644 eidem
704 1586 792 1643 Gano
816 1586 962 1643 duximus
985 1584 1204 1643 conferendam
1228 1585 1278 1655 ita,
1302 1593 1334 1641 ut
1349 1583 1486 1657 amplius

222 1693 260 1750 de
285 1693 394 1751 eodem
419 1696 518 1749 castro
542 1699 647 1750 nostro
670 1693 793 1750 nullum
817 1700 1037 1749 nocumentum
1067 1690 1175 1748 inferri
1203 1695 1407 1764 presumatur,
1431 1687 1486 1746 sed

222 1800 260 1857 de
282 1801 394 1857 nostris
417 1801 510 1856 rebus
533 1798 674 1856 custodes
697 1801 877 1857 nutriantur.
901 1797 933 1857 Si
957 1799 1009 1871 qui
1030 1804 1132 1855 autem
1149 1801 1255 1854 contra
1270 1797 1328 1853 hoc
1344 1801 1485 1852 nostrum

223 1913 404 1979 preceptum
429 1911 697 1979 presumpnentur,
721 1906 811 1962 nobis
834 1906 865 1963 in
888 1905 999 1962 vestris
1023 1904 1121 1961 literis
1142 1901 1254 1959 curetis
1277 1901 1427 1970 intimare,
1451 1905 1485 1956 ut
1516 1888 1519 1895 ’

222 2012 313 2069 huius
337 2011 473 2068 mandati
496 2011 593 2067 nostri
624 2016 863 2082 transgressores
893 2009 987 2082 digna
1018 2010 1139 2067 ulcione
1169 2024 1226 2081 per
1248 2022 1303 2065 nos
1326 2005 1483 2064 feriantur.

221 2119 336 2176 Datum
360 2117 452 2187 Bude,
476 2119 506 2174 in
531 2117 638 2188 vigilia
662 2117 743 2174 beati
766 2117 914 2199 Johannis
936 2118 1078 2191 baptiste.

312 2254 392 2303 Liber
413 2253 481 2318 priv.
501 2262 619 2317 eppatus.
639 2253 742 2319 zagrab.
770 2251 815 2302 sol.
839 2253 881 2302 ὁὸ.
902 2252 928 2302 in
947 2252 1056 2302 archivo
1075 2251 1303 2316 archiepiscopali,
1330 2249 1483 2314 Zagrabiae.

227 2372 256 2379 -
277 2343 351 2408 Joan.
371 2342 486 2392 Tkaldic'.
513 2342 582 2391 Mon.
607 2341 666 2391 hist.
692 2341 806 2407 episcop.
835 2341 939 2406 zagrab.
964 2341 984 2390 1.
1005 2357 1029 2406 p.
1050 2350 1108 2399 233.

824 2623 885 2691 87.

327 2786 402 2832 Anno
425 2792 498 2846 1295,
518 2793 541 2841 5.
558 2782 680 2848 januarii.
700 2782 852 2848 Zagrabiae.

222 2913 362 2970 Nr'calaus
384 2915 556 2970 castellanus
576 2914 611 2971 de
634 2913 762 2971 Medued
780 2914 894 2988 erasque
909 2915 1012 2989 frater
1031 2913 1165 2989 Janinus
1186 2932 1248 2970 cum
1270 2912 1428 2986 hospitatus
1449 2911 1484 2969 de

221 3028 312 3077 inante
342 3020 502 3077 Gracdausr'
522 3022 680 3077 iartrmeuta
702 3039 760 3077 sese
783 3022 900 3077 ittttr'cem
924 3021 958 3078 da
974 3020 1202 3099 natrjnserendr's
1217 3021 1332 3076 insanis
1348 3019 1482 3091 ablegant.

308 3182 371 3238 Nos
394 3182 549 3264 Johannes
572 3183 773 3240 miseracione
797 3181 902 3239 divina
932 3184 1096 3256 episcopus
1119 3182 1325 3255 zagrabiensis
1349 3188 1378 3238 et
1401 3182 1483 3254 capi-

222 3288 323 3344 tulum
349 3288 408 3344 loci
432 3286 577 3344 eiusdem.
605 3286 821 3359 Significamus
852 3289 966 3361 quibus
996 3287 1121 3362 expedit
1151 3288 1311 3357 universis,
1335 3288 1485 3344 memorie

220 3392 478 3463 commendantes,
503 3393 586 3465 quod
610 3409 713 3451 eomes
733 3394 842 3451 Nicola
865 3395 1050 3451 castellanus
1065 3393 1183 3451 domini
1198 3394 1280 3465 regis
1302 3392 1340 3450 de
1365 3391 1485 3451 Medwe

220 3508 249 3555 et
271 3499 399 3580 Janinus
423 3497 517 3555 irater
541 3499 687 3569 eiusdem,
710 3500 751 3556 ab
781 3516 841 3556 una
872 3508 968 3574 parte,
1000 3508 1030 3557 et
1059 3499 1200 3557 Andreas
1227 3499 1328 3556 maior
1349 3499 1426 3555 ville
1450 3514 1485 3555 ac

221 3604 403 3661 universitas
427 3605 541 3661 civium
567 3605 768 3662 Grecensium
791 3621 829 3662 ex
853 3606 958 3676 altera,
980 3607 1010 3663 in
1033 3606 1130 3664 nostri
1160 3605 1318 3679 presencia
1340 3619 1484 3678 persona·

220 3711 290 3767 liter
313 3711 478 3780 constituti,
503 3712 647 3768 omnibus
672 3712 787 3782 litibus,
815 3711 1054 3771 adversitatibus
1077 3720 1108 3771 et
1131 3713 1303 3770 inimiciciis
1323 3726 1418 3786 super
1441 3711 1484 3768 in·

219 3817 313 3886 iuriis
338 3816 483 3890 dampnis
507 3824 536 3874 et
560 3833 762 3890 personarum
787 3820 986 3891 capcionibus
1009 3835 1063 3876 seu
1079 3818 1311 3876 detencionibus
1327 3818 1398 3875 hinc
1414 3816 1484 3875 inde

219 3922 361 3993 irrogatis
385 3921 537 3978 intereos
561 3924 682 3979 racione
706 3924 866 3982 occisionis
890 3924 1029 3995 Petrilce,
1053 3924 1112 3982 filii
1136 3922 1226 3995 Beni,
1250 3924 1394 3993 subortis,
1415 3925 1484 3997 paci

219 4027 411 4083 consulentes
442 4028 526 4085 iuxta
558 4028 738 4086 mandatum
767 4029 884 4088 domini
915 4032 1004 4103 regis,
1036 4032 1157 4104 penitus
1187 4030 1404 4087 renunciarent
1433 4031 1484 4100 ita,

220 4131 303 4204 quod
335 4132 491 4205 predictus
521 4150 624 4191 comes
656 4135 764 4192 Nicola
787 4140 817 4192 et
846 4137 974 4219 Janinus
1005 4135 1100 4195 frater
1123 4153 1196 4194 suus
1227 4152 1263 4193 ac
1290 4134 1422 4208 quilibet
1453 4135 1483 4192 in

219 4254 325 4296 eorum
350 4240 480 4296 servicio
504 4242 660 4298 constituti
683 4249 735 4298 aut
758 4242 799 4299 ad
821 4243 905 4316 ipsos
930 4243 1115 4317 pertinentes
1136 4249 1277 4316 pretextu
1305 4240 1484 4299 huiusmodi

219 4342 413 4401 adversitatis
438 4347 489 4402 vel
514 4346 701 4404 detensionis
725 4363 927 4420 personarum
952 4348 1075 4421 amodo,
1098 4349 1185 4406 nulla
1209 4348 1345 4421 dampna
1361 4363 1415 4404 seu
1430 4361 1484 4404 no·

218 4458 360 4506 cumenta
383 4451 433 4507 vel
456 4452 583 4508 iniurias
606 4453 734 4525 aliquas,
767 4455 930 4527 presertim
962 4454 1058 4512 donec
1090 4454 1173 4511 idem
1197 4469 1300 4511 comes
1323 4451 1432 4509 Nicola
1455 4458 1485 4509 et

219 4554 314 4612 frater
337 4571 410 4612 suus
434 4557 605 4614 custodiam
622 4560 867 4617 conservacionis
882 4561 974 4618 castri
990 4559 1100 4617 Medue
1116 4560 1283 4630 habebunt,
1304 4558 1484 4615 memoratis

218 4663 339 4719 civibus
362 4668 391 4718 et
413 4661 451 4718 ad
476 4678 527 4719 eos
551 4664 743 4735 quibuslibet
766 4666 991 4738 pertinentibus
1014 4664 1161 4723 inferrent
1176 4673 1228 4723 aut
1244 4662 1351 4723 inferri
1374 4661 1485 4720 facient

220 4765 380 4824 manifeste
403 4768 454 4824 vel
478 4769 607 4840 occulte,
631 4775 661 4826 et
683 4785 777 4844 super
800 4770 858 4828 hoc
881 4770 1019 4829 cavendo
1041 4776 1072 4829 et
1101 4770 1297 4829 observando
1320 4768 1484 4828 inviolabi-
