3488 5242
251 339 312 408 276
671 336 744 394 Doc.
768 331 842 410 289.
867 369 903 378 -
922 335 977 393 An.
1003 332 1094 412 1380.

248 536 334 593 iuxta
358 536 581 593 continenciam
613 535 789 592 litterarum
819 535 947 607 capituli
970 536 1177 607 zagrabiensis
1201 536 1320 606 citatus,
1344 536 1375 593 in
1399 536 1516 598 octavis

247 640 308 698 diei
331 642 571 699 circumcisionis
594 641 712 698 domini
735 641 766 697 in
789 640 890 712 figura
912 641 1009 698 nostri
1032 640 1137 699 iudicii
1160 641 1378 714 comparendo,
1407 648 1515 698 contra

247 747 399 828 Jacobum
432 746 548 804 dictum
583 746 686 818 Bolya‚
717 745 821 803 filium
852 747 1020 818 Pangracii,
1051 746 1185 805 iudicem
1213 747 1351 821 predicte
1374 747 1516 815 civitatis,

248 853 411 925 proposuit
434 869 470 910 eo
502 852 604 923 modu,
636 851 721 925 quod
753 852 818 925 ipse
845 853 981 934 Jacobus
1004 852 1064 910 sibi
1087 869 1125 909 ex
1149 864 1237 925 parte
1259 852 1417 935 johannis,
1442 851 1515 909 dicti

247 959 367 1030 Wasas,
390 959 521 1016 condam
547 959 656 1017 iudicis
679 958 818 1032 predicte
841 958 974 1015 civitatis
998 964 1027 1014 et
1050 958 1184 1015 aliorum
1208 958 1385 1015 debitorum
1410 964 1441 1015 et
1464 956 1516 1014 ad-

247 1065 456 1122 versariorum
481 1080 610 1122 suorum
634 1065 749 1121 civium
774 1063 927 1134 videlicet,
951 1064 1109 1136 hospitum
1134 1063 1272 1136 predicte
1291 1065 1424 1121 civitatis
1441 1063 1516 1121 Gre-

247 1170 376 1240 chensis,
401 1171 443 1226 ob
466 1170 607 1226 favorem
632 1169 761 1243 predicti
785 1170 943 1252 Johannis,
967 1168 1040 1226 dicti
1065 1169 1183 1240 Wasas,
1207 1170 1292 1226 iuxta
1308 1170 1515 1226 continencias

248 1277 433 1333 litterarium
467 1277 752 1347 instrumentorum,
783 1275 930 1333 iudicium
958 1280 989 1333 et
1012 1277 1163 1334 iusticiam
1187 1275 1355 1349 inpendere
1381 1291 1441 1333 non
1466 1292 1517 1333 cu·

247 1389 352 1452 rasset,
371 1389 400 1438 et
417 1383 475 1438 hoc
492 1381 607 1439 ibidem
626 1383 655 1439 in
673 1382 839 1439 continenti
855 1381 1048 1438 exhibicione
1061 1381 1268 1453 quarumdam
1287 1388 1421 1454 quatuor
1436 1381 1515 1438 litte·

247 1504 354 1545 rarum
380 1502 505 1544 suarum
530 1488 822 1560 inquisicionalium,
845 1488 943 1558 unius,
965 1486 1095 1560 predicti
1111 1488 1240 1560 capituli
1261 1488 1468 1558 zagrabieusis
1485 1494 1514 1543 et

247 1594 374 1650 alterius
406 1593 534 1666 capituli
565 1593 762 1662 chasmensis‚
787 1593 995 1661 ecclesiarum,
1018 1608 1135 1649 necnon
1166 1594 1259 1649 tercie
1296 1592 1377 1650 Petri
1402 1593 1515 1649 Chirlre

247 1700 387 1757 vicebani
420 1699 507 1771 regni
538 1697 700 1756 Sclauonie
731 1704 760 1755 et
792 1698 914 1755 comitis
937 1699 1090 1755 crisiensis
1110 1714 1146 1755 ac
1170 1704 1278 1770 quarte
1301 1698 1438 1755 iudicum
1463 1712 1515 1754 no·

247 1807 359 1862 billum
384 1805 515 1877 predicti
538 1806 704 1861 comitatus
726 1805 933 1875 zagrabiensis
963 1803 1159 1861 uniformiter
1182 1805 1390 1876 loquendum,
1415 1804 1446 1861 in
1470 1804 1515 1860 vi-

247 1912 321 1983 gilia
347 1910 416 1967 testi
439 1910 625 1968 ascensionis
648 1909 766 1967 domini
789 1910 819 1966 in
843 1925 923 1966 anno
946 1909 1088 1982 proxime
1113 1918 1265 1967 transacto
1289 1915 1511 1979 emanatarum,

247 2032 351 2074 coram
384 2017 475 2073 nobis
506 2015 683 2073 declaravit.
714 2015 784 2088 Quo
816 2021 971 2088 perceptu,
1003 2015 1176 2088 Philippus,
1203 2014 1287 2073 filius
1311 2016 1419 2086 Mauri,
1444 2032 1514 2073 cum

248 2124 472 2196 procuratoriis
503 2123 615 2180 litteris
646 2123 780 2179 civitatis
809 2121 960 2179 antedicte
990 2137 1048 2195 pro
1074 2120 1184 2178 eodem
1207 2123 1325 2204 Jacobo
1348 2122 1448 2179 iudice
1484 2124 1514 2180 in

248 2236 385 2286 nostram
419 2244 571 2299 exurgens
603 2229 795 2301 presenciam
826 2227 986 2300 respondit
1017 2243 1055 2283 ex
1085 2226 1225 2296 adverso,
1252 2227 1333 2299 quod
1358 2227 1515 2300 predictus

246 2334 379 2416 Jacobus
411 2334 503 2392 iudex
534 2340 679 2391 annotato
710 2334 834 2406 Reynar
864 2349 880 2390 e
911 2338 1000 2406 parte
1031 2333 1240 2406 predictorum
1272 2333 1449 2391 debitorum
1485 2340 1515 2390 et

246 2440 494 2497 adversariorum
518 2439 663 2497 antedicti
684 2439 806 2511 Reynar
826 2439 927 2497 eidem
952 2439 1099 2496 iudicium
1122 2445 1151 2495 et
1168 2439 1319 2496 iusticiam
1348 2439 1514 2513 inpendere

246 2545 405 2614 voluisset,
437 2545 489 2602 sed
523 2544 605 2602 idem
637 2545 759 2618 Reynar
795 2553 958 2619 expectare
992 2546 1149 2612 noluisset,
1179 2553 1209 2602 et
1240 2545 1278 2601 de
1314 2544 1382 2602 loco
1417 2546 1514 2618 ipsius

246 2650 350 2708 iudicii
383 2652 557 2719 recesisset;
589 2658 618 2708 et
645 2651 704 2708 hoc
731 2652 827 2708 simili
851 2651 947 2709 modo
971 2652 1001 2708 in
1026 2651 1191 2709 continenti
1216 2652 1410 2709 exhibicione
1434 2652 1514 2710 litte-

246 2772 351 2813 rarum
377 2756 507 2829 predicti
540 2757 668 2831 capituli
699 2758 906 2830 zagrabiensis
937 2757 1114 2814 declaravit.
1139 2756 1260 2828 Quibus
1284 2759 1327 2814 sic
1351 2759 1513 2830 perceptis,

247 2864 320 2935 quia
361 2863 500 2936 predicta
539 2862 642 2920 littera
672 2864 809 2921 annotati
844 2864 971 2937 capituli
1005 2864 1211 2936 zagrabieusis
1249 2880 1305 2936 per
1340 2863 1513 2936 predictum

246 2975 480 3042 procuratorem
512 2969 608 3040 ipsius
637 2969 746 3051 Jacobi
778 2968 887 3026 iudicis
910 2969 1056 3037 exhibita,
1081 2974 1151 3042 post
1175 2970 1405 3025 emanacionem
1431 2976 1514 3026 ante·

246 3074 397 3131 dictarum
430 3082 562 3146 quatuor
596 3076 770 3132 litterarum
803 3075 1084 3147 inquisicionalium
1117 3074 1188 3131 data
1212 3082 1241 3131 et
1265 3074 1402 3132 coniecta
1426 3090 1513 3147 repe·

245 3181 391 3251 riebatur,
413 3196 469 3253 pro
492 3196 529 3236 eo
551 3196 607 3237 nos
631 3196 762 3237 unacum
783 3181 869 3253 regni
894 3181 1061 3237 baronibus
1085 3181 1249 3237 nobiscum
1273 3181 1386 3237 iudicio
1410 3196 1512 3238 conse-

247 3285 389 3342 dentibus
406 3285 574 3343 iudicantes
591 3286 804 3343 commisimus
824 3302 860 3343 eo
877 3286 979 3356 mode,
995 3286 1078 3358 quod
1098 3286 1254 3358 predictus
1269 3287 1404 3369 Jacobus
1421 3287 1512 3343 iudex

246 3406 283 3447 ex
307 3396 394 3464 parte
417 3393 581 3448 memorati
606 3392 754 3473 Jobannis
780 3392 876 3449 Vasas
901 3399 930 3449 et
953 3393 1085 3449 aliorum
1114 3392 1291 3449 debitorum
1317 3401 1345 3450 et
1368 3392 1512 3449 adversa-

246 3497 364 3553 riorum
389 3496 518 3570 predicti
542 3497 673 3568 Reynar,
705 3513 782 3570 quos
815 3497 895 3555 idem
920 3498 1043 3570 Reynar
1066 3513 1171 3554 coram
1196 3497 1305 3554 eodem
1330 3498 1429 3555 iudice
1452 3498 1512 3554 sibi

247 3603 402 3659 debitores
426 3604 477 3659 vel
501 3603 675 3676 culpabiles
699 3602 765 3660 iore
788 3605 960 3675 asseruerit,
986 3605 1069 3661 iuxta
1094 3605 1340 3677 proposicionem
1362 3611 1391 3660 et
1408 3605 1511 3675 acqui·

245 3709 391 3765 sicionem
415 3709 553 3765 eiusdem
587 3708 710 3779 Reynar
743 3725 860 3766 necnon
883 3711 1068 3767 litterarium
1093 3725 1220 3766 suorum
1245 3717 1307 3766 tam
1336 3711 1511 3782 inquisicio-

245 3815 361 3871 nalium
387 3831 480 3886 quam
505 3815 769 3886 obligatorialium
795 3816 1077 3883 instrumentorum,
1102 3817 1132 3872 in
1156 3817 1274 3873 octavis
1295 3815 1356 3872 diei
1372 3817 1510 3872 cinerum

245 3936 324 3976 nunc
349 3921 486 3977 venturis
509 3935 613 3976 coram
640 3921 822 3977 testimoniis
847 3920 958 3993 prefati
982 3922 1110 3994 capituli
1134 3923 1349 3993 zagrabiensiS,
1375 3938 1434 3993 que
1465 3928 1508 3977 te·

245 4026 388 4082 stimonia
412 4042 468 4098 per
495 4027 597 4098 ipsum
629 4026 798 4099 capitulum
831 4026 869 4082 ad
903 4027 934 4083 id
967 4028 1173 4084 amicabiliter·
1203 4028 1280 4084 serie
1316 4029 1508 4100 presencium

247 4146 305 4203 pro
334 4132 408 4204 ipsis
440 4132 580 4204 partibus
612 4133 778 4189 transmitti
809 4132 1011 4205 postulamus
1034 4133 1183 4190 iudicium
1207 4140 1236 4189 et
1260 4133 1412 4189 iusticiam
1437 4147 1508 4189 cum

245 4237 425 4307 gravamine
449 4236 552 4293 iudicii
578 4239 671 4294 trium
696 4254 871 4295 marcarum
895 4239 985 4295 nobis
1008 4247 1038 4295 et
1062 4240 1142 4311 parti
1171 4238 1300 4295 adverse
1326 4240 1354 4294 in
1379 4240 1510 4295 termino

246 4341 442 4415 infrascripto
467 4343 744 4416 persolvendarum
769 4343 869 4400 facere
893 4351 1037 4401 teneatur.
1061 4345 1097 4400 Et
1122 4350 1191 4416 post
1214 4345 1269 4401 hec
1294 4345 1390 4416 ipsius
1406 4344 1509 4401 iudicii

245 4455 274 4504 et
298 4449 415 4505 iusticie
439 4449 626 4529 inpensionis
649 4450 769 4517 seriem,
792 4457 826 4506 ut
849 4448 941 4506 fuerit
964 4449 1139 4522 expediens,
1162 4466 1217 4522 per
1233 4458 1335 4522 partes
1352 4451 1382 4506 in
1399 4450 1511 4506 litteris

245 4554 357 4627 prefati
389 4555 516 4628 capituli
547 4556 754 4626 zagrabiensis
784 4557 814 4612 in
847 4557 964 4613 octavis
995 4556 1065 4613 sesti
1095 4557 1177 4613 beati
1204 4556 1330 4628 Georgii
1365 4556 1508 4624 martiris,

244 4676 324 4717 nunc
347 4661 493 4729 venturis,
517 4662 607 4718 nobis
629 4661 776 4719 volumus
797 4663 956 4735 reportari.
981 4662 1017 4719 Et
1032 4663 1105 4735 quia
1123 4661 1262 4736 prefatus
1279 4663 1401 4733 Reynar
1415 4677 1510 4719 anno·

245 4771 343 4824 tatum
374 4766 557 4842 Philippum
587 4783 693 4826 coram
724 4768 814 4825 nobis
846 4768 876 4825 in
907 4768 979 4826 sede
1007 4769 1165 4826 iudiciaria
1190 4770 1288 4826 verbo
1314 4769 1515 4842 vituperioso-
