3488 5242
283 352 345 425 35⁶
700 353 775 411 Doc.
793 360 866 429 377.
885 385 922 394 -
940 351 997 411 Ara
1017 363 1106 428 1395.

282 551 382 620 celoti‚
394 551 513 608 socium
527 557 557 607 et
569 552 808 609 concanonicum
821 557 960 608 nostrum
973 550 1012 607 ad
1025 550 1254 624 infrascriptam
1263 551 1552 610 reambulacionem

281 656 452 715 faciendam
476 664 582 714 nostro
605 672 662 730 pro
682 657 859 714 testimonio
876 657 1152 714 transmisissemus
1167 656 1376 730 fidedignum;
1392 659 1445 730 qui
1461 666 1552 731 post·

281 763 410 820 modum
434 763 544 820 exinde
567 762 605 819 ad
630 779 685 820 nos
708 763 833 834 reversi,
857 764 947 821 nobis
963 763 1154 821 concorditer
1176 766 1367 822 retulerunt:
1384 764 1466 837 quod
1485 765 1547 838 ipsi

280 870 410 926 sabbato
432 870 578 942 proximo
601 882 671 942 post
695 867 808 925 festum
835 869 1059 939 Penthecostes,
1082 886 1163 926 nunc
1186 871 1329 943 proxime
1353 870 1547 944 preteritum,

279 975 318 1032 ad
342 973 435 1032 facies
459 974 619 1031 cuiusdam
644 980 724 1031 terre
751 973 942 1047 prefatorum
975 974 1084 1032 iudicis
1114 981 1145 1033 et
1175 976 1346 1034 iuratorum
1370 992 1406 1033 ac
1428 976 1546 1033 civium

279 1080 359 1138 dicte
382 1081 515 1137 civitatis
538 1087 624 1137 extra
648 1088 746 1136 metas
769 1081 970 1153 possessionis
986 1097 1095 1139 eorum
1111 1082 1272 1154 Hraschya
1295 1089 1412 1151 vocate,
1437 1082 1545 1139 habite

278 1193 308 1243 et
330 1187 498 1257 existentis
522 1187 631 1243 vicinis
654 1194 685 1243 et
706 1187 926 1244 commetaneis
949 1188 1012 1244 suis
1035 1189 1186 1245 universis
1209 1188 1285 1245 inibi
1309 1188 1447 1259 legitime
1471 1202 1545 1245 con-

278 1293 395 1349 vocatis
418 1298 448 1349 et
472 1292 666 1365 presentibus
697 1293 902 1361 accessissent,
934 1293 1097 1366 ipsamque
1128 1300 1243 1351 terram
1277 1310 1333 1367 per
1359 1309 1429 1350 suas
1454 1309 1546 1351 veras

277 1403 307 1454 et
330 1399 471 1470 antiquas
495 1405 592 1454 metas
616 1399 701 1455 iuxta
724 1398 1022 1456 demonstracionem
1053 1400 1264 1473 predictorum
1289 1401 1400 1458 iudicis
1415 1409 1445 1457 et
1461 1401 1545 1457 iura-

278 1511 381 1561 torum
411 1511 539 1577 aparte
563 1504 765 1577 possessionis
796 1502 944 1577 Stephani
975 1511 1006 1561 et
1035 1505 1178 1575 Ladislai,
1210 1505 1347 1564 liliorum
1377 1505 1544 1575 Benedicti,

275 1627 312 1667 ac
335 1608 487 1682 Gregorii,
511 1610 568 1667 filii
592 1611 760 1683 Mychaelis
792 1610 830 1668 de
860 1610 953 1682 Odra‚
977 1612 1035 1668 hoc
1059 1611 1154 1669 modo
1178 1613 1432 1682 reambulassent‚
1456 1613 1543 1684 quod

276 1718 379 1789 primo
403 1717 586 1790 incepissent
608 1732 625 1772 a
649 1717 743 1789 plaga
766 1716 909 1773 orientali
934 1732 953 1773 a
975 1717 1078 1789 prima
1101 1715 1205 1775 mlalra
1233 1717 1373 1775 exeundo
1396 1716 1434 1773 de
1457 1716 1542 1774 dicta

275 1823 353 1879 villa
375 1823 544 1894 I·lraschya,
568 1821 679 1879 deinde
702 1822 856 1879 venissent
878 1821 917 1878 ad
943 1823 1023 1879 latus
1048 1823 1208 1880 cuiusdam
1228 1824 1339 1896 spineti
1356 1823 1393 1880 nd
1412 1823 1540 1896 plagam

275 1928 507 1998 occidentalem,
529 1928 585 1985 ubi
607 1936 767 2001 separatur
798 1934 879 1984 terra
908 1927 1046 2001 predicta
1077 1944 1094 1985 a
1126 1930 1318 2002 possessione
1347 1928 1541 2003 prefatorum

274 2034 408 2092 Ladislai
432 2041 462 2091 et
485 2033 640 2108 Stephani,
665 2034 803 2091 filiorum
828 2033 980 2091 Benedicti
1004 2050 1040 2091 ac
1064 2033 1215 2105 Gregorii,
1239 2034 1298 2092 filii
1315 2035 1483 2106 hlychaelis
1501 2034 1541 2091 de

274 2140 358 2199 Odra
382 2141 528 2214 predicta,
556 2146 586 2197 et
615 2141 728 2196 abhinc
750 2139 948 2213 procedendo
977 2139 1093 2197 directe
1123 2141 1162 2197 ad
1194 2142 1320 2214 plagam
1345 2142 1540 2214 septemtrio-

272 2247 376 2303 nalem
399 2247 610 2320 pervenissent
634 2245 672 2302 ad
697 2261 793 2302 unum
818 2253 951 2318 pratum,
983 2245 1094 2303 deinde
1124 2262 1180 2320 per
1212 2247 1371 2304 modicum
1395 2248 1537 2320 spacium

273 2352 374 2410 eundo
397 2351 435 2409 ad
459 2352 573 2409 dictam
597 2352 723 2424 plagam
747 2352 1031 2424 septemtrionalem
1056 2360 1085 2408 et
1102 2352 1140 2408 de
1156 2353 1221 2425 ipsa
1247 2352 1363 2409 ibidem
1387 2352 1536 2410 flectendo

272 2458 310 2516 ad
335 2461 460 2532 plagam
484 2459 674 2520 orientalem.
704 2457 804 2514 eundo
828 2474 884 2530 per
916 2458 1072 2530 quandam
1103 2460 1244 2544 semitam
1277 2460 1355 2515 inter
1385 2459 1446 2515 duo
1476 2460 1539 2533 spi-

271 2572 341 2622 neta
365 2579 464 2638 prope
488 2563 638 2621 veniendo
662 2579 678 2620 a
703 2570 791 2637 parte
815 2563 1010 2621 meridionali
1042 2564 1179 2621 eiusdem
1211 2566 1327 2634 semite,
1359 2565 1471 2622 abhinc
1494 2564 1533 2621 ad

271 2671 399 2729 eandem
423 2673 550 2744 plagam
574 2671 858 2743 septemtrionalem
883 2670 1095 2743 pervenissent
1119 2670 1273 2727 adunam
1303 2671 1448 2740 mlalram‚
1468 2670 1534 2728 Ste-

270 2779 414 2851 phanoua
439 2776 542 2834 mlalra
566 2782 708 2833 vocatam
732 2776 816 2833 iuxta
840 2775 996 2848 quandam
1026 2777 1117 2845 viam,
1141 2783 1170 2832 et
1193 2791 1210 2832 a
1235 2777 1372 2850 predicta
1406 2776 1536 2850 Stepha-

270 2899 351 2941 noua
375 2883 479 2942 mlalra
504 2898 611 2940 versus
636 2883 806 2956 predictam
839 2883 964 2954 plagam
990 2883 1019 2938 in
1044 2882 1166 2939 modico
1190 2883 1295 2955 spacio
1318 2884 1472 2939 venissent
1495 2882 1535 2939 ad

271 3005 367 3046 unum
392 2989 484 3046 fenile
508 2990 627 3061 Lazyna
653 2994 804 3056 vocatum,
829 2986 899 3043 inde
924 3002 979 3059 per
1009 2987 1138 3043 eandem
1159 2987 1241 3043 viam
1268 2987 1417 3044 veniendo
1441 3004 1535 3060 penes

270 3096 428 3167 quoddam
451 3097 623 3167 virgultum
647 3095 762 3151 directe
786 3092 980 3167 procedendo
1004 3109 1111 3149 versus
1128 3092 1242 3150 dictam
1259 3095 1385 3166 plagam
1403 3101 1537 3166 septem-

270 3202 431 3258 trionalem
463 3218 518 3273 per
546 3202 638 3267 viam,
663 3217 722 3271 que
746 3201 871 3271 antiqua
902 3199 951 3255 via
977 3199 1160 3268 nominatur,
1189 3216 1244 3271 per
1267 3200 1379 3255 silvam
1405 3200 1536 3256 vimino-

269 3323 335 3364 sam
360 3314 389 3363 et
413 3308 580 3373 densatam,
609 3323 668 3378 que
697 3306 792 3376 vulgo
817 3305 963 3375 Zwemyn
995 3304 1106 3361 dicitur
1137 3321 1192 3376 per
1224 3320 1370 3376 magnum
1394 3305 1535 3376 spacium

268 3416 422 3471 venissent
446 3414 485 3470 ad
512 3415 614 3470 locum
639 3428 789 3485 aquosum
823 3411 991 3481 llargetina
1025 3410 1128 3467 mlalra
1154 3417 1313 3473 vocatum:
1347 3418 1471 3467 etcum
1504 3411 1533 3467 in

268 3521 415 3592 predictis
440 3522 515 3577 locis
539 3526 636 3576 metas
660 3519 777 3590 erigere
808 3525 838 3574 et
865 3516 982 3573 eisdem
1013 3517 1133 3573 civibus
1156 3517 1330 3588 relinquere
1355 3517 1535 3585 voluissent,

268 3632 339 3683 tunc
363 3626 512 3683 discretus
536 3627 584 3682 vir
608 3624 752 3680 dominus
781 3623 968 3680 Laurencius
1000 3629 1100 3678 rector
1131 3622 1257 3677 ecclesie
1289 3622 1384 3678 sancti
1408 3622 1535 3693 Georgii

266 3732 305 3789 de
328 3732 410 3789 Odrn
434 3739 462 3788 et
485 3732 635 3802 Georgius
659 3729 822 3786 familiaris
845 3728 1131 3800 prenominatorum
1162 3727 1309 3799 Stephani
1334 3733 1364 3783 et
1388 3727 1531 3787 Ladislai.

266 3837 403 3894 filiorum
430 3836 591 3903 Benedicti,
620 3852 656 3892 ac
687 3835 837 3906 Gregorii,
863 3833 919 3890 lilii
951 3832 1119 3903 lllychaelis
1149 3833 1188 3889 de
1218 3833 1302 3889 Odra
1327 3833 1475 3904 predicta,
1503 3833 1534 3889 in

265 3945 405 4016 personis
428 3943 608 4000 eorumdem
632 3941 788 4014 Stephani,
820 3939 954 3996 Ladislai
986 3946 1016 3995 et
1047 3938 1197 4009 Gregorii,
1230 3938 1409 3995 huiusmodi
1438 3946 1533 3995 meta·

264 4065 335 4105 rum
359 4049 568 4105 ereccionibus
595 4048 749 4104 velamine
778 4045 1033 4102 contradiccionis
1057 4044 1242 4111 obviassent,
1276 4060 1362 4115 quos
1387 4045 1531 4101 videlicet

264 4153 464 4228 Stephanum,
488 4153 667 4210 Ladislaum
699 4161 729 4209 et
759 4152 945 4223 Gregorium
977 4150 1026 4206 die
1057 4157 1086 4206 et
1118 4151 1187 4205 loco
1218 4151 1248 4205 in
1281 4149 1398 4206 eisdem
1422 4156 1528 4207 contra

265 4266 404 4317 anotatos
428 4260 569 4327 iudicem,
595 4260 710 4314 iuratos
734 4263 763 4313 et
787 4258 870 4313 cives
894 4256 973 4313 dicte
997 4257 1130 4312 civitatis
1151 4255 1187 4310 ad
1207 4255 1377 4327 quindenas
1400 4256 1530 4328 predicti

262 4365 384 4421 sabbati
405 4381 484 4420 nunc
508 4370 653 4420 venturas
676 4370 811 4420 vestram
829 4364 971 4419 citassent
997 4362 1025 4417 in
1052 4362 1251 4434 presenciam,
1274 4362 1429 4417 racionem
1458 4377 1529 4417 con-

266 4470 460 4528 tradiccionis
483 4484 590 4526 eorum
608 4469 791 4526 reddituros.
813 4468 927 4524 Datum
945 4466 1020 4523 feria
1037 4467 1143 4537 quinta
1160 4465 1302 4538 proxima
1326 4475 1395 4538 post
1412 4465 1525 4522 festum

265 4582 370 4632 sancte
394 4575 558 4631 Trinitatis.
584 4575 672 4630 Anno
696 4572 813 4631 domini
838 4573 1005 4629 millesimo
1030 4571 1106 4627 CCC
1130 4571 1329 4641 nonagesimo
1352 4572 1471 4642 quinto.

351 4725 492 4791 Originale
512 4726 538 4774 in
558 4725 656 4784 charta,
676 4740 690 4775 a
712 4731 787 4791 tergo
807 4724 948 4789 vestigium
968 4723 1123 4788 capitularis
1143 4722 1234 4788 sigilli.
1255 4723 1285 4772 In
1304 4723 1374 4772 arch.
1394 4726 1411 4772 l.
1434 4739 1454 4773 r.
1479 4723 1530 4775 civ.

263 4814 369 4881 zagrab.
