3488 5242
270 355 329 398 aaa
689 340 761 398 Doc.
785 354 854 418 242.
884 374 920 383 —
946 341 1002 399 An.
1028 337 1115 418 1361.

266 537 376 595 eodem
399 539 538 612 capitulo
562 540 690 597 ecclesie
712 540 920 612 zagrabiensis
950 540 1057 613 aliquo
1088 540 1342 598 contradiccionis
1369 541 1532 598 obstaculo

266 643 464 702 obviaverint
486 660 541 702 nec
564 661 610 714 ne,
634 645 753 718 pluries
784 661 802 702 a
832 647 1087 719 procuratoribus
1115 646 1188 704 dicti
1212 646 1340 720 capituli
1365 647 1534 721 prenotatis

267 765 299 806 se
322 755 353 807 et
375 749 499 807 eosdem
523 751 661 824 hospites
691 752 863 809 voluissent
893 751 1071 822 informari;
1103 752 1186 810 idem
1217 753 1393 810 Demetrius
1425 753 1534 824 archy-

266 854 413 914 diaconus
437 863 467 913 et
488 856 665 929 DyonisiuS,
689 858 838 930 magistri,
863 857 984 930 aliquas
1008 858 1127 916 litteras
1143 859 1290 916 exhibere
1313 858 1366 915 vel
1388 857 1534 916 iuridicas

266 962 426 1019 cauciones
449 968 520 1019 tunc
541 963 677 1036 presenti
700 964 827 1035 negocio
843 963 984 1037 ipsorum
999 964 1156 1037 proficuas
1173 970 1202 1022 et
1219 965 1301 1039 ipsas
1325 965 1533 1038 possessiones

264 1082 320 1124 suo
343 1068 403 1125 iuri
426 1069 580 1142 pertinere
603 1067 859 1126 demonstrandas
874 1069 1057 1141 pretendere
1079 1085 1141 1128 non
1157 1071 1335 1141 valuissent,
1360 1069 1413 1127 sed
1430 1070 1533 1127 solum

266 1187 393 1230 suorum
417 1174 587 1231 verborum
610 1175 797 1246 prolacione‚
822 1176 901 1232 sicut
932 1176 1019 1248 prius
1049 1178 1094 1234 sic
1126 1182 1156 1234 et
1179 1183 1260 1248 tunc,
1284 1193 1392 1235 omnes
1416 1177 1534 1234 litteras

266 1280 296 1336 in
320 1278 401 1336 facto
432 1281 660 1353 possessionum
692 1280 902 1354 predictarum
932 1288 1097 1351 emanatas,
1129 1298 1192 1355 quo
1222 1298 1325 1356 supra,
1353 1283 1532 1340 combustas

266 1385 331 1443 iore
355 1386 557 1458 allegassent;
580 1385 670 1456 unde,
701 1387 774 1459 quia
805 1385 918 1460 prefati
949 1387 1031 1444 cives
1054 1394 1084 1445 et
1107 1388 1245 1461 hospites
1273 1387 1311 1445 de
1335 1387 1438 1446 Grech
1462 1403 1533 1461 pre·

266 1491 364 1549 dictas
386 1492 596 1565 possessiones
612 1491 735 1549 Cobilia
758 1499 788 1548 et
811 1490 957 1549 Scuiblan
975 1499 1100 1550 vocatas
1115 1492 1290 1551 efficacium
1312 1495 1531 1551 instrumento·

265 1613 335 1654 rum
358 1598 471 1655 robore
496 1597 705 1654 mediantibus
728 1598 948 1671 procuratoriis
971 1600 1035 1656 suis
1066 1601 1217 1658 annotatis
1241 1601 1300 1658 sibi
1324 1601 1478 1674 pertinere
1501 1607 1530 1656 et

265 1719 283 1760 a
306 1709 447 1778 tempore
470 1704 648 1761 collacionis
672 1703 839 1760 earundem
865 1705 1094 1776 possessionum
1118 1707 1179 1764 sibi
1203 1705 1290 1779 facte,
1314 1713 1347 1763 ut
1372 1707 1454 1763 idem
1471 1705 1532 1762 De·

264 1810 393 1866 metrius
415 1808 658 1881 archydiaconus
683 1817 712 1866 et
735 1809 911 1881 Dyonisius,
935 1811 1084 1883 magistri,
1108 1811 1181 1869 fassi
1205 1813 1384 1880 extitissent,
1408 1827 1532 1884 semper

264 1916 295 1972 in
318 1914 434 1972 eisdem
470 1916 598 1988 pacifice
628 1916 806 1989 perstitisse,
838 1921 868 1971 et
898 1917 963 1973 sine
993 1916 1098 1989 aliqua
1129 1916 1373 1974 contradiccione
1404 1917 1533 1991 capituli

265 2023 400 2078 annotati
424 2022 597 2079 luculenter
621 2020 890 2093 demonstrassent,
906 2021 1085 2094 dictumque
1110 2024 1280 2096 capitulum
1304 2029 1368 2080 tam
1391 2031 1532 2096 tempore

265 2128 443 2185 statucionis
474 2128 611 2185 eiusdem
644 2127 846 2201 possessionis
876 2127 1006 2199 Cobilia,
1038 2145 1132 2201 quam
1165 2130 1328 2186 concordie
1360 2136 1530 2202 prenotate,

265 2233 359 2291 velud
382 2234 426 2290 nil
450 2234 526 2290 iuris
549 2233 656 2305 nilque
679 2233 879 2306 proprietatis
902 2235 932 2290 in
962 2235 1207 2307 possessionibus
1239 2235 1409 2307 prenotatis
1432 2236 1530 2291 consi-

264 2339 406 2398 derantes
429 2356 461 2397 se
485 2340 599 2396 habere
630 2340 735 2412 aliquo
768 2338 1023 2397 contradiccionis
1054 2340 1216 2397 obstaculo
1248 2340 1376 2397 minime
1398 2341 1530 2412 reperie-

264 2446 377 2503 bantur
399 2446 519 2503 civibus
543 2451 572 2503 et
595 2446 770 2519 hospitibus
799 2445 838 2502 de
868 2445 970 2503 Grech
1002 2446 1154 2517 obviasse,
1179 2452 1269 2502 etex
1293 2462 1330 2502 eo
1353 2446 1437 2519 ipsas
1460 2462 1530 2518 pos·

263 2553 412 2610 sessiones
435 2551 604 2622 admisisse,
628 2552 817 2609 consensisse
841 2556 970 2626 propter
992 2552 1040 2609 sui
1063 2553 1312 2622 taciturnitatem,
1332 2552 1417 2609 iuxta
1440 2552 1528 2619 illud,

263 2659 316 2731 qui
340 2663 420 2716 tacet
443 2659 614 2715 consentire
644 2657 773 2728 videtur,
799 2665 828 2715 et
849 2665 979 2730 propter
1009 2658 1158 2730 temporis
1190 2657 1423 2715 diuturnitatem
1451 2659 1529 2715 bene

263 2766 375 2823 merito
406 2765 507 2838 potuit
538 2765 694 2833 annotari;
722 2764 903 2836 litterasque
935 2764 1216 2837 protestacionales‚
1248 2765 1470 2836 prohibitorias
1499 2770 1528 2820 et

262 2871 339 2927 alias
363 2871 527 2943 quaslibet,
551 2886 611 2943 que
634 2870 764 2928 alicuius
786 2868 921 2927 efficacie
944 2869 1124 2926 viderentur
1146 2871 1197 2927 vel
1222 2872 1372 2929 momenti
1395 2872 1424 2928 in
1445 2869 1526 2927 facto

263 2981 434 3049 prenotat0,
456 2976 551 3033 iidem
583 2984 799 3049 procuratores
830 2976 959 3048 capituli
989 2975 1117 3033 ecclesie
1148 2977 1355 3048 zagrabiensis
1378 2993 1434 3050 per
1458 2993 1528 3051 pre·

261 3080 377 3139 dictum
402 3083 586 3155 magistrum
609 3083 822 3152 Laurencium,
838 3087 872 3138 ut
887 3080 981 3138 iudici
1008 3083 1166 3151 incumbit,
1191 3081 1329 3139 officiose
1360 3084 1439 3139 trina
1461 3084 1528 3139 vice

262 3189 401 3261 requisiti
424 3189 633 3262 nequivissent
656 3204 712 3245 nec
735 3189 974 3260 assumpsissent
993 3187 1147 3244 exhibere.
1172 3188 1269 3259 Igitur
1292 3189 1358 3262 ipse
1382 3189 1528 3259 magister

262 3295 448 3352 laurencius
472 3311 602 3352 unacum
636 3294 808 3352 venerabili
836 3294 867 3350 in
894 3294 1017 3350 Christo
1040 3299 1136 3366 patre,
1161 3293 1287 3350 domino
1312 3294 1402 3350 Petro
1425 3293 1473 3351 dei
1498 3301 1528 3350 et

262 3401 432 3474 apostolica
455 3403 559 3473 gracia
582 3402 728 3475 episcopo
752 3399 921 3466 sirmiensi;
945 3400 1019 3455 item
1043 3399 1215 3470 magnificis
1236 3400 1311 3456 viris
1328 3399 1456 3456 Nicolao
1474 3416 1526 3473 pa·

262 3507 360 3564 latino
383 3512 413 3564 et
444 3507 545 3564 iudice
576 3508 796 3575 Cumanorum,
827 3505 949 3561 Thoma
982 3504 1113 3562 condam
1149 3505 1292 3576 vayvoda
1327 3506 1525 3571 transilvano,

262 3611 360 3669 Paulo
395 3613 544 3684 magistro
575 3613 805 3669 tavamicorum
834 3611 1028 3682 reginalium,
1059 3612 1195 3682 Nicolao,
1227 3611 1309 3668 dicto
1333 3612 1453 3680 Trutul‚
1477 3628 1526 3669 co·

263 3718 337 3775 mite
368 3719 552 3791 posoniensi,
582 3718 729 3800 Johanne,
761 3717 828 3773 filio
859 3716 982 3788 Gyleth,
1007 3718 1120 3774 comite
1144 3717 1182 3773 de
1205 3717 1338 3785 Turuch,
1363 3717 1462 3774 Deseu
1488 3717 1526 3774 de

258 3823 332 3894 Pok,
356 3824 525 3881 viceiudice
548 3824 670 3881 comitis
694 3823 790 3892 Pauli,
822 3822 931 3880 iudicis
955 3825 1038 3879 curie
1062 3824 1160 3895 regie,
1191 3824 1264 3880 item
1288 3822 1428 3881 discretis
1451 3825 1526 3880 viris

258 3930 386 3987 Nicolao
419 3929 501 3987 dicto
534 3928 626 4002 Bylra,
658 3929 775 3986 domini
807 3928 944 4002 palatini,
980 3929 1077 3986 Paulo
1108 3928 1146 3985 de
1174 3930 1254 3999 Vgal
1286 3931 1454 3986 castellano
1487 3929 1525 3986 de

257 4035 383 4103 Warna,
406 4035 480 4092 dicti
505 4036 626 4092 comitis
649 4035 744 4103 Pauli,
770 4035 1011 4108 prothonotariis
1035 4043 1064 4092 et
1087 4036 1157 4092 aliis
1180 4036 1422 4108 quamplurimis
1438 4038 1525 4092 nobi·

258 4141 341 4198 libus
370 4142 457 4213 regni
490 4157 621 4198 unacum
653 4140 762 4197 eodem
794 4141 943 4212 magistro
979 4142 1146 4198 Laurencio
1170 4143 1199 4199 in
1224 4142 1337 4198 iudicio
1360 4142 1524 4199 conseden-

257 4247 348 4317 tibus,
379 4246 476 4304 dictas
507 4247 715 4319 possessiones
760 4246 884 4303 Cobilia
915 4254 944 4304 et
974 4246 1121 4304 Scuiblan
1156 4255 1280 4305 vocatas
1314 4249 1372 4304 sub
1407 4248 1521 4305 eisdem

258 4355 356 4425 metis,
380 4353 494 4425 quibus
516 4354 556 4410 ab
586 4352 663 4409 olim
696 4353 756 4426 ipsi
780 4353 863 4409 cives
887 4353 1010 4410 easdem
1038 4354 1253 4426 possedissent,
1271 4354 1308 4410 de
1332 4354 1523 4427 plenitudine

257 4458 414 4518 iudiciarie
446 4459 605 4531 potestatis
637 4458 851 4528 adiudicando,
882 4460 1051 4532 prenotatis
1082 4460 1202 4516 civibus
1233 4466 1262 4516 et
1285 4460 1461 4533 hospitibus
1485 4461 1523 4517 de

256 4564 357 4623 Grech
391 4565 587 4634 dimisissent,
618 4564 814 4636 reliquissent
846 4572 996 4638 perpetuo
1026 4565 1194 4638 possidere,
1225 4572 1328 4622 tenere
1356 4575 1386 4623 et
1409 4568 1523 4624 habere

256 4671 338 4743 regis
371 4671 496 4728 nomine
526 4669 689 4738 mediante,
721 4668 903 4741 dictumque
938 4670 1108 4743 capitulum
1145 4671 1271 4728 ecclesie
1307 4673 1522 4744 zagrabiensis,

256 4776 340 4851 quod
363 4777 393 4834 in
417 4777 585 4834 statucione
615 4776 817 4848 possessionis
840 4774 963 4834 Cobilia
985 4783 1155 4849 prenotate,
1187 4777 1246 4834 sub
1269 4777 1445 4835 testimonio
1468 4778 1522 4834 ho·
