3488 5242
644 345 715 402 Doc.
740 340 808 402 126.
836 377 873 386 -
899 344 954 400 An.
980 358 1065 420 1323.
1439 359 1496 413 ¹07

239 452 557 461 —————-—--—-
578 452 611 457 —-
687 451 784 456 ——--
807 451 841 456 —
871 450 1012 456 ————--

235 547 319 603 sticie
343 545 373 601 in
397 561 519 601 camera
543 544 679 601 sacristie
703 543 841 615 sigillare
865 548 893 598 et
918 543 1031 599 iterum
1056 542 1159 598 statim
1192 555 1343 614 reponere
1367 544 1397 599 iu
1421 543 1501 616 pixi-

236 652 307 708 dem
331 659 360 708 et
381 667 435 707 sua
459 651 563 723 sigilla
587 666 804 723 superponere,
829 655 921 722 prout
944 649 1011 705 lieri
1035 649 1201 705 consvevit.

325 786 434 835 Elibro
455 787 617 835 Statulorum
643 784 720 850 capit.
744 785 848 849 zagrab.
875 802 899 851 p.
924 785 943 835 1.
971 801 991 834 c.
1017 784 1063 834 IV.
1087 786 1179 850 Joann.
1206 785 1321 834 Tkattit.
1348 785 1417 835 Mon.
1440 785 1500 841 hist.

235 877 312 941 episc.
332 876 436 941 zagrab.
457 875 490 924 11.
508 891 532 940 p.
557 885 594 936 14.

826 1106 909 1172 126.

340 1235 415 1282 Anno
437 1241 510 1289 1323.
531 1243 571 1293 29.
594 1230 752 1280 novembris.

241 1362 361 1419 Carolus
392 1361 568 1432 Hrmgorrirc
597 1367 644 1415 clc.
668 1377 722 1415 rex
751 1359 916 1416 sententiam
940 1359 1092 1434 Johannis
1122 1359 1192 1415 bani
1215 1359 1249 1414 dc
1283 1361 1364 1415 novis
1386 1359 1501 1416 tributis

421 1466 546 1539 copr'tulo
568 1465 678 1537 zograb
700 1464 880 1528 adirtrlr'colt's.
904 1465 1088 1521 transutrtmr't
1108 1471 1136 1520 et
1155 1465 1313 1538 confirmat.

326 1628 459 1684 Karolus
483 1626 532 1684 dei
563 1627 666 1698 gracia
698 1627 863 1698 Hungarie‚
895 1625 1064 1696 Dalmacie,
1096 1625 1230 1696 Croacie,
1256 1625 1360 1695 Rame,
1384 1625 1500 1696 Seruio,

234 1734 373 1804 Gallicie,
399 1733 590 1802 Lodomerie,
615 1733 762 1789 Comanie
798 1731 1002 1805 Bulgarieque
1033 1747 1096 1802 rex,
1121 1732 1266 1805 princeps
1297 1731 1499 1790 Salernitatus

233 1848 263 1898 et
286 1840 419 1896 Honoris
443 1855 477 1896 ac
502 1839 615 1896 montis
639 1839 734 1895 sancti
759 1837 870 1910 Angeli
887 1836 1038 1895 dominus.
1055 1838 1207 1895 Omnibus
1223 1837 1338 1896 Christi
1354 1838 1501 1896 fidelibus

234 1961 359 2020 presens
382 1945 534 2017 scriptum
556 1944 739 2017 inspecturis
763 1944 895 2000 salutem
926 1943 957 2001 in
988 1943 1096 2001 salutis
1129 1944 1283 2016 largitore.
1306 1944 1355 2001 Ad
1378 1945 1501 2024 univer·

235 2066 340 2108 sorum
365 2050 518 2120 noticiam,
543 2055 607 2106 tam
631 2049 825 2122 presencium
850 2064 945 2121 quam
968 2048 1146 2106 futurorum
1169 2051 1281 2107 harum
1312 2050 1390 2108 serie
1412 2050 1500 2107 volu·

235 2173 302 2214 mus
327 2157 497 2229 pervenire,
522 2155 605 2227 quod
630 2153 777 2212 accedens
800 2155 837 2212 ad
864 2161 966 2213 nostre
991 2156 1163 2213 serenitatis
1195 2156 1386 2229 presenciam
1406 2156 1501 2214 hono·

239 2262 347 2319 rabilis
370 2262 427 2331 vir,
451 2261 595 2318 dominus
617 2262 752 2344 Jacobus
776 2261 951 2335 prepositus
976 2261 1104 2318 ecclesie
1134 2262 1348 2334 zagrabiensis,
1372 2261 1503 2320 dilectus

238 2376 267 2424 et
289 2367 391 2425 fidelis
414 2374 524 2437 noster,
549 2367 690 2424 exhibuit
712 2368 802 2424 nobis
826 2366 977 2439 quasdam
1002 2368 1120 2425 litteras
1137 2383 1208 2424 cum
1224 2367 1329 2439 sigillo
1345 2367 1500 2441 pendenti,

235 2474 383 2556 Johannis
406 2473 563 2546 quondam
587 2473 659 2530 bani
681 2473 779 2530 tocius
802 2471 973 2544 Sclauonie,
1004 2472 1107 2530 fidelis
1134 2474 1239 2544 nostri,
1264 2489 1357 2547 super
1380 2474 1500 2532 iuribus

234 2586 263 2637 et
288 2580 485 2637 libertatibus
508 2580 637 2652 capituli
660 2579 875 2651 zagrabiensis,
902 2580 977 2637 iuris
998 2579 1105 2637 ordine
1129 2589 1294 2650 emanatas,
1319 2581 1432 2637 tenoris
1456 2580 1500 2638 in·

234 2685 397 2759 trascripti,
430 2692 544 2758 petens.
573 2693 606 2743 ut
633 2692 772 2743 tenorem
795 2684 976 2742 earumdem
1003 2692 1106 2743 ratum
1133 2686 1248 2743 habere
1275 2691 1305 2742 et
1327 2693 1432 2743 nostro
1456 2685 1501 2743 di·

233 2807 399 2863 gnaremur
435 2793 600 2865 privilegio
631 2790 823 2849 confirmare.
855 2791 996 2865 Quarum
1026 2799 1113 2850 tenor
1143 2793 1213 2850 talis
1239 2798 1298 2850 est:
1331 2787 1404 2870 (vid.
1433 2807 1501 2860 115.

233 2913 312 2955 anuo
340 2913 430 2969 1321,
457 2914 504 2954 21.
529 2893 680 2973 Augusti).
704 2897 767 2954 Nos
790 2899 894 2970 itaque
917 2899 1004 2957 iustis
1020 2909 1049 2956 et
1066 2899 1212 2972 legitimis
1228 2898 1367 2956 eiusdem
1383 2899 1501 2957 domini

235 3005 382 3077 prepositi
407 3005 611 3078 peticionibus
636 3004 851 3062 favorabiliter
873 3005 1020 3075 inclinati,
1044 3015 1183 3063 tenorem
1215 3005 1395 3063 earumdem
1420 3005 1500 3063 litte-

234 3126 338 3167 rarum
363 3109 401 3166 de
424 3111 520 3167 verbo
544 3110 581 3167 ad
608 3111 741 3167 verbum
764 3111 959 3184 presentibus
987 3111 1145 3180 insertum,
1168 3118 1272 3168 ratum
1296 3111 1444 3169 habentes
1467 3118 1497 3169 et

233 3223 403 3289 acceptum,
428 3217 578 3289 presentis
601 3217 709 3290 scripti
738 3218 908 3290 patrocinio
932 3217 1033 3275 eidem
1065 3218 1256 3290 zagrabiensi
1279 3218 1407 3275 ecclesie
1430 3233 1499 3291 per·

234 3330 327 3394 petuo
351 3321 578 3378 confirmamus.
603 3321 635 3378 ln
660 3323 746 3379 cuius
770 3323 814 3380 rei
838 3325 1022 3381 memoriam
1050 3331 1296 3398 perpetuamque
1318 3323 1499 3381 firmitatem

233 3437 390 3498 presentes
414 3428 619 3484 concessimus
643 3428 769 3498 litteras,
793 3428 951 3503 dupplicis
974 3430 1071 3502 sigilli
1094 3431 1191 3488 nostri
1214 3431 1288 3488 novi
1309 3437 1339 3487 et
1355 3430 1500 3488 autentici

234 3535 404 3591 munimine
428 3535 596 3591 roboratas
621 3535 737 3592 Datum
761 3551 817 3607 per
840 3552 948 3593 manus
972 3536 1096 3594 discreti
1120 3537 1179 3594 viri
1202 3536 1344 3609 magistri
1368 3536 1500 3608 Andree,

233 3640 356 3696 lectoris
380 3641 508 3697 ecclesie
531 3641 869 3713 quiuqueecclesiensis,
894 3643 964 3698 aule
988 3651 1091 3699 nostre
1114 3641 1369 3713 vicecancellarii,
1393 3642 1498 3700 dilecti

233 3755 262 3801 et
286 3745 387 3802 fidelis
411 3747 515 3804 nostri.
539 3750 629 3804 Anno
660 3747 778 3804 domini
810 3748 979 3805 Mr‘ccxx
1003 3749 1107 3818 tercio,
1138 3750 1232 3806 tercio
1267 3748 1413 3806 kalendas
1444 3748 1496 3806 de·

232 3852 373 3908 cembris.
399 3853 637 3910 venerabilibus
661 3855 691 3910 iu
716 3855 839 3912 t'hristo
864 3855 1015 3928 patribus,
1047 3854 1189 3926 dominis,
1213 3855 1355 3912 Bolezlao
1389 3856 1500 3929 strigo-

234 3958 337 4026 niensi,
374 3959 495 4030 locique
519 3959 656 4015 eiusdem
681 3961 793 4017 comite
826 3968 985 4034 perpetuo,
1016 3961 1110 4025 fratre
1133 3960 1286 4032 Ladisla0,
1310 3962 1492 4032 colochensi,

230 4072 259 4120 et
284 4063 377 4120 fratre
394 4064 492 4133 Petro,
517 4064 693 4137 spalatensi,
725 4066 982 4140 archiepiscopis;
1004 4068 1144 4150 Johanne
1166 4067 1313 4137 nitriensi,
1336 4066 1500 4124 Benedicto

232 4169 435 4238 chanadiensi,
461 4169 589 4226 Nicolao
612 4169 765 4245 januensi,
790 4171 924 4244 Georgio
941 4172 980 4230 de
998 4173 1500 4246 sanctoIreneo,1adislaoquin·

233 4275 478 4346 queecclesiensi,
504 4275 597 4332 fratre
624 4276 712 4333 Petro
736 4278 889 4339 boznensi.
913 4279 1037 4337 Itvanka
1061 4279 1253 4350 waradiensi,
1270 4278 1394 4336 Andrea
1418 4288 1499 4336 tran·

232 4380 361 4449 silvano,
385 4382 513 4438 llerrico
539 4384 770 4455 vesprimiensi,
795 4385 865 4441 aule
889 4384 1013 4442 domine
1029 4386 1142 4458 regine,
1159 4385 1309 4443 consortis
1324 4392 1428 4442 nostre
1448 4385 1499 4442 lra-

233 4487 361 4556 rissime,
386 4488 570 4544 cancellario
594 4505 628 4545 ac
652 4489 831 4546 tsslranadino
862 4492 1003 4562 agriensi,
1035 4492 1237 4549 ecclesiarum
1264 4491 1426 4564 episcopis,
1450 4508 1498 4548 ec-

231 4592 339 4649 clesias
363 4592 413 4649 dei
437 4592 567 4651 feliciter
590 4595 842 4666 gubernantibus.
866 4597 1037 4670 lllagnifieis
1061 4597 1152 4655 viris:
1179 4597 1325 4672 Philippo
1353 4597 1498 4671 palatin0,

232 4698 343 4755 comite
367 4700 553 4772 scepusiensi
577 4710 606 4757 et
629 4700 668 4757 de
691 4701 820 4773 Wyuar,
843 4702 1003 4760 Demetrio
1027 4704 1176 4776 magistro
1196 4702 1426 4761 tavamicorum
1445 4716 1499 4760 no·

231 4809 375 4875 strorum,
408 4806 519 4863 comite
552 4807 707 4864 bachiensi
739 4814 769 4865 et
802 4808 976 4880 trinchensi,
1007 4809 1157 4882 magistro
1191 4809 1368 4884 Lampert0,
1399 4807 1500 4868 iudice
