<?xml version="1.0" encoding="UTF-8"?>
<!DOCTYPE html PUBLIC "-//W3C//DTD XHTML 1.0 Transitional//EN"
    "http://www.w3.org/TR/xhtml1/DTD/xhtml1-transitional.dtd">
<html xmlns="http://www.w3.org/1999/xhtml" xml:lang="en" lang="en">
 <head>
  <title>
</title>
<meta http-equiv="Content-Type" content="text/html;charset=utf-8" />
  <meta name='ocr-system' content='tesseract 3.04.00' />
  <meta name='ocr-capabilities' content='ocr_page ocr_carea ocr_par ocr_line ocrx_word'/>
</head>
<body>
  <div class='ocr_page' id='page_1' title='image "./monumentahistor11laszgoog_0627.png"; bbox 0 0 3488 5242; ppageno 0'>
   <div class='ocr_carea' id='block_1_1' title="bbox 669 296 1097 376">
    <p class='ocr_par' dir='ltr' id='par_1_1' title="bbox 669 296 1097 376">
     <span class='ocr_line' id='line_1_1' title="bbox 669 296 1097 376; baseline 0.002 -22"><span class='ocrx_word' id='word_1_1' title='bbox 669 297 742 355; x_wconf 86' lang='lat' dir='ltr'><strong>Doc.</strong></span> <span class='ocrx_word' id='word_1_2' title='bbox 765 311 838 376; x_wconf 74' lang='lat'><em>400.</em></span> <span class='ocrx_word' id='word_1_3' title='bbox 867 331 903 340; x_wconf 92' lang='lat'><strong>—</strong></span> <span class='ocrx_word' id='word_1_4' title='bbox 928 296 1097 375; x_wconf 70' lang='lat' dir='ltr'><strong>Arc1397.</strong></span> 
     </span>
    </p>
   </div>
   <div class='ocr_carea' id='block_1_2' title="bbox 840 527 938 593">
    <p class='ocr_par' dir='ltr' id='par_1_2' title="bbox 840 527 938 593">
     <span class='ocr_line' id='line_1_2' title="bbox 840 527 938 593; baseline 0.01 -1"><span class='ocrx_word' id='word_1_5' title='bbox 840 527 938 593; x_wconf 88' lang='grc'><strong>400.</strong></span> 
     </span>
    </p>
   </div>
   <div class='ocr_carea' id='block_1_3' title="bbox 360 666 842 732">
    <p class='ocr_par' dir='ltr' id='par_1_3' title="bbox 360 666 842 732">
     <span class='ocr_line' id='line_1_3' title="bbox 360 666 842 732; baseline -0.004 -14"><span class='ocrx_word' id='word_1_6' title='bbox 360 670 437 718; x_wconf 80' lang='lat' dir='ltr'><strong>Anno</strong></span> <span class='ocrx_word' id='word_1_7' title='bbox 459 675 533 732; x_wconf 86' lang='lat'><strong>1397,</strong></span> <span class='ocrx_word' id='word_1_8' title='bbox 555 669 593 719; x_wconf 81' lang='lat'><strong>18.</strong></span> <span class='ocrx_word' id='word_1_9' title='bbox 610 667 733 732; x_wconf 83' lang='lat' dir='ltr'><strong>januarii.</strong></span> <span class='ocrx_word' id='word_1_10' title='bbox 754 666 842 717; x_wconf 88' lang='lat' dir='ltr'><strong>Crisii.</strong></span> 
     </span>
    </p>
   </div>
   <div class='ocr_carea' id='block_1_4' title="bbox 278 813 1506 995">
    <p class='ocr_par' dir='ltr' id='par_1_4' title="bbox 278 813 1506 995">
     <span class='ocr_line' id='line_1_4' title="bbox 278 813 1506 888; baseline -0.002 -17"><span class='ocrx_word' id='word_1_11' title='bbox 278 816 431 872; x_wconf 82' lang='lat' dir='ltr'><strong>Martinus</strong></span> <span class='ocrx_word' id='word_1_12' title='bbox 452 815 533 872; x_wconf 85' lang='lat' dir='ltr'><strong>Ders</strong></span> <span class='ocrx_word' id='word_1_13' title='bbox 556 814 717 883; x_wconf 62' lang='lat' dir='ltr'><strong>artabanus,</strong></span> <span class='ocrx_word' id='word_1_14' title='bbox 739 815 895 887; x_wconf 81' lang='lat' dir='ltr'><strong>capitulum</strong></span> <span class='ocrx_word' id='word_1_15' title='bbox 917 815 1034 888; x_wconf 83' lang='lat' dir='ltr'><strong>zagrab.</strong></span> <span class='ocrx_word' id='word_1_16' title='bbox 1058 816 1089 871; x_wconf 87' lang='lat' dir='ltr'><strong>in</strong></span> <span class='ocrx_word' id='word_1_17' title='bbox 1110 815 1226 871; x_wconf 65' lang='lat' dir='ltr'><strong>ciuitate</strong></span> <span class='ocrx_word' id='word_1_18' title='bbox 1254 813 1413 872; x_wconf 82' lang='lat' dir='ltr'><strong>Grccltensi</strong></span> <span class='ocrx_word' id='word_1_19' title='bbox 1432 813 1506 870; x_wconf 85' lang='lat' dir='ltr'><strong>duas</strong></span> 
     </span>
     <span class='ocr_line' id='line_1_5' title="bbox 464 919 1313 995; baseline -0.001 -17"><span class='ocrx_word' id='word_1_20' title='bbox 464 921 559 978; x_wconf 65' lang='lat' dir='ltr'><strong>danos</strong></span> <span class='ocrx_word' id='word_1_21' title='bbox 582 928 610 978; x_wconf 82' lang='lat' dir='ltr'><strong>et</strong></span> <span class='ocrx_word' id='word_1_22' title='bbox 629 919 773 978; x_wconf 80' lang='lat' dir='ltr'><em>stabulum</em></span> <span class='ocrx_word' id='word_1_23' title='bbox 795 921 918 994; x_wconf 83' lang='lat' dir='ltr'><strong>quodam</strong></span> <span class='ocrx_word' id='word_1_24' title='bbox 940 922 1054 978; x_wconf 82' lang='lat' dir='ltr'><strong>incendi</strong></span> <span class='ocrx_word' id='word_1_25' title='bbox 1072 922 1194 990; x_wconf 82' lang='lat' dir='ltr'><strong>iussisse,</strong></span> <span class='ocrx_word' id='word_1_26' title='bbox 1217 921 1313 995; x_wconf 79' lang='lat' dir='ltr'><strong>refert.</strong></span> 
     </span>
    </p>
   </div>
   <div class='ocr_carea' id='block_1_5' title="bbox 254 1081 1521 4120">
    <p class='ocr_par' dir='ltr' id='par_1_5' title="bbox 254 1081 1521 4120">
     <span class='ocr_line' id='line_1_6' title="bbox 343 1081 1520 1155; baseline -0.001 -16"><span class='ocrx_word' id='word_1_27' title='bbox 343 1082 407 1140; x_wconf 90' lang='lat' dir='ltr'><strong>Nos</strong></span> <span class='ocrx_word' id='word_1_28' title='bbox 438 1084 585 1155; x_wconf 90' lang='lat' dir='ltr'><strong>magister</strong></span> <span class='ocrx_word' id='word_1_29' title='bbox 614 1086 764 1143; x_wconf 89' lang='lat' dir='ltr'><strong>Martinus</strong></span> <span class='ocrx_word' id='word_1_30' title='bbox 795 1086 883 1154; x_wconf 88' lang='lat' dir='ltr'><strong>Ders,</strong></span> <span class='ocrx_word' id='word_1_31' title='bbox 914 1084 1081 1142; x_wconf 88' lang='lat' dir='ltr'><strong>vicebanus</strong></span> <span class='ocrx_word' id='word_1_32' title='bbox 1111 1089 1141 1140; x_wconf 88' lang='lat' dir='ltr'><strong>et</strong></span> <span class='ocrx_word' id='word_1_33' title='bbox 1171 1098 1275 1140; x_wconf 91' lang='lat' dir='ltr'><strong>comes</strong></span> <span class='ocrx_word' id='word_1_34' title='bbox 1305 1081 1458 1139; x_wconf 91' lang='lat' dir='ltr'><strong>crisiensis</strong></span> <span class='ocrx_word' id='word_1_35' title='bbox 1485 1096 1520 1138; x_wconf 93' lang='lat' dir='ltr'><strong>ac</strong></span> 
     </span>
     <span class='ocr_line' id='line_1_7' title="bbox 255 1186 1520 1260; baseline -0.001 -15"><span class='ocrx_word' id='word_1_36' title='bbox 255 1187 371 1246; x_wconf 89' lang='lat' dir='ltr'><strong>iudices</strong></span> <span class='ocrx_word' id='word_1_37' title='bbox 401 1188 556 1246; x_wconf 85' lang='lat' dir='ltr'>nobilium</span> <span class='ocrx_word' id='word_1_38' title='bbox 587 1190 724 1248; x_wconf 87' lang='lat' dir='ltr'><strong>eiusdem</strong></span> <span class='ocrx_word' id='word_1_39' title='bbox 756 1191 927 1248; x_wconf 82' lang='lat' dir='ltr'><strong>comitatus.</strong></span> <span class='ocrx_word' id='word_1_40' title='bbox 959 1190 1108 1248; x_wconf 88' lang='lat' dir='ltr'><strong>Memorie</strong></span> <span class='ocrx_word' id='word_1_41' title='bbox 1140 1188 1403 1256; x_wconf 89' lang='lat' dir='ltr'><strong>commendamus,</strong></span> <span class='ocrx_word' id='word_1_42' title='bbox 1437 1186 1520 1260; x_wconf 91' lang='lat' dir='ltr'><strong>quod</strong></span> 
     </span>
     <span class='ocr_line' id='line_1_8' title="bbox 255 1292 1520 1369; baseline -0.002 -18"><span class='ocrx_word' id='word_1_43' title='bbox 255 1310 328 1351; x_wconf 90' lang='lat' dir='ltr'><strong>cum</strong></span> <span class='ocrx_word' id='word_1_44' title='bbox 349 1309 405 1351; x_wconf 93' lang='lat' dir='ltr'><strong>nos</strong></span> <span class='ocrx_word' id='word_1_45' title='bbox 428 1293 468 1351; x_wconf 90' lang='lat' dir='ltr'><strong>ad</strong></span> <span class='ocrx_word' id='word_1_46' title='bbox 489 1296 654 1352; x_wconf 83' lang='lat' dir='ltr'><strong>instantem</strong></span> <span class='ocrx_word' id='word_1_47' title='bbox 677 1297 860 1368; x_wconf 84' lang='lat' dir='ltr'><strong>peticionem</strong></span> <span class='ocrx_word' id='word_1_48' title='bbox 883 1295 1090 1369; x_wconf 87' lang='lat' dir='ltr'><strong>providorum</strong></span> <span class='ocrx_word' id='word_1_49' title='bbox 1112 1296 1254 1352; x_wconf 87' lang='lat' dir='ltr'><strong>virorum</strong></span> <span class='ocrx_word' id='word_1_50' title='bbox 1279 1295 1374 1351; x_wconf 88' lang='lat' dir='ltr'><strong>Marci</strong></span> <span class='ocrx_word' id='word_1_51' title='bbox 1401 1292 1520 1361; x_wconf 89' lang='lat' dir='ltr'><strong>iudicis,</strong></span> 
     </span>
     <span class='ocr_line' id='line_1_9' title="bbox 254 1398 1520 1459; baseline -0.001 -2"><span class='ocrx_word' id='word_1_52' title='bbox 254 1401 427 1458; x_wconf 87' lang='lat' dir='ltr'><strong>iuratorum</strong></span> <span class='ocrx_word' id='word_1_53' title='bbox 450 1405 481 1457; x_wconf 89' lang='lat' dir='ltr'><strong>et</strong></span> <span class='ocrx_word' id='word_1_54' title='bbox 503 1401 719 1459; x_wconf 88' lang='lat' dir='ltr'><strong>universorum</strong></span> <span class='ocrx_word' id='word_1_55' title='bbox 751 1403 868 1459; x_wconf 88' lang='lat' dir='ltr'><strong>civium</strong></span> <span class='ocrx_word' id='word_1_56' title='bbox 899 1402 1032 1459; x_wconf 89' lang='lat' dir='ltr'><strong>civitatis</strong></span> <span class='ocrx_word' id='word_1_57' title='bbox 1060 1402 1173 1458; x_wconf 90' lang='lat' dir='ltr'><strong>montis</strong></span> <span class='ocrx_word' id='word_1_58' title='bbox 1196 1400 1381 1458; x_wconf 90' lang='lat' dir='ltr'><strong>Grecheusis</strong></span> <span class='ocrx_word' id='word_1_59' title='bbox 1404 1399 1442 1456; x_wconf 88' lang='lat' dir='ltr'><strong>de</strong></span> <span class='ocrx_word' id='word_1_60' title='bbox 1465 1398 1520 1457; x_wconf 89' lang='lat' dir='ltr'><strong>Za·</strong></span> 
     </span>
     <span class='ocr_line' id='line_1_10' title="bbox 254 1505 1521 1588; baseline -0.002 -25"><span class='ocrx_word' id='word_1_61' title='bbox 254 1506 373 1579; x_wconf 89' lang='lat' dir='ltr'><strong>grabia,</strong></span> <span class='ocrx_word' id='word_1_62' title='bbox 402 1507 583 1588; x_wconf 88' lang='lat' dir='ltr'><strong>Johannem,</strong></span> <span class='ocrx_word' id='word_1_63' title='bbox 616 1507 717 1564; x_wconf 91' lang='lat' dir='ltr'><strong>filium</strong></span> <span class='ocrx_word' id='word_1_64' title='bbox 749 1507 882 1577; x_wconf 80' lang='lat' dir='ltr'><strong>Andree,</strong></span> <span class='ocrx_word' id='word_1_65' title='bbox 913 1524 1010 1565; x_wconf 91' lang='lat' dir='ltr'><strong>unum</strong></span> <span class='ocrx_word' id='word_1_66' title='bbox 1041 1524 1079 1564; x_wconf 87' lang='lat' dir='ltr'><strong>ex</strong></span> <span class='ocrx_word' id='word_1_67' title='bbox 1108 1508 1198 1564; x_wconf 91' lang='lat' dir='ltr'><strong>nobis</strong></span> <span class='ocrx_word' id='word_1_68' title='bbox 1221 1507 1338 1564; x_wconf 90' lang='lat' dir='ltr'><strong>scilicet</strong></span> <span class='ocrx_word' id='word_1_69' title='bbox 1367 1505 1521 1563; x_wconf 89' lang='lat' dir='ltr'><strong>iudicibus</strong></span> 
     </span>
     <span class='ocr_line' id='line_1_11' title="bbox 255 1611 1521 1686; baseline -0.001 -17"><span class='ocrx_word' id='word_1_70' title='bbox 255 1612 419 1682; x_wconf 88' lang='lat' dir='ltr'><strong>nobilium,</strong></span> <span class='ocrx_word' id='word_1_71' title='bbox 442 1611 483 1669; x_wconf 93' lang='lat' dir='ltr'><strong>ad</strong></span> <span class='ocrx_word' id='word_1_72' title='bbox 505 1611 735 1686; x_wconf 87' lang='lat' dir='ltr'><strong>infrascriptam</strong></span> <span class='ocrx_word' id='word_1_73' title='bbox 760 1613 993 1686; x_wconf 89' lang='lat' dir='ltr'><strong>inquisicionem</strong></span> <span class='ocrx_word' id='word_1_74' title='bbox 1017 1612 1189 1671; x_wconf 88' lang='lat' dir='ltr'><strong>faciendam</strong></span> <span class='ocrx_word' id='word_1_75' title='bbox 1212 1613 1351 1685; x_wconf 85' lang='lat' dir='ltr'><strong>legitime</strong></span> <span class='ocrx_word' id='word_1_76' title='bbox 1373 1611 1521 1669; x_wconf 90' lang='lat' dir='ltr'><strong>destinas·</strong></span> 
     </span>
     <span class='ocr_line' id='line_1_12' title="bbox 255 1716 1520 1789; baseline -0.002 -14"><span class='ocrx_word' id='word_1_77' title='bbox 255 1733 374 1786; x_wconf 88' lang='lat' dir='ltr'><strong>semus;</strong></span> <span class='ocrx_word' id='word_1_78' title='bbox 397 1718 523 1775; x_wconf 88' lang='lat' dir='ltr'><strong>tandem</strong></span> <span class='ocrx_word' id='word_1_79' title='bbox 546 1717 630 1775; x_wconf 89' lang='lat' dir='ltr'><strong>idem</strong></span> <span class='ocrx_word' id='word_1_80' title='bbox 653 1718 763 1777; x_wconf 84' lang='lat' dir='ltr'><strong>exinde</strong></span> <span class='ocrx_word' id='word_1_81' title='bbox 786 1719 826 1776; x_wconf 93' lang='lat' dir='ltr'><strong>ad</strong></span> <span class='ocrx_word' id='word_1_82' title='bbox 849 1734 906 1777; x_wconf 93' lang='lat' dir='ltr'><strong>nos</strong></span> <span class='ocrx_word' id='word_1_83' title='bbox 925 1735 1075 1789; x_wconf 87' lang='lat' dir='ltr'><strong>reversus,</strong></span> <span class='ocrx_word' id='word_1_84' title='bbox 1099 1719 1189 1776; x_wconf 88' lang='lat' dir='ltr'><strong>nobis</strong></span> <span class='ocrx_word' id='word_1_85' title='bbox 1205 1719 1310 1776; x_wconf 89' lang='lat' dir='ltr'><strong>retulit</strong></span> <span class='ocrx_word' id='word_1_86' title='bbox 1333 1719 1391 1775; x_wconf 90' lang='lat' dir='ltr'><strong>isto</strong></span> <span class='ocrx_word' id='word_1_87' title='bbox 1407 1716 1520 1774; x_wconf 89' lang='lat' dir='ltr'><strong>modo:</strong></span> 
     </span>
     <span class='ocr_line' id='line_1_13' title="bbox 256 1821 1520 1898; baseline -0.001 -18"><span class='ocrx_word' id='word_1_88' title='bbox 256 1823 340 1896; x_wconf 91' lang='lat' dir='ltr'><strong>quod</strong></span> <span class='ocrx_word' id='word_1_89' title='bbox 363 1825 429 1898; x_wconf 89' lang='lat' dir='ltr'><strong>ipse</strong></span> <span class='ocrx_word' id='word_1_90' title='bbox 455 1824 496 1881; x_wconf 96' lang='lat' dir='ltr'><strong>ab</strong></span> <span class='ocrx_word' id='word_1_91' title='bbox 519 1825 673 1895; x_wconf 88' lang='lat' dir='ltr'><strong>omnibus,</strong></span> <span class='ocrx_word' id='word_1_92' title='bbox 696 1826 810 1897; x_wconf 87' lang='lat' dir='ltr'><strong>quibus</strong></span> <span class='ocrx_word' id='word_1_93' title='bbox 833 1825 984 1883; x_wconf 86' lang='lat' dir='ltr'><strong>decuisset</strong></span> <span class='ocrx_word' id='word_1_94' title='bbox 1007 1831 1037 1881; x_wconf 91' lang='lat' dir='ltr'><strong>et</strong></span> <span class='ocrx_word' id='word_1_95' title='bbox 1060 1826 1196 1882; x_wconf 86' lang='lat' dir='ltr'><strong>licuisset</strong></span> <span class='ocrx_word' id='word_1_96' title='bbox 1220 1823 1326 1897; x_wconf 89' lang='lat' dir='ltr'><strong>palam</strong></span> <span class='ocrx_word' id='word_1_97' title='bbox 1349 1829 1379 1880; x_wconf 88' lang='lat' dir='ltr'><strong>et</strong></span> <span class='ocrx_word' id='word_1_98' title='bbox 1399 1821 1520 1880; x_wconf 87' lang='lat' dir='ltr'><strong>occulte</strong></span> 
     </span>
     <span class='ocr_line' id='line_1_14' title="bbox 256 1928 1520 2004; baseline -0.002 -17"><span class='ocrx_word' id='word_1_99' title='bbox 256 1929 421 2003; x_wconf 83' lang='lat' dir='ltr'><strong>diligenter</strong></span> <span class='ocrx_word' id='word_1_100' title='bbox 450 1930 644 2004; x_wconf 89' lang='lat' dir='ltr'><strong>inquirendo,</strong></span> <span class='ocrx_word' id='word_1_101' title='bbox 673 1932 751 1989; x_wconf 89' lang='lat' dir='ltr'><strong>hanc</strong></span> <span class='ocrx_word' id='word_1_102' title='bbox 774 1931 813 1989; x_wconf 91' lang='lat' dir='ltr'><strong>de</strong></span> <span class='ocrx_word' id='word_1_103' title='bbox 836 1931 1041 2004; x_wconf 84' lang='lat' dir='ltr'><strong>infrascriptis</strong></span> <span class='ocrx_word' id='word_1_104' title='bbox 1064 1932 1204 1988; x_wconf 90' lang='lat' dir='ltr'><strong>scivisset</strong></span> <span class='ocrx_word' id='word_1_105' title='bbox 1225 1945 1345 1987; x_wconf 89' lang='lat' dir='ltr'><strong>meram</strong></span> <span class='ocrx_word' id='word_1_106' title='bbox 1369 1934 1398 1986; x_wconf 91' lang='lat' dir='ltr'><strong>et</strong></span> <span class='ocrx_word' id='word_1_107' title='bbox 1422 1928 1520 1985; x_wconf 92' lang='lat' dir='ltr'><strong>omni-</strong></span> 
     </span>
     <span class='ocr_line' id='line_1_15' title="bbox 256 2032 1520 2120; baseline -0.003 -27"><span class='ocrx_word' id='word_1_108' title='bbox 256 2036 381 2094; x_wconf 90' lang='lat' dir='ltr'><strong>modam</strong></span> <span class='ocrx_word' id='word_1_109' title='bbox 406 2037 578 2106; x_wconf 89' lang='lat' dir='ltr'><strong>veritatem,</strong></span> <span class='ocrx_word' id='word_1_110' title='bbox 602 2037 684 2109; x_wconf 90' lang='lat' dir='ltr'><strong>quod</strong></span> <span class='ocrx_word' id='word_1_111' title='bbox 708 2038 864 2120; x_wconf 90' lang='lat' dir='ltr'><strong>Johannes</strong></span> <span class='ocrx_word' id='word_1_112' title='bbox 887 2037 1016 2111; x_wconf 92' lang='lat' dir='ltr'><strong>Crispus</strong></span> <span class='ocrx_word' id='word_1_113' title='bbox 1043 2037 1081 2093; x_wconf 89' lang='lat' dir='ltr'><strong>de</strong></span> <span class='ocrx_word' id='word_1_114' title='bbox 1105 2034 1249 2105; x_wconf 88' lang='lat' dir='ltr'><strong>Kemluk,</strong></span> <span class='ocrx_word' id='word_1_115' title='bbox 1273 2034 1441 2106; x_wconf 85' lang='lat' dir='ltr'><strong>Gregorius</strong></span> <span class='ocrx_word' id='word_1_116' title='bbox 1464 2032 1520 2089; x_wconf 89' lang='lat' dir='ltr'><strong>du·</strong></span> 
     </span>
     <span class='ocr_line' id='line_1_16' title="bbox 255 2139 1518 2226; baseline -0.003 -27"><span class='ocrx_word' id='word_1_117' title='bbox 255 2141 396 2213; x_wconf 88' lang='lat' dir='ltr'><strong>bicensis‚</strong></span> <span class='ocrx_word' id='word_1_118' title='bbox 426 2143 581 2225; x_wconf 90' lang='lat' dir='ltr'><strong>Johannes</strong></span> <span class='ocrx_word' id='word_1_119' title='bbox 611 2142 650 2199; x_wconf 91' lang='lat' dir='ltr'><strong>de</strong></span> <span class='ocrx_word' id='word_1_120' title='bbox 672 2142 830 2211; x_wconf 89' lang='lat' dir='ltr'><strong>Vrboucb,</strong></span> <span class='ocrx_word' id='word_1_121' title='bbox 862 2142 979 2216; x_wconf 88' lang='lat' dir='ltr'><strong>Symon</strong></span> <span class='ocrx_word' id='word_1_122' title='bbox 1000 2143 1038 2200; x_wconf 93' lang='lat' dir='ltr'><strong>de</strong></span> <span class='ocrx_word' id='word_1_123' title='bbox 1060 2143 1172 2212; x_wconf 89' lang='lat' dir='ltr'><strong>Vaska,</strong></span> <span class='ocrx_word' id='word_1_124' title='bbox 1195 2143 1350 2226; x_wconf 89' lang='lat' dir='ltr'><strong>Johannes</strong></span> <span class='ocrx_word' id='word_1_125' title='bbox 1372 2139 1518 2208; x_wconf 86' lang='lat' dir='ltr'><strong>Farkasii,</strong></span> 
     </span>
     <span class='ocr_line' id='line_1_17' title="bbox 255 2246 1520 2322; baseline -0.002 -18"><span class='ocrx_word' id='word_1_126' title='bbox 255 2246 454 2315; x_wconf 88' lang='lat' dir='ltr'><strong>kathedralis,</strong></span> <span class='ocrx_word' id='word_1_127' title='bbox 486 2247 606 2305; x_wconf 91' lang='lat' dir='ltr'><strong>Hincko</strong></span> <span class='ocrx_word' id='word_1_128' title='bbox 636 2249 832 2319; x_wconf 81' lang='lat' dir='ltr'><strong>chasmensis,</strong></span> <span class='ocrx_word' id='word_1_129' title='bbox 865 2248 1038 2322; x_wconf 86' lang='lat' dir='ltr'><strong>Stephanus</strong></span> <span class='ocrx_word' id='word_1_130' title='bbox 1070 2247 1275 2306; x_wconf 89' lang='lat' dir='ltr'><strong>varasdiensis</strong></span> <span class='ocrx_word' id='word_1_131' title='bbox 1298 2253 1328 2303; x_wconf 89' lang='lat' dir='ltr'><strong>et</strong></span> <span class='ocrx_word' id='word_1_132' title='bbox 1351 2246 1520 2318; x_wconf 86' lang='lat' dir='ltr'><strong>Gregorius</strong></span> 
     </span>
     <span class='ocr_line' id='line_1_18' title="bbox 256 2352 1517 2437; baseline -0.002 -27"><span class='ocrx_word' id='word_1_133' title='bbox 256 2353 294 2411; x_wconf 91' lang='lat' dir='ltr'><strong>de</strong></span> <span class='ocrx_word' id='word_1_134' title='bbox 317 2353 421 2423; x_wconf 79' lang='lat' dir='ltr'><strong>Beria,</strong></span> <span class='ocrx_word' id='word_1_135' title='bbox 437 2352 660 2423; x_wconf 89' lang='lat' dir='ltr'><strong>archidiaconi;</strong></span> <span class='ocrx_word' id='word_1_136' title='bbox 683 2355 767 2419; x_wconf 82' lang='lat' dir='ltr'><strong>item.</strong></span> <span class='ocrx_word' id='word_1_137' title='bbox 789 2355 944 2437; x_wconf 90' lang='lat' dir='ltr'><strong>Johannes</strong></span> <span class='ocrx_word' id='word_1_138' title='bbox 967 2355 1132 2422; x_wconf 89' lang='lat' dir='ltr'><strong>Lanceloti,</strong></span> <span class='ocrx_word' id='word_1_139' title='bbox 1157 2352 1337 2410; x_wconf 89' lang='lat' dir='ltr'><strong>Benedictus</strong></span> <span class='ocrx_word' id='word_1_140' title='bbox 1360 2352 1399 2409; x_wconf 90' lang='lat' dir='ltr'><strong>de</strong></span> <span class='ocrx_word' id='word_1_141' title='bbox 1416 2353 1517 2409; x_wconf 81' lang='lat' dir='ltr'><strong>Mono</strong></span> 
     </span>
     <span class='ocr_line' id='line_1_19' title="bbox 255 2458 1521 2532; baseline -0.002 -16"><span class='ocrx_word' id='word_1_142' title='bbox 255 2460 344 2528; x_wconf 90' lang='lat' dir='ltr'><strong>zlow‚</strong></span> <span class='ocrx_word' id='word_1_143' title='bbox 368 2459 537 2532; x_wconf 87' lang='lat' dir='ltr'><strong>Gregorius</strong></span> <span class='ocrx_word' id='word_1_144' title='bbox 561 2459 600 2516; x_wconf 87' lang='lat' dir='ltr'><strong>de</strong></span> <span class='ocrx_word' id='word_1_145' title='bbox 622 2459 729 2531; x_wconf 86' lang='lat' dir='ltr'><strong>Varas,</strong></span> <span class='ocrx_word' id='word_1_146' title='bbox 760 2459 907 2517; x_wconf 89' lang='lat' dir='ltr'><strong>Nicolaus</strong></span> <span class='ocrx_word' id='word_1_147' title='bbox 929 2468 960 2518; x_wconf 90' lang='lat' dir='ltr'><strong>et</strong></span> <span class='ocrx_word' id='word_1_148' title='bbox 982 2461 1061 2518; x_wconf 89' lang='lat' dir='ltr'><strong>alter</strong></span> <span class='ocrx_word' id='word_1_149' title='bbox 1083 2461 1238 2530; x_wconf 81' lang='lat' dir='ltr'><strong>Nicotaus,</strong></span> <span class='ocrx_word' id='word_1_150' title='bbox 1260 2458 1417 2531; x_wconf 88' lang='lat' dir='ltr'><strong>Hungari;</strong></span> <span class='ocrx_word' id='word_1_151' title='bbox 1441 2459 1521 2514; x_wconf 90' lang='lat' dir='ltr'><strong>Mar·</strong></span> 
     </span>
     <span class='ocr_line' id='line_1_20' title="bbox 256 2563 1519 2636; baseline -0.002 -14"><span class='ocrx_word' id='word_1_152' title='bbox 256 2565 337 2622; x_wconf 91' lang='lat' dir='ltr'><strong>tinus</strong></span> <span class='ocrx_word' id='word_1_153' title='bbox 353 2579 491 2636; x_wconf 88' lang='lat' dir='ltr'><strong>magnus,</strong></span> <span class='ocrx_word' id='word_1_154' title='bbox 509 2563 665 2622; x_wconf 87' lang='lat' dir='ltr'><strong>Barnabas</strong></span> <span class='ocrx_word' id='word_1_155' title='bbox 681 2565 821 2633; x_wconf 88' lang='lat' dir='ltr'><strong>Mikonis,</strong></span> <span class='ocrx_word' id='word_1_156' title='bbox 838 2565 1020 2623; x_wconf 89' lang='lat' dir='ltr'><strong>Benedictus</strong></span> <span class='ocrx_word' id='word_1_157' title='bbox 1037 2567 1152 2633; x_wconf 91' lang='lat' dir='ltr'><strong>luanse,</strong></span> <span class='ocrx_word' id='word_1_158' title='bbox 1168 2565 1315 2622; x_wconf 79' lang='lat' dir='ltr'><strong>Nicotaus</strong></span> <span class='ocrx_word' id='word_1_159' title='bbox 1331 2564 1369 2621; x_wconf 92' lang='lat' dir='ltr'><strong>de</strong></span> <span class='ocrx_word' id='word_1_160' title='bbox 1383 2563 1519 2631; x_wconf 87' lang='lat' dir='ltr'><strong>Kassina,</strong></span> 
     </span>
     <span class='ocr_line' id='line_1_21' title="bbox 256 2668 1521 2744; baseline 0 -18"><span class='ocrx_word' id='word_1_161' title='bbox 256 2670 401 2739; x_wconf 87' lang='lat' dir='ltr'><strong>Thomas,</strong></span> <span class='ocrx_word' id='word_1_162' title='bbox 425 2685 521 2743; x_wconf 86' lang='lat' dir='ltr'><strong>nepos</strong></span> <span class='ocrx_word' id='word_1_163' title='bbox 545 2671 690 2742; x_wconf 91' lang='lat' dir='ltr'><strong>custodis,</strong></span> <span class='ocrx_word' id='word_1_164' title='bbox 707 2671 827 2730; x_wconf 91' lang='lat' dir='ltr'><strong>Blasius</strong></span> <span class='ocrx_word' id='word_1_165' title='bbox 847 2679 957 2742; x_wconf 90' lang='lat' dir='ltr'><strong>custos,</strong></span> <span class='ocrx_word' id='word_1_166' title='bbox 982 2673 1148 2744; x_wconf 80' lang='lat' dir='ltr'><strong>Dyonisius</strong></span> <span class='ocrx_word' id='word_1_167' title='bbox 1165 2672 1203 2729; x_wconf 92' lang='lat' dir='ltr'><strong>de</strong></span> <span class='ocrx_word' id='word_1_168' title='bbox 1226 2670 1334 2740; x_wconf 89' lang='lat' dir='ltr'><strong>Crisi0,</strong></span> <span class='ocrx_word' id='word_1_169' title='bbox 1347 2668 1521 2743; x_wconf 87' lang='lat' dir='ltr'><strong>Stephanus</strong></span> 
     </span>
     <span class='ocr_line' id='line_1_22' title="bbox 256 2775 1519 2850; baseline -0.001 -18"><span class='ocrx_word' id='word_1_170' title='bbox 256 2776 422 2848; x_wconf 89' lang='lat' dir='ltr'><strong>Hungarus</strong></span> <span class='ocrx_word' id='word_1_171' title='bbox 445 2781 475 2833; x_wconf 90' lang='lat' dir='ltr'><strong>et</strong></span> <span class='ocrx_word' id='word_1_172' title='bbox 498 2776 606 2834; x_wconf 89' lang='lat' dir='ltr'><strong>Petrus</strong></span> <span class='ocrx_word' id='word_1_173' title='bbox 632 2776 744 2850; x_wconf 87' lang='lat' dir='ltr'><strong>Crispi.</strong></span> <span class='ocrx_word' id='word_1_174' title='bbox 772 2779 918 2846; x_wconf 88' lang='lat' dir='ltr'><strong>canonici,</strong></span> <span class='ocrx_word' id='word_1_175' title='bbox 940 2793 1048 2850; x_wconf 90' lang='lat' dir='ltr'><strong>ymmo</strong></span> <span class='ocrx_word' id='word_1_176' title='bbox 1072 2784 1170 2835; x_wconf 91' lang='lat' dir='ltr'><strong>totum</strong></span> <span class='ocrx_word' id='word_1_177' title='bbox 1195 2776 1367 2850; x_wconf 90' lang='lat' dir='ltr'><strong>capitulum</strong></span> <span class='ocrx_word' id='word_1_178' title='bbox 1392 2775 1519 2832; x_wconf 87' lang='lat' dir='ltr'><strong>ecclesie</strong></span> 
     </span>
     <span class='ocr_line' id='line_1_23' title="bbox 256 2880 1517 2956; baseline -0.001 -18"><span class='ocrx_word' id='word_1_179' title='bbox 256 2882 471 2954; x_wconf 86' lang='lat' dir='ltr'><strong>zagrabiensis,</strong></span> <span class='ocrx_word' id='word_1_180' title='bbox 496 2883 689 2955; x_wconf 85' lang='lat' dir='ltr'><strong>congregatis</strong></span> <span class='ocrx_word' id='word_1_181' title='bbox 709 2882 861 2956; x_wconf 86' lang='lat' dir='ltr'><strong>Gregorio</strong></span> <span class='ocrx_word' id='word_1_182' title='bbox 882 2884 1025 2954; x_wconf 89' lang='lat' dir='ltr'><strong>litterato,</strong></span> <span class='ocrx_word' id='word_1_183' title='bbox 1042 2883 1176 2941; x_wconf 82' lang='lat' dir='ltr'><strong>officiale</strong></span> <span class='ocrx_word' id='word_1_184' title='bbox 1200 2890 1229 2940; x_wconf 87' lang='lat' dir='ltr'><strong>et</strong></span> <span class='ocrx_word' id='word_1_185' title='bbox 1253 2883 1405 2940; x_wconf 87' lang='lat' dir='ltr'><strong>universis</strong></span> <span class='ocrx_word' id='word_1_186' title='bbox 1428 2880 1517 2937; x_wconf 88' lang='lat' dir='ltr'><strong>sami-</strong></span> 
     </span>
     <span class='ocr_line' id='line_1_24' title="bbox 256 2987 1520 3063; baseline -0.001 -19"><span class='ocrx_word' id='word_1_187' title='bbox 256 2988 387 3045; x_wconf 91' lang='lat' dir='ltr'><strong>liaribus</strong></span> <span class='ocrx_word' id='word_1_188' title='bbox 419 2994 449 3046; x_wconf 89' lang='lat' dir='ltr'><strong>et</strong></span> <span class='ocrx_word' id='word_1_189' title='bbox 477 2989 695 3061; x_wconf 91' lang='lat' dir='ltr'><strong>iobagionibus</strong></span> <span class='ocrx_word' id='word_1_190' title='bbox 718 2990 868 3061; x_wconf 91' lang='lat' dir='ltr'><strong>ipsorum,</strong></span> <span class='ocrx_word' id='word_1_191' title='bbox 891 2989 967 3047; x_wconf 83' lang='lat' dir='ltr'><strong>feria</strong></span> <span class='ocrx_word' id='word_1_192' title='bbox 991 2991 1124 3048; x_wconf 89' lang='lat' dir='ltr'><strong>secunda</strong></span> <span class='ocrx_word' id='word_1_193' title='bbox 1146 2991 1290 3063; x_wconf 87' lang='lat' dir='ltr'><strong>proxima</strong></span> <span class='ocrx_word' id='word_1_194' title='bbox 1312 2996 1382 3062; x_wconf 89' lang='lat' dir='ltr'><strong>post</strong></span> <span class='ocrx_word' id='word_1_195' title='bbox 1405 2987 1520 3045; x_wconf 87' lang='lat' dir='ltr'><strong>festum</strong></span> 
     </span>
     <span class='ocr_line' id='line_1_25' title="bbox 256 3093 1521 3169; baseline -0.001 -19"><span class='ocrx_word' id='word_1_196' title='bbox 256 3094 502 3166; x_wconf 83' lang='lat' dir='ltr'><strong>Epiphaniamm</strong></span> <span class='ocrx_word' id='word_1_197' title='bbox 532 3093 658 3163; x_wconf 91' lang='lat' dir='ltr'><strong>domini,</strong></span> <span class='ocrx_word' id='word_1_198' title='bbox 682 3111 763 3152; x_wconf 93' lang='lat' dir='ltr'><strong>nunc</strong></span> <span class='ocrx_word' id='word_1_199' title='bbox 795 3097 986 3168; x_wconf 88' lang='lat' dir='ltr'><strong>preteritum,</strong></span> <span class='ocrx_word' id='word_1_200' title='bbox 1022 3096 1185 3169; x_wconf 89' lang='lat' dir='ltr'><strong>missisque</strong></span> <span class='ocrx_word' id='word_1_201' title='bbox 1216 3095 1332 3153; x_wconf 90' lang='lat' dir='ltr'><strong>eisdem</strong></span> <span class='ocrx_word' id='word_1_202' title='bbox 1362 3093 1402 3151; x_wconf 93' lang='lat' dir='ltr'><strong>ad</strong></span> <span class='ocrx_word' id='word_1_203' title='bbox 1432 3093 1521 3150; x_wconf 89' lang='lat' dir='ltr'><strong>terri·</strong></span> 
     </span>
     <span class='ocr_line' id='line_1_26' title="bbox 257 3198 1519 3272; baseline 0 -17"><span class='ocrx_word' id='word_1_204' title='bbox 257 3200 371 3256; x_wconf 89' lang='lat' dir='ltr'><strong>torium</strong></span> <span class='ocrx_word' id='word_1_205' title='bbox 403 3198 483 3256; x_wconf 89' lang='lat' dir='ltr'><strong>dicte</strong></span> <span class='ocrx_word' id='word_1_206' title='bbox 513 3200 654 3270; x_wconf 88' lang='lat' dir='ltr'><strong>civitatis,</strong></span> <span class='ocrx_word' id='word_1_207' title='bbox 688 3200 845 3272; x_wconf 90' lang='lat' dir='ltr'><strong>quoddam</strong></span> <span class='ocrx_word' id='word_1_208' title='bbox 878 3201 1036 3259; x_wconf 90' lang='lat' dir='ltr'><strong>stabulum</strong></span> <span class='ocrx_word' id='word_1_209' title='bbox 1068 3218 1138 3259; x_wconf 91' lang='lat' dir='ltr'><strong>cum</strong></span> <span class='ocrx_word' id='word_1_210' title='bbox 1170 3201 1291 3259; x_wconf 90' lang='lat' dir='ltr'><strong>duabus</strong></span> <span class='ocrx_word' id='word_1_211' title='bbox 1322 3199 1468 3257; x_wconf 90' lang='lat' dir='ltr'><strong>domibus</strong></span> <span class='ocrx_word' id='word_1_212' title='bbox 1489 3199 1519 3255; x_wconf 92' lang='lat' dir='ltr'><strong>in</strong></span> 
     </span>
     <span class='ocr_line' id='line_1_27' title="bbox 256 3304 1520 3380; baseline 0.001 -20"><span class='ocrx_word' id='word_1_213' title='bbox 256 3319 328 3361; x_wconf 91' lang='lat' dir='ltr'><strong>area</strong></span> <span class='ocrx_word' id='word_1_214' title='bbox 352 3304 512 3362; x_wconf 90' lang='lat' dir='ltr'><strong>cuiusdam</strong></span> <span class='ocrx_word' id='word_1_215' title='bbox 536 3307 671 3364; x_wconf 91' lang='lat' dir='ltr'><strong>concivis</strong></span> <span class='ocrx_word' id='word_1_216' title='bbox 695 3307 844 3380; x_wconf 90' lang='lat' dir='ltr'><strong>ipsorum,</strong></span> <span class='ocrx_word' id='word_1_217' title='bbox 873 3309 946 3365; x_wconf 90' lang='lat' dir='ltr'><strong>luan</strong></span> <span class='ocrx_word' id='word_1_218' title='bbox 977 3309 1110 3379; x_wconf 87' lang='lat' dir='ltr'><strong>nomine,</strong></span> <span class='ocrx_word' id='word_1_219' title='bbox 1141 3313 1322 3377; x_wconf 84' lang='lat' dir='ltr'><strong>constructa,</strong></span> <span class='ocrx_word' id='word_1_220' title='bbox 1353 3306 1520 3363; x_wconf 89' lang='lat' dir='ltr'><strong>simulcum</strong></span> 
     </span>
     <span class='ocr_line' id='line_1_28' title="bbox 257 3409 1519 3482; baseline 0.001 -16"><span class='ocrx_word' id='word_1_221' title='bbox 257 3409 400 3482; x_wconf 84' lang='lat' dir='ltr'><strong>frugibus</strong></span> <span class='ocrx_word' id='word_1_222' title='bbox 423 3416 453 3468; x_wconf 90' lang='lat' dir='ltr'><strong>et</strong></span> <span class='ocrx_word' id='word_1_223' title='bbox 476 3410 545 3468; x_wconf 91' lang='lat' dir='ltr'><strong>feno</strong></span> <span class='ocrx_word' id='word_1_224' title='bbox 568 3427 604 3468; x_wconf 93' lang='lat' dir='ltr'><strong>ac</strong></span> <span class='ocrx_word' id='word_1_225' title='bbox 626 3413 827 3469; x_wconf 89' lang='lat' dir='ltr'><strong>straminibus</strong></span> <span class='ocrx_word' id='word_1_226' title='bbox 851 3429 966 3471; x_wconf 89' lang='lat' dir='ltr'><strong>necnon</strong></span> <span class='ocrx_word' id='word_1_227' title='bbox 990 3414 1143 3470; x_wconf 89' lang='lat' dir='ltr'><strong>universis</strong></span> <span class='ocrx_word' id='word_1_228' title='bbox 1169 3413 1339 3470; x_wconf 89' lang='lat' dir='ltr'><strong>attinenciis</strong></span> <span class='ocrx_word' id='word_1_229' title='bbox 1355 3412 1385 3469; x_wconf 89' lang='lat' dir='ltr'><strong>in</strong></span> <span class='ocrx_word' id='word_1_230' title='bbox 1403 3410 1519 3468; x_wconf 90' lang='lat' dir='ltr'><strong>eisdem</strong></span> 
     </span>
     <span class='ocr_line' id='line_1_29' title="bbox 257 3516 1520 3589; baseline 0 -16"><span class='ocrx_word' id='word_1_231' title='bbox 257 3516 380 3585; x_wconf 88' lang='lat' dir='ltr'><strong>habitis,</strong></span> <span class='ocrx_word' id='word_1_232' title='bbox 411 3516 509 3574; x_wconf 87' lang='lat' dir='ltr'><strong>noctis</strong></span> <span class='ocrx_word' id='word_1_233' title='bbox 533 3518 561 3574; x_wconf 93' lang='lat' dir='ltr'><strong>in</strong></span> <span class='ocrx_word' id='word_1_234' title='bbox 587 3519 713 3575; x_wconf 85' lang='lat' dir='ltr'><strong>silencio</strong></span> <span class='ocrx_word' id='word_1_235' title='bbox 744 3518 864 3576; x_wconf 88' lang='lat' dir='ltr'><strong>incendi</strong></span> <span class='ocrx_word' id='word_1_236' title='bbox 894 3526 925 3577; x_wconf 91' lang='lat' dir='ltr'><strong>et</strong></span> <span class='ocrx_word' id='word_1_237' title='bbox 948 3520 1135 3577; x_wconf 90' lang='lat' dir='ltr'><strong>concremari</strong></span> <span class='ocrx_word' id='word_1_238' title='bbox 1160 3518 1318 3586; x_wconf 90' lang='lat' dir='ltr'><strong>fecissent;</strong></span> <span class='ocrx_word' id='word_1_239' title='bbox 1341 3523 1371 3574; x_wconf 91' lang='lat' dir='ltr'><strong>et</strong></span> <span class='ocrx_word' id='word_1_240' title='bbox 1394 3519 1520 3589; x_wconf 89' lang='lat' dir='ltr'><strong>insuper</strong></span> 
     </span>
     <span class='ocr_line' id='line_1_30' title="bbox 257 3621 1519 3698; baseline -0.001 -19"><span class='ocrx_word' id='word_1_241' title='bbox 257 3621 334 3679; x_wconf 93' lang='lat' dir='ltr'><strong>duos</strong></span> <span class='ocrx_word' id='word_1_242' title='bbox 363 3623 503 3679; x_wconf 88' lang='lat' dir='ltr'><strong>homines</strong></span> <span class='ocrx_word' id='word_1_243' title='bbox 533 3624 631 3696; x_wconf 89' lang='lat' dir='ltr'><strong>ipsius</strong></span> <span class='ocrx_word' id='word_1_244' title='bbox 653 3624 728 3680; x_wconf 89' lang='lat' dir='ltr'><strong>Iuan</strong></span> <span class='ocrx_word' id='word_1_245' title='bbox 751 3625 781 3682; x_wconf 91' lang='lat' dir='ltr'><strong>in</strong></span> <span class='ocrx_word' id='word_1_246' title='bbox 803 3624 913 3683; x_wconf 89' lang='lat' dir='ltr'><strong>eodem</strong></span> <span class='ocrx_word' id='word_1_247' title='bbox 936 3626 1059 3683; x_wconf 89' lang='lat' dir='ltr'><strong>stabulo</strong></span> <span class='ocrx_word' id='word_1_248' title='bbox 1083 3632 1154 3683; x_wconf 90' lang='lat' dir='ltr'><strong>tunc</strong></span> <span class='ocrx_word' id='word_1_249' title='bbox 1187 3630 1327 3698; x_wconf 88' lang='lat' dir='ltr'><strong>repertos</strong></span> <span class='ocrx_word' id='word_1_250' title='bbox 1350 3622 1426 3680; x_wconf 88' lang='lat' dir='ltr'><strong>diris</strong></span> <span class='ocrx_word' id='word_1_251' title='bbox 1450 3623 1519 3679; x_wconf 87' lang='lat' dir='ltr'><strong>vul·</strong></span> 
     </span>
     <span class='ocr_line' id='line_1_31' title="bbox 256 3728 1520 3804; baseline 0 -20"><span class='ocrx_word' id='word_1_252' title='bbox 256 3743 365 3785; x_wconf 89' lang='lat' dir='ltr'><strong>nerum</strong></span> <span class='ocrx_word' id='word_1_253' title='bbox 390 3728 491 3800; x_wconf 91' lang='lat' dir='ltr'><strong>plagis</strong></span> <span class='ocrx_word' id='word_1_254' title='bbox 514 3728 598 3786; x_wconf 90' lang='lat' dir='ltr'><strong>affici</strong></span> <span class='ocrx_word' id='word_1_255' title='bbox 621 3728 770 3800; x_wconf 90' lang='lat' dir='ltr'><strong>fecissent,</strong></span> <span class='ocrx_word' id='word_1_256' title='bbox 787 3732 915 3804; x_wconf 89' lang='lat' dir='ltr'><strong>propria</strong></span> <span class='ocrx_word' id='word_1_257' title='bbox 937 3747 1045 3788; x_wconf 91' lang='lat' dir='ltr'><strong>eorum</strong></span> <span class='ocrx_word' id='word_1_258' title='bbox 1069 3731 1210 3802; x_wconf 90' lang='lat' dir='ltr'><strong>potencia</strong></span> <span class='ocrx_word' id='word_1_259' title='bbox 1223 3729 1386 3801; x_wconf 90' lang='lat' dir='ltr'><strong>mediante,</strong></span> <span class='ocrx_word' id='word_1_260' title='bbox 1403 3729 1434 3785; x_wconf 92' lang='lat' dir='ltr'><strong>in</strong></span> <span class='ocrx_word' id='word_1_261' title='bbox 1450 3744 1520 3802; x_wconf 88' lang='lat' dir='ltr'><strong>pre-</strong></span> 
     </span>
     <span class='ocr_line' id='line_1_32' title="bbox 256 3833 1519 3909; baseline 0.002 -20"><span class='ocrx_word' id='word_1_262' title='bbox 256 3833 404 3890; x_wconf 91' lang='lat' dir='ltr'><strong>iudicium</strong></span> <span class='ocrx_word' id='word_1_263' title='bbox 437 3834 577 3906; x_wconf 89' lang='lat' dir='ltr'><strong>ipsorum</strong></span> <span class='ocrx_word' id='word_1_264' title='bbox 608 3835 700 3892; x_wconf 89' lang='lat' dir='ltr'><strong>valde</strong></span> <span class='ocrx_word' id='word_1_265' title='bbox 734 3852 898 3909; x_wconf 89' lang='lat' dir='ltr'><strong>magnum;</strong></span> <span class='ocrx_word' id='word_1_266' title='bbox 933 3838 986 3895; x_wconf 92' lang='lat' dir='ltr'><strong>lite</strong></span> <span class='ocrx_word' id='word_1_267' title='bbox 1016 3843 1118 3894; x_wconf 89' lang='lat' dir='ltr'><strong>tamen</strong></span> <span class='ocrx_word' id='word_1_268' title='bbox 1150 3837 1229 3894; x_wconf 90' lang='lat' dir='ltr'><strong>inter</strong></span> <span class='ocrx_word' id='word_1_269' title='bbox 1250 3837 1334 3908; x_wconf 90' lang='lat' dir='ltr'><strong>ipsos</strong></span> <span class='ocrx_word' id='word_1_270' title='bbox 1359 3834 1519 3908; x_wconf 92' lang='lat' dir='ltr'><strong>pendente.</strong></span> 
     </span>
     <span class='ocr_line' id='line_1_33' title="bbox 256 3939 1519 4011; baseline 0.002 -16"><span class='ocrx_word' id='word_1_271' title='bbox 256 3939 373 3996; x_wconf 89' lang='lat' dir='ltr'><strong>Datum</strong></span> <span class='ocrx_word' id='word_1_272' title='bbox 396 3939 496 4011; x_wconf 89' lang='lat' dir='ltr'><strong>Crisii‚</strong></span> <span class='ocrx_word' id='word_1_273' title='bbox 520 3940 653 3998; x_wconf 91' lang='lat' dir='ltr'><strong>secunda</strong></span> <span class='ocrx_word' id='word_1_274' title='bbox 684 3941 734 3998; x_wconf 91' lang='lat' dir='ltr'><strong>die</strong></span> <span class='ocrx_word' id='word_1_275' title='bbox 757 3940 827 3999; x_wconf 82' lang='lat' dir='ltr'><strong>festi</strong></span> <span class='ocrx_word' id='word_1_276' title='bbox 849 3943 933 4000; x_wconf 88' lang='lat' dir='ltr'><strong>beati</strong></span> <span class='ocrx_word' id='word_1_277' title='bbox 956 3943 1102 4000; x_wconf 87' lang='lat' dir='ltr'><strong>Anthonii</strong></span> <span class='ocrx_word' id='word_1_278' title='bbox 1126 3943 1256 4000; x_wconf 88' lang='lat' dir='ltr'><strong>abbatis.</strong></span> <span class='ocrx_word' id='word_1_279' title='bbox 1290 3944 1377 3999; x_wconf 81' lang='lat' dir='ltr'><strong>Anno</strong></span> <span class='ocrx_word' id='word_1_280' title='bbox 1401 3940 1519 3998; x_wconf 91' lang='lat' dir='ltr'><strong>domini</strong></span> 
     </span>
     <span class='ocr_line' id='line_1_34' title="bbox 258 4044 754 4120; baseline 0.008 -20"><span class='ocrx_word' id='word_1_281' title='bbox 258 4044 367 4101; x_wconf 91' lang='lat' dir='ltr'><strong>MCCC</strong></span> <span class='ocrx_word' id='word_1_282' title='bbox 391 4047 590 4118; x_wconf 88' lang='lat' dir='ltr'><strong>nonagesimo</strong></span> <span class='ocrx_word' id='word_1_283' title='bbox 613 4048 754 4120; x_wconf 84' lang='lat' dir='ltr'><strong>septimo</strong></span> 
     </span>
    </p>
   </div>
   <div class='ocr_carea' id='block_1_6' title="bbox 258 4199 1518 4353">
    <p class='ocr_par' dir='ltr' id='par_1_6' title="bbox 258 4199 1518 4353">
     <span class='ocr_line' id='line_1_35' title="bbox 347 4199 1518 4269; baseline 0.003 -21"><span class='ocrx_word' id='word_1_284' title='bbox 347 4199 486 4265; x_wconf 86' lang='lat' dir='ltr'><strong>Originale</strong></span> <span class='ocrx_word' id='word_1_285' title='bbox 506 4199 532 4249; x_wconf 93' lang='lat' dir='ltr'><strong>in</strong></span> <span class='ocrx_word' id='word_1_286' title='bbox 552 4201 650 4259; x_wconf 91' lang='lat' dir='ltr'><strong>charta,</strong></span> <span class='ocrx_word' id='word_1_287' title='bbox 674 4217 689 4251; x_wconf 91' lang='lat' dir='ltr'><strong>a</strong></span> <span class='ocrx_word' id='word_1_288' title='bbox 714 4207 790 4268; x_wconf 83' lang='lat' dir='ltr'><strong>tergo</strong></span> <span class='ocrx_word' id='word_1_289' title='bbox 816 4203 928 4268; x_wconf 88' lang='lat' dir='ltr'><strong>vestigia</strong></span> <span class='ocrx_word' id='word_1_290' title='bbox 954 4202 1034 4252; x_wconf 89' lang='lat' dir='ltr'><strong>trium</strong></span> <span class='ocrx_word' id='word_1_291' title='bbox 1059 4203 1217 4268; x_wconf 83' lang='lat' dir='ltr'><strong>sigillorum.</strong></span> <span class='ocrx_word' id='word_1_292' title='bbox 1245 4202 1274 4252; x_wconf 90' lang='lat' dir='ltr'><strong>ln</strong></span> <span class='ocrx_word' id='word_1_293' title='bbox 1300 4203 1370 4252; x_wconf 91' lang='lat' dir='ltr'><strong>arch.</strong></span> <span class='ocrx_word' id='word_1_294' title='bbox 1396 4202 1442 4253; x_wconf 94' lang='lat' dir='ltr'><strong>lib.</strong></span> <span class='ocrx_word' id='word_1_295' title='bbox 1463 4218 1518 4269; x_wconf 81' lang='lat' dir='ltr'><strong>reg.</strong></span> 
     </span>
     <span class='ocr_line' id='line_1_36' title="bbox 258 4287 431 4353; baseline 0 -16"><span class='ocrx_word' id='word_1_296' title='bbox 258 4287 307 4337; x_wconf 89' lang='lat' dir='ltr'><strong>civ.</strong></span> <span class='ocrx_word' id='word_1_297' title='bbox 326 4288 431 4353; x_wconf 83' lang='lat' dir='ltr'><strong>zagrab.</strong></span> 
     </span>
    </p>
   </div>
   <div class='ocr_carea' id='block_1_7' title="bbox 0 0 1752 5242">
    <p class='ocr_par' dir='ltr' id='par_1_7' title="bbox 0 0 1752 5242">
     <span class='ocr_line' id='line_1_37' title="bbox 0 0 1752 5242; baseline 0 0"><span class='ocrx_word' id='word_1_298' title='bbox 0 0 1752 5242; x_wconf 95' lang='lat' dir='ltr'><strong> </strong></span> 
     </span>
    </p>
   </div>
  </div>
 </body>
</html>
