3488 5242
650 342 722 401 Dor.
747 355 816 403 210.
844 376 880 384 -
906 343 1073 420 An.1347.
1441 344 1500 422 189

232 544 371 618 procedit
394 545 506 601 iterum
530 560 639 602 versus
663 543 827 601 meridiem
851 543 985 600 inbono
1008 544 1114 616 spacio
1137 549 1167 600 et
1189 543 1274 600 venit
1296 541 1336 599 ad
1351 543 1497 600 arborem

232 650 327 709 cerasi
351 666 441 709 cruce
474 651 635 723 signatam,
667 655 750 707 meta
776 657 876 706 terrea
903 648 1125 707 circumfusam
1148 650 1178 707 in
1202 649 1317 721 angulo
1340 647 1502 706 cuiusdam

233 757 321 813 vinee
338 756 544 825 constitutam,
564 756 677 812 abhinc
699 753 865 812 reflectitur
880 769 990 811 versus
1006 753 1197 812 occidentem
1212 759 1242 811 et
1258 755 1367 811 transit
1384 755 1503 811 vallem

232 868 261 919 et
285 863 368 919 venit
400 861 438 918 ad
470 863 616 920 arborem
646 863 752 918 harazt
783 875 873 917 cruce
905 861 1058 932 signatam
1088 866 1118 917 et
1145 867 1227 917 meta
1250 866 1351 917 terrea
1371 860 1503 917 circum·

233 967 342 1038 fusam,
365 969 479 1026 abhinc
502 967 644 1041 procedit
674 968 786 1024 itemm
817 981 926 1023 versus
948 965 1140 1023 occidentem
1164 965 1280 1023 directe
1302 972 1332 1023 et
1355 967 1439 1023 venit
1462 965 1500 1022 ad

232 1075 317 1132 viam
339 1075 510 1149 publicam,
534 1090 594 1147 que
618 1072 757 1146 procedit
781 1072 971 1129 deecclesia
995 1072 1136 1146 predicta
1155 1070 1286 1129 fratrum
1312 1088 1420 1129 versus
1448 1071 1502 1129 Za·

233 1183 384 1255 grabiam.
409 1198 465 1255 per
488 1197 582 1254 quam
606 1182 691 1238 viam
714 1179 797 1238 cadit
821 1179 850 1235 in
875 1178 1001 1249 vallem,
1022 1194 1078 1251 per
1095 1194 1189 1250 quam
1206 1178 1324 1235 vallem
1341 1179 1500 1235 consvevit

234 1288 382 1361 pluvialis
414 1303 495 1360 aqua
527 1287 699 1357 decurrere,
731 1285 843 1343 abhinc
874 1282 1040 1341 reflectitur
1071 1283 1186 1341 directe
1216 1299 1324 1341 versus
1348 1289 1504 1357 septemp-

227 1371 366 1450 trionem
399 1409 455 1466 per
485 1393 611 1450 dorsum
646 1391 806 1448 cuiusdam
839 1391 952 1447 montis
976 1390 1055 1447 inter
1079 1390 1156 1447 duas
1180 1391 1265 1447 vales
1289 1389 1427 1448 Globoki
1450 1389 1504 1446 dol

234 1505 264 1555 et
287 1498 384 1556 tendit
408 1514 503 1572 supra
526 1497 709 1570 peripsum
733 1495 861 1553 dorsum
886 1496 999 1553 montis
1027 1511 1135 1553 versus
1158 1496 1435 1570 septemptrionem
1459 1495 1505 1552 di-

234 1610 315 1661 recte
339 1609 368 1661 et
391 1604 476 1661 venit
499 1603 536 1660 ad
561 1604 706 1660 arborem
731 1603 827 1659 cerasi
850 1617 941 1659 cruce
964 1601 1126 1673 signatam,
1149 1602 1262 1658 abhinc
1278 1617 1334 1674 per
1350 1600 1502 1674 quasdam

236 1710 340 1766 vineas
364 1709 503 1782 procedit
527 1725 635 1766 versus
656 1714 778 1765 montes
801 1713 831 1765 et
854 1708 937 1765 venit
960 1706 1000 1763 ad
1023 1706 1179 1779 quendam
1202 1708 1412 1765 monticulum
1430 1708 1505 1764 emi-

235 1822 367 1885 nentem,
391 1815 446 1872 ubi
469 1821 514 1873 est
538 1816 627 1872 vinea
658 1814 783 1872 Iwanho
811 1813 967 1886 Popouich
996 1819 1116 1884 vocata,
1141 1814 1171 1871 in
1195 1814 1282 1871 cuius
1305 1813 1409 1871 medio
1436 1821 1506 1871 sunt

235 1921 369 1993 quedam
393 1937 490 1994 parve
512 1922 641 1978 arbores
664 1921 777 1989 harazt,
801 1933 895 1992 quam
919 1919 1042 1975 vineam
1066 1918 1105 1976 ad
1126 1926 1225 1976 metas
1244 1920 1428 1977 eorumdem
1445 1919 1506 1977 fra-

235 2032 318 2083 trum
342 2027 482 2098 includit,
513 2027 626 2083 abhinc
649 2027 679 2083 in
703 2023 826 2083 modico
858 2026 963 2098 spacio
991 2040 1098 2082 versus
1121 2026 1396 2099 septemptrionem
1420 2025 1502 2083 cadit

237 2134 268 2190 in
291 2134 452 2207 publicam
474 2135 567 2203 viam,
599 2149 658 2206 que
681 2133 722 2189 ab
744 2132 874 2189 ecclesia
897 2131 1050 2188 dictorum
1074 2130 1206 2188 fratrum
1230 2132 1370 2204 procedit
1393 2148 1501 2190 versus

235 2238 387 2310 Grachan,
412 2241 517 2312 ibique
541 2241 730 2297 terminatur.
755 2240 799 2296 lta
823 2238 905 2311 quod
930 2244 1010 2294 terre
1034 2253 1105 2294 cum
1134 2238 1232 2295 vineis
1255 2254 1362 2295 versus
1386 2244 1505 2296 montes

235 2343 274 2401 ad
299 2347 382 2419 ipsos
406 2346 580 2403 Heremitas
604 2346 801 2417 pertinebunt
824 2346 854 2402 in
878 2348 1027 2416 quantum
1050 2360 1082 2400 se
1103 2359 1211 2401 eorum
1228 2352 1308 2401 mete
1325 2344 1502 2402 extendunt.

236 2450 269 2507 In
300 2452 511 2509 testimonium
543 2458 645 2508 autem
678 2452 819 2508 omnium
842 2452 1067 2523 premissorum
1091 2457 1120 2507 et
1144 2451 1323 2508 firmitatem
1349 2453 1431 2508 circa
1451 2466 1504 2508 no·

237 2563 336 2613 strum
364 2558 514 2628 sigillum,
545 2558 708 2630 religiosus
730 2557 780 2614 vir
811 2555 907 2613 frater
932 2556 1085 2627 NicolauS,
1110 2558 1197 2630 prior
1220 2556 1421 2630 provincialis
1447 2572 1503 2630 per

237 2663 427 2735 Hungariam
450 2669 480 2719 et
506 2662 703 2720 Sclauoniam
735 2662 774 2719 de
805 2678 953 2720 consensu
978 2661 1109 2719 fratrum
1134 2677 1261 2719 suorum
1286 2668 1358 2719 tunc
1382 2678 1505 2736 presen-

237 2768 318 2825 cium
343 2770 393 2841 pie
417 2775 446 2825 et
468 2769 629 2825 humiliter
653 2768 791 2841 predicta
813 2770 917 2825 omnia
941 2770 1099 2841 recipiens
1117 2769 1257 2841 sigillum
1274 2770 1505 2826 communitatis

237 2873 418 2930 eorumdem
450 2873 582 2931 fratrum
607 2874 678 2931 fecit
707 2874 850 2948 appendi.
882 2875 998 2932 Datum
1029 2876 1058 2932 in
1089 2876 1198 2947 vigilia
1229 2876 1398 2933 nativitatis
1422 2876 1502 2933 beati

237 2978 386 3058 Johannis
410 2981 552 3054 baptiste.
577 2984 667 3038 Anno
690 2979 809 3037 domini
834 2980 1066 3038 MCCCXLVII.

325 3096 347 3144 E
366 3098 427 3146 libr.
449 3098 574 3148 Statutor.
597 3098 674 3163 capit.
695 3099 799 3161 zagrab.
820 3114 844 3162 p.
862 3097 908 3147 IV.
929 3114 949 3146 c.
970 3098 1061 3148 ΧΧΙΙ.
1092 3100 1164 3164 Joan.
1187 3098 1304 3148 Tkaldic‘.
1325 3099 1394 3149 Mon.
1415 3099 1503 3164 Hung.

238 3183 329 3233 histor.
352 3183 385 3234 11.
405 3201 429 3249 p.
453 3194 598 3247 140—141.

828 3350 912 3417 210.

343 3493 418 3540 Anno
441 3499 514 3551 1347,
535 3506 558 3554 9.
579 3492 700 3556 Augusti.
719 3492 873 3557 Zagrabiae.

243 3600 407 3674 Capitulum
423 3604 607 3674 zagrabiense
622 3603 773 3676 erigendae
788 3604 949 3676 parochiae
964 3605 994 3660 in
1009 3622 1086 3661 nova
1107 3605 1188 3672 oilla,
1206 3603 1379 3675 Zagrabiae,
1396 3611 1505 3661 terram

379 3711 533 3783 quanrdom
556 3728 617 3766 cum
639 3709 752 3766 dcczim's
775 3710 903 3767 otnnr'bus
925 3711 1047 3767 eiusdem
1070 3711 1220 3780 territorii,
1244 3709 1361 3784 confert.

327 3852 506 3926 Capitulum
531 3855 737 3925 zagrabiensis
770 3854 905 3911 ecclesie.
939 3853 1098 3911 Universis
1126 3852 1241 3910 Christi
1267 3851 1413 3909 fidelibus
1437 3868 1505 3925 pre-

239 3961 376 4016 sencium
400 3961 544 4017 noticiam
567 3961 729 4030 habituris,
753 3960 886 4017 salutem
903 3962 933 4017 in
950 3959 1078 4016 domino
1092 3959 1188 4042 Jhesu
1205 3958 1336 4016 Christo.
1353 3958 1505 4031 Quamvis

240 4066 336 4122 sancti
360 4066 408 4122 dei
432 4065 524 4122 laude
547 4066 640 4139 digna
671 4082 688 4123 a
720 4067 886 4123 christiano
917 4065 1036 4139 populo
1070 4065 1129 4122 sint
1161 4064 1330 4122 extollendi
1353 4066 1383 4121 in
1408 4067 1505 4135 terris,

240 4174 293 4244 qui
317 4189 374 4246 pro
397 4174 467 4244 ipso
489 4174 706 4230 intercessores
730 4172 936 4230 efficacissimi
961 4173 1094 4228 existunt
1117 4172 1148 4228 in
1176 4172 1265 4239 celis.
1293 4170 1380 4228 decet
1404 4178 1505 4229 tamen

240 4280 367 4336 illorum
392 4286 567 4336 sanctorum
592 4280 757 4352 specialius
782 4279 952 4353 patrocinia
977 4279 1129 4346 invocare,
1153 4278 1205 4349 qui
1230 4278 1260 4333 in
1285 4279 1389 4335 celesti
1406 4278 1506 4351 patria

241 4401 296 4456 pre
320 4387 428 4442 ceteris
451 4386 597 4457 ampliori
623 4386 819 4457 prerogativa
850 4383 1039 4440 choruscant.
1074 4383 1110 4439 Et
1134 4385 1280 4455 quoniam
1310 4384 1505 4440 beatissimus

241 4493 375 4566 baptista
399 4493 522 4560 Christi,
546 4493 709 4574 JohanneS,
734 4490 940 4547 sanctificatus
963 4489 1072 4545 matris
1095 4489 1125 4545 in
1157 4495 1253 4559 uter0,
1278 4487 1453 4562 predicatur
1475 4497 1505 4545 et

241 4599 384 4668 creditur,
408 4616 443 4656 ac
466 4601 550 4656 iuxta
571 4598 741 4656 Salvatoris
764 4611 889 4653 vocem:
914 4596 992 4652 inter
1009 4602 1096 4652 natos
1111 4595 1280 4651 mulierum
1295 4609 1356 4652 non
1372 4596 1505 4652 surrexit

241 4706 341 4762 maior
364 4721 408 4773 eo,
433 4705 564 4761 dubium
587 4720 647 4761 non
672 4704 783 4774 existit,
807 4702 904 4775 ipsius
936 4702 1055 4759 meritis
1077 4709 1107 4758 et
1129 4702 1277 4774 precibus
1300 4704 1426 4776 plebem
1451 4703 1505 4760 do·

241 4810 317 4868 mini
340 4827 451 4884 parare
474 4809 653 4885 perfeccius,
677 4826 737 4883 que
769 4818 833 4867 toto
865 4809 957 4866 corde
979 4810 1081 4882 poscit
1102 4810 1203 4867 illum.
1226 4809 1292 4868 Hac
1314 4811 1410 4882 igitur
1433 4825 1504 4869 con·
