3488 5242
235 348 297 391 aro
605 331 678 388 Duc.
701 344 771 409 234„
795 342 864 408 235.
891 364 927 373 -
953 329 1012 390 An.
1035 327 1124 408 1356.

234 527 360 586 dictum.
383 528 633 587 Contradictores
655 545 731 588 vero
754 531 779 589 si
804 531 858 604 qui
881 530 1004 602 luerint,
1030 531 1105 589 citat
1126 531 1199 589 illos
1210 537 1317 589 contra
1335 536 1497 588 annotatos

235 632 346 692 fratres
370 635 544 692 Heremitas
566 636 597 692 in
620 642 759 694 nostram
782 637 975 710 presenciam
1007 636 1047 693 ad
1074 637 1240 694 terminum
1265 642 1501 710 competentem,

233 741 389 798 racionem
412 730 667 799 contradiccionis
690 742 832 816 ipsorum
855 741 1039 812 reddituros,
1063 749 1093 799 et
1116 749 1186 816 post
1201 743 1282 800 hanc
1297 743 1500 800 statucionem

234 845 315 904 dicte
338 848 549 921 possessionis,
581 848 632 905 vel
655 849 682 906 si
705 849 932 907 contradictum
952 848 1053 919 fuerit,
1080 854 1152 906 tunc
1175 849 1259 906 diem
1281 855 1312 906 et
1333 849 1435 906 locum
1460 851 1501 906 ci·

233 953 362 1010 tacionis
393 959 424 1010 et
453 954 579 1011 nomina
609 954 775 1012 citatorum
803 971 875 1012 cum
907 955 1038 1011 termino
1068 955 1223 1026 assignato
1254 955 1345 1012 nobis
1368 954 1502 1012 fideliter

233 1059 418 1116 rescribatis.
453 1059 570 1117 Datum
589 1058 748 1133 Zagrabie‚
780 1059 916 1118 secundo
947 1059 997 1118 die
1029 1067 1212 1118 octavarum
1244 1059 1313 1118 festi
1344 1061 1501 1135 Ephipha·

233 1165 356 1221 uiarum
379 1164 505 1222 domini.
528 1166 619 1222 Anno
642 1165 782 1224 eiusdem
805 1166 942 1224 MCCCL
963 1172 1057 1224 sexto.

320 1281 527 1347 Transumptum
547 1299 561 1332 e
580 1282 679 1334 litteris
697 1283 814 1333 eiusdem
833 1284 953 1334 ducissae
972 1283 1141 1349 Margarethe
1161 1285 1254 1335 eodem
1271 1299 1346 1335 anno.

821 1479 910 1546 234.

340 1604 416 1653 Anno
439 1603 511 1662 1356.
535 1613 572 1661 15.
588 1602 715 1668 januarii.
734 1602 887 1668 Zagrabiae.

274 1713 437 1788 Capitulum
459 1714 521 1770 eccl.
545 1714 662 1787 zagrub.
678 1714 796 1788 fratres
810 1711 978 1771 Ir'eremitus
993 1715 1023 1769 in
1032 1715 1235 1791 pussesstbucm
1250 1715 1449 1773 Prislaudtina

504 1827 625 1878 statutus
646 1838 712 1889 esse,
743 1819 957 1892 Margarethue
980 1819 1107 1877 ducissae
1129 1821 1225 1895 refert.

322 1962 587 2020 Excellentissime
610 1962 793 2036 principisse
817 1963 998 2033 Margarete,
1022 1961 1071 2020 dei
1094 1965 1198 2035 gracia
1215 1966 1312 2021 tocius
1328 1964 1499 2034 Sclauonie,

235 2069 363 2126 Croacie
386 2075 416 2125 et
438 2068 601 2125 Dalmacie
633 2068 762 2138 ducisse,
793 2067 918 2125 domine
949 2083 1066 2137 eorum,
1098 2071 1270 2143 capitulum
1293 2072 1500 2142 zagrabiensis

235 2176 363 2233 ecclesie
393 2176 551 2233 oraciones
582 2190 640 2249 pro
670 2191 706 2233 ea
736 2174 774 2232 ad
799 2174 902 2232 filium
926 2175 1055 2246 virginis
1078 2176 1220 2247 gloriose.
1248 2176 1375 2234 Noverit
1399 2184 1501 2235 vestra

235 2281 422 2338 excellencia
443 2296 500 2337 nos
523 2281 641 2338 litteras
664 2285 783 2338 vestras
806 2280 958 2353 recepisse
982 2280 1013 2336 in
1037 2280 1093 2337 hec
1116 2282 1228 2338 verba:
1259 2275 1333 2360 (vid.
1357 2299 1402 2339 nr.
1429 2298 1498 2356 233.

235 2401 314 2444 anno
341 2385 431 2459 1356.
459 2403 505 2461 14.
526 2379 677 2463 januarii.)
700 2386 763 2443 Nos
787 2387 890 2458 itaque
915 2386 1068 2459 preceptis
1092 2393 1194 2443 vestre
1218 2387 1403 2445 excellencie
1426 2389 1499 2446 obe-

235 2492 352 2550 dientes
374 2499 408 2550 ut
432 2498 581 2563 tenemur,
612 2506 746 2550 unacum
778 2491 918 2565 predicto
948 2491 1039 2549 Gatal
1072 2493 1197 2550 homine
1221 2501 1332 2562 vestro,
1360 2505 1499 2551 nostrum

234 2599 393 2656 hominem
418 2599 520 2656 vimm
544 2597 714 2656 discretum
728 2597 891 2655 dominum
913 2597 1085 2679 Johannem
1110 2598 1361 2656 archidiaconum
1385 2615 1500 2657 woros-

234 2704 391 2776 dyensem‚
414 2704 534 2761 socium
557 2712 587 2761 et
610 2704 850 2761 concanonicum
874 2709 1014 2759 nostrum
1038 2702 1077 2759 ad
1098 2702 1313 2776 exequendum
1340 2706 1499 2778 premissa,

234 2824 294 2884 pro
325 2810 499 2868 testimonio
530 2810 774 2877 transmisimus;
805 2810 859 2882 qui
890 2808 1092 2881 postmodum
1122 2809 1161 2866 ad
1192 2825 1247 2866 nos
1270 2812 1386 2868 reversi
1409 2813 1500 2869 nobis

235 2915 428 2973 concorditer
457 2915 638 2984 retulerunt,
677 2913 759 2987 quod
792 2914 875 2972 idem
909 2916 1004 2973 homo
1028 2922 1137 2985 vester,
1161 2922 1303 2989 presente
1325 2917 1393 2990 ipso
1417 2920 1500 2975 testi·

236 3008 340 3079 monio
363 3029 477 3094 nostr0,
499 3022 575 3080 feria
606 3023 714 3094 quinta
740 3023 883 3094 proxima
906 3028 977 3096 post
1000 3021 1155 3095 predictas
1178 3029 1304 3079 octavas
1327 3024 1500 3098 Epiphanie

235 3127 363 3199 domini,
394 3128 433 3185 ad
465 3128 575 3185 faciem
608 3128 746 3202 predicte
775 3128 976 3200 possessionis
1006 3128 1246 3199 Pryztawchyna
1278 3137 1385 3186 vocate
1416 3146 1499 3187 acce-

236 3233 345 3303 dendo,
377 3235 553 3291 convocatis
582 3234 690 3291 vicinis
722 3238 752 3290 et
775 3234 995 3290 commetaneis
1018 3232 1156 3290 eiusdem
1180 3234 1318 3305 legitime
1339 3237 1498 3300 universis,

235 3347 264 3398 et
288 3340 363 3414 ipsis
387 3340 582 3413 presentibus
613 3338 742 3396 eandem
774 3339 1028 3408 reambulassent‚
1053 3347 1082 3395 et
1105 3340 1163 3395 sub
1187 3339 1303 3396 eisdem
1328 3342 1500 3399 conclusio·

235 3447 326 3503 nibus
350 3452 502 3502 metarum
527 3451 556 3501 et
580 3445 728 3515 terminis,
752 3445 866 3516 quibus
890 3445 957 3518 ipsa
980 3446 1133 3517 possessio
1157 3447 1302 3503 hactenus
1327 3454 1429 3504 vestro
1446 3448 1500 3504 do-

236 3552 331 3608 minio
347 3551 531 3624 pertinuisse
547 3550 794 3621 dignoscebatur,
810 3551 931 3607 nemine
947 3551 1069 3623 penitus
1085 3552 1309 3608 contradictore
1322 3562 1499 3626 apparente.

235 3657 410 3713 statuissent
434 3655 562 3711 eandem
587 3656 661 3728 ipsis
686 3654 834 3711 fratribus
859 3656 1026 3713 lleremitis
1056 3663 1086 3713 et
1116 3659 1321 3729 assignassent
1350 3666 1499 3733 perpetuo

236 3760 462 3834 possidendam.
494 3761 609 3816 Datum
634 3760 711 3817 feria
734 3767 820 3817 sexta
843 3763 987 3833 proxima
1010 3770 1079 3835 post
1103 3770 1227 3819 octavas
1250 3764 1421 3836 Epiphanie
1445 3766 1500 3821 do·

236 3868 312 3924 mini
335 3872 519 3940 prenotatas.
548 3869 637 3922 Anno
660 3867 799 3923 eiusdem
822 3869 964 3941 superius
986 3875 1138 3925 annotato¹

324 3977 529 4048 Transumptum
548 4001 561 4031 e
580 3983 678 4033 litteris
696 3983 814 4033 eiusdem
832 3984 950 4034 ducissae
970 3984 1138 4049 Margarethe
1158 3987 1250 4034 eodem
1270 4003 1345 4038 anno.

824 4163 909 4229 235.

341 4303 417 4352 Anno
441 4303 513 4360 1356.
533 4303 686 4368 Zagrabiae.

247 4411 444 4484 Margarethu
466 4412 587 4485 ducissa,
607 4424 727 4489 peracta
750 4419 903 4474 statutrbne
920 4420 1103 4490 possessionis
1127 4420 1334 4488 Pristauitium
1356 4421 1481 4478 rotrudem

606 4522 760 4595 priziilegio
775 4523 821 4597 fr.
845 4523 1008 4593 Hereuu'tis,
1032 4523 1126 4581 donat.

324 4663 497 4736 Margareta
527 4665 578 4723 dei
608 4646 840 4739 gracia'tocins
862 4667 1032 4736 Sclauonie‚
1055 4668 1183 4726 Croacie
1206 4675 1236 4726 et
1258 4669 1419 4729 Dalmacie
1442 4671 1498 4730 du·

237 4767 322 4825 cissa.
348 4768 499 4828 Omnibus
521 4771 637 4831 Christi
659 4773 806 4832 fidelibus
829 4779 894 4832 tam
917 4775 1111 4848 presentibus
1134 4790 1229 4848 quam
1245 4774 1356 4833 suturis
1373 4793 1498 4850 presen-
