3488 5242
632 349 704 404 Dor.
729 345 801 406 180.
829 381 861 389 --
891 347 946 403 An.
970 361 1058 424 1342.
1423 363 1479 417 157

217 546 355 603 officium
383 546 520 618 postulat
544 554 572 602 et
596 546 734 618 requirit,
768 555 800 602 ut
824 544 1014 602 emendanda
1040 545 1189 614 emendet,
1214 545 1394 617 corrigenda
1418 560 1485 602 cor-

217 654 297 724 rigat
321 668 356 708 ac
379 653 481 708 minus
514 653 590 708 bene
621 651 770 724 disposita
801 652 908 708 utilius
936 650 1128 725 disponendo
1151 652 1180 708 in
1206 657 1320 708 statum
1344 651 1483 708 debitum

217 757 372 825 reformet,
397 762 425 814 et
450 759 527 814 bene
558 762 625 815 acta
657 758 687 814 in
714 773 770 815 suo
794 758 906 815 robore
930 772 1054 815 manere
1080 759 1237 830 permittat
1261 764 1291 814 et
1313 765 1481 814 conservet.

217 864 296 920 Cum
321 864 415 935 igitur
445 863 573 936 quidam
605 880 642 920 ex
675 864 793 921 colonis
816 879 869 921 seu
894 864 1020 938 populis
1042 865 1072 920 in
1097 869 1178 921 terra
1202 869 1305 921 nostra
1330 870 1358 920 ct
1382 870 1486 920 nostre

217 971 345 1026 ecclesie
379 985 413 1025 ac
446 969 575 1026 fratrum
608 977 793 1040 nostrorum,
825 970 955 1044 capituli
986 971 1113 1027 ecclesie
1140 978 1244 1027 nostre
1266 970 1483 1042 zagrabiensis,

217 1076 389 1133 existentes.
414 1076 442 1132 in
467 1077 583 1132 eisdem
616 1077 704 1133 terris
728 1078 832 1134 vineas
863 1077 1020 1147 habentes
1047 1077 1202 1150 quandam
1227 1077 1391 1133 abusivam
1415 1091 1485 1133 con·

217 1181 411 1238 suetudinem
437 1198 543 1238 eorum
568 1182 790 1254 pretendentes,
809 1182 921 1240 luerint
938 1184 1041 1256 sepius
1058 1183 1232 1256 attemptati
1249 1187 1278 1239 et
1294 1188 1485 1255 attemptent‚

217 1294 249 1343 ut
273 1287 348 1343 dum
373 1287 411 1344 tle
436 1289 510 1360 ipsis
535 1290 645 1344 nostris
669 1296 699 1344 ct
724 1288 854 1345 fratrum
879 1295 1056 1346 nostrorum
1081 1288 1293 1362 predictorum
1317 1290 1430 1346 tenutis
1446 1288 1485 1346 ad

217 1401 320 1450 tenuta
355 1395 487 1450 aliorum
521 1412 552 1449 se
584 1393 772 1451 transierunt
803 1411 894 1451 causa
927 1395 1149 1465 commorandi,
1181 1396 1291 1452 volunt
1323 1401 1356 1452 ut
1381 1396 1486 1452 vineas

218 1515 325 1555 eorum
352 1500 513 1572 predictas,
531 1507 617 1557 extra
639 1508 740 1557 tenuta
758 1508 861 1557 nostra
878 1508 908 1557 et
925 1500 1054 1557 fratrum
1072 1506 1249 1558 nostrorum
1266 1501 1485 1558 iamdictorum

218 1605 392 1673 residendo,
426 1606 564 1663 valerent
596 1606 761 1679 possidere.
793 1606 877 1678 quod
901 1612 1006 1663 nostro
1029 1614 1194 1679 nostreque
1216 1607 1343 1663 ecclesie
1367 1622 1402 1664 ac
1427 1606 1485 1664 fra-

219 1718 300 1767 trum
339 1719 514 1768 nostrorum
547 1712 758 1784 predictorum
791 1713 849 1769 iuri
879 1727 939 1769 non
971 1713 1002 1769 in
1034 1712 1156 1770 modico
1188 1712 1350 1785 derogaret
1382 1713 1485 1784 Quare

220 1817 374 1877 volumus.
399 1833 505 1888 ymmo
530 1817 660 1874 firmiter
683 1819 846 1875 statuimus
870 1817 1110 1887 observandum,
1135 1817 1217 1891 quod
1242 1818 1348 1874 nullus
1372 1817 1409 1873 de
1436 1832 1486 1874 co·

220 1924 298 1979 lonis
322 1939 374 1979 seu
400 1924 524 1996 populis
543 1923 696 1995 predictis,
718 1925 761 1980 sic
778 1932 865 1981 extra
887 1926 1034 1983 terminos
1051 1933 1225 1981 tenutarum
1241 1929 1415 1981 nostrarum
1432 1939 1486 1980 seu

220 2029 347 2085 ecclesie
368 2036 471 2085 nostre
494 2045 529 2085 ac
553 2030 682 2086 t'ratrum
707 2037 884 2087 nostrorum
905 2030 1115 2104 predictorum
1133 2030 1304 2096 residendo,
1321 2031 1418 2103 possit
1435 2028 1485 2085 vel

220 2135 321 2192 raleat
343 2136 462 2207 aliquas
487 2137 590 2191 vineas
615 2137 644 2192 in
663 2137 753 2192 terris
771 2143 872 2192 nostre
888 2136 1014 2192 ecclesie
1032 2135 1178 2217 predictis
1194 2137 1373 2192 constitutas
1390 2135 1486 2208 possi-

220 2240 292 2296 dere
309 2242 358 2297 vel
377 2257 527 2314 occupare
547 2241 777 2314 quoquomodo.
795 2241 848 2298 sed
867 2258 937 2298 cum
955 2243 1047 2299 cicius
1063 2242 1159 2314 aliqui
1173 2242 1221 2297 uel
1235 2242 1348 2314 aliquis
1361 2240 1399 2298 de
1412 2241 1486 2313 ipsis

219 2347 331 2402 tenutis
355 2354 456 2403 nostre
480 2347 607 2403 ecclesie
631 2348 808 2404 recesserint
840 2348 879 2405 ad
912 2355 1012 2405 tenuta
1037 2348 1179 2415 aliorum,
1202 2348 1305 2404 statim
1330 2363 1346 2403 a
1369 2348 1433 2404 iure
1457 2354 1486 2403 et

222 2453 409 2524 proprietate
440 2453 549 2509 cadant
581 2454 741 2509 vinearum
774 2468 881 2510 eorum
906 2453 1115 2526 predictarum
1140 2469 1176 2510 eo
1202 2453 1289 2516 facto,
1314 2460 1342 2509 et
1367 2468 1487 2526 posses·

221 2559 297 2614 sioni
322 2574 373 2614 seu
399 2564 479 2614 terre
504 2560 569 2631 ipse
594 2560 681 2615 vinee
704 2560 900 2632 applicentur
922 2559 960 2615 de
984 2575 1044 2630 qua
1069 2559 1162 2616 iidem
1193 2559 1301 2632 populi
1319 2567 1485 2615 noscuntur

222 2664 398 2728 recessisse;
422 2671 450 2719 et
475 2665 498 2720 si
524 2681 609 2737 quas,
644 2664 738 2721 modo
762 2664 910 2738 predicto.
940 2664 1041 2720 forsan
1066 2665 1179 2736 aliquis
1205 2664 1253 2720 vel
1278 2664 1375 2735 aliqui
1399 2678 1487 2720 occu-

222 2777 353 2840 passent,
378 2771 460 2841 ipsas
484 2778 588 2827 tenore
621 2772 811 2843 presencium
845 2786 1034 2829 revocamus.
1066 2776 1096 2827 et
1119 2770 1198 2827 dicte
1221 2778 1302 2826 terre
1337 2769 1418 2826 unde
1441 2785 1487 2825 re-

222 2881 385 2939 cesserunt,
409 2878 612 2949 applicamus.
638 2884 741 2948 Quare
765 2878 855 2934 vobis
882 2877 1033 2933 universis
1057 2876 1218 2943 iudicibus
1243 2875 1416 2933 comitibus.
1440 2891 1487 2931 ca·

222 2982 360 3038 stellanis
377 2984 498 3049 nostris,
515 2989 696 3054 nostrasque
714 2984 796 3040 vices
812 2983 999 3055 gerentibus,
1016 2981 1126 3038 damus
1139 2981 1270 3037 firmiter
1282 2981 1311 3036 in
1327 2978 1487 3039 mandatis.

223 3094 372 3158 quatenus
395 3089 418 3144 si
444 3104 520 3159 <quas
546 3090 650 3144 vineas
675 3089 767 3145 modo
793 3087 931 3161 predicto
954 3087 1130 3144 inveneritis
1157 3092 1329 3158 occupatas,
1364 3084 1486 3141 easdem

223 3200 302 3249 terre
327 3203 427 3249 nostre
448 3196 583 3259 ecclesie,
609 3196 637 3251 in
662 3195 775 3266 quibus
799 3203 965 3250 noscuntur
988 3210 1054 3249 esse
1077 3195 1248 3259 constitute,
1271 3192 1443 3264 applicetis,
1457 3201 1488 3248 et

224 3301 251 3354 in
277 3300 414 3372 amplius
439 3301 540 3357 nullas
574 3303 678 3357 vineas
701 3302 744 3357 sic
768 3317 919 3372 occupare
943 3300 1136 3372 permittatis.
1161 3298 1212 3353 sed
1239 3299 1279 3354 ita
1303 3297 1431 3354 modum
1457 3298 1486 3354 in

224 3407 382 3476 premissis
407 3407 585 3463 observetis.
611 3408 687 3463 sicut
711 3407 852 3479 superius
868 3413 912 3462 est
930 3420 1118 3478 expressum.
1144 3405 1175 3460 ln
1197 3405 1283 3459 cuius
1307 3405 1350 3460 rei
1372 3419 1487 3460 memo-

225 3512 302 3566 riam
335 3512 474 3579 sigillum
507 3520 646 3568 nostrum
679 3512 825 3569 duximus
852 3510 1080 3585 apponendum.
1107 3511 1218 3566 Datum
1245 3511 1274 3566 in
1300 3510 1433 3579 lu'angb,
1458 3511 1487 3567 in

224 3615 302 3671 festo
328 3617 414 3672 beate
440 3617 572 3673 Barbare
597 3619 733 3690 virginis.
767 3621 855 3674 Anno
879 3616 995 3674 domini
1023 3617 1129 3672 licet
1154 3615 1399 3688 quadragesimo.

316 3771 335 3818 Ε
356 3771 425 3819 libro
446 3774 572 3821 statutor.
593 3773 670 3835 capit.
692 3775 795 3833 zagrab.
817 3792 839 3839 p.
862 3773 879 3822 1.
900 3791 920 3821 c.
942 3772 1018 3820 xxi.
1035 3773 1108 3836 joan.
1124 3770 1238 3819 Tkaltio
1254 3771 1321 3819 Mon.
1337 3771 1395 3820 hist.
1409 3772 1487 3835 episc.

224 3861 327 3922 zagrab.
348 3859 379 3907 ΙΙ.
401 3876 424 3923 p.
446 3871 556 3919 ,ra—25.

811 4058 897 4124 180.

329 4201 404 4247 Anno
428 4208 500 4258 1342,
525 4208 560 4255 15.
582 4199 746 4263 septembris.
766 4200 904 4250 suintune.

237 4421 240 4429 Ι
316 4346 412 4403 Lucae
445 4348 555 4416 Alexii,
589 4349 701 4405 clerico
735 4350 986 4407 transilvanensis
1017 4349 1164 4406 dioecesis
1195 4365 1212 4406 a
1244 4347 1389 4422 pontifice
1420 4349 1489 4405 Cle-

227 4461 328 4508 mente
354 4454 401 4508 vl.
426 4452 583 4510 confertur
607 4454 773 4511 lectoratus
797 4457 825 4511 in
851 4456 979 4512 ecclesia
1010 4455 1208 4525 zagrabiensi.
1239 4470 1331 4526 quem
1355 4454 1490 4536 Jacobus

226 4556 359 4614 Simonis
383 4560 545 4615 canonicus
569 4566 597 4615 ct
623 4561 815 4632 praepositus
840 4562 985 4618 ecclesiae
1005 4561 1178 4618 bachiensis
1194 4560 1352 4632 quondam
1372 4560 1488 4617 habuit.

315 4696 344 4742 Α.
365 4693 486 4742 Theiner.
507 4694 575 4744 Mon.
598 4695 677 4758 llum,r
706 4694 764 4744 hist.
786 4696 803 4743 l.
825 4712 849 4761 p.
869 4696 927 4754 0⁴0·
