3480 5264
238 338 296 407 156
604 340 676 396 Dor.
701 336 769 414 178.
794 353 862 418 179.
891 372 926 381 -
953 341 1008 397 An.
1034 354 1122 416 1340.

235 535 307 603 tino,
331 533 442 592 domus
465 536 581 593 milicie
604 537 737 611 Templi,
767 544 874 612 petens
904 555 922 595 a
952 539 1042 595 nobis
1073 553 1144 595 cum
1177 539 1332 608 instancia,
1360 543 1392 594 ut
1417 538 1501 596 dicta

235 641 400 714 privilegia
423 645 628 715 transumpmi
652 654 818 717 nostroque
842 645 946 716 sigillo
969 645 1143 716 consignari
1160 643 1339 701 faceremus.
1366 645 1403 702 Et
1427 645 1501 717 quia

237 747 318 804 dicta
342 749 506 821 privilegia
528 750 702 807 invenimus
725 766 784 808 non
809 751 919 807 abrasa
943 751 993 807 vel
1018 750 1196 819 cancellata,
1213 766 1268 807 nec
1284 750 1314 807 in
1331 750 1436 823 aliqua
1452 751 1501 807 sui

234 864 321 927 parte
347 855 465 925 viciata,
489 855 527 913 de
551 858 649 914 verbo
671 857 709 914 ad
736 858 867 914 verbum
892 838 1100 929 transumpmi
1123 855 1253 913 fecimus
1276 864 1306 912 et
1329 863 1436 913 nostro
1460 856 1499 913 si-

233 960 311 1032 gillo
334 962 507 1033 consignari
531 1009 536 1019 .
559 1009 565 1020 .
590 1009 595 1021 .
620 1009 626 1021 .
932 972 934 977 ’

321 1095 430 1146 Initium
449 1097 598 1147 documenti
619 1097 693 1148 cuius
713 1098 844 1163 originale
864 1100 890 1150 in
910 1099 1061 1150 membrana
1081 1103 1166 1148 exstat
1185 1097 1212 1148 in
1231 1097 1301 1146 arch.
1322 1097 1367 1147 lib.
1389 1113 1443 1162 reg.
1465 1098 1501 1147 ci·

231 1183 323 1236 'vitatis
342 1187 542 1246 varasdinensis
557 1186 616 1238 fasc.
631 1188 664 1239 ΙΙ.
680 1204 718 1238 nr.
732 1202 756 1252 9.

824 1419 906 1488 178.

337 1562 413 1610 Anno
437 1569 510 1620 1340,
534 1569 571 1619 13.
591 1559 671 1626 Junii.
692 1559 722 1609 In
741 1559 880 1624 Viiegrad.

238 1686 360 1744 Carolus
383 1689 560 1762 lrhrrrgorioc
583 1697 629 1746 etc.
654 1708 716 1759 rex,
731 1689 907 1745 coricordiorrr
928 1689 1091 1745 interrivos
1113 1687 1287 1746 Grerlrerrsrs
1302 1696 1330 1744 ct
1343 1690 1501 1761 capitulum

482 1796 600 1868 aogrob.
624 1795 658 1851 de
685 1795 791 1852 tributo
806 1803 942 1869 posterae,
966 1795 1076 1862 irritari,
1099 1795 1255 1866 coufirrrrot

322 1938 384 1995 Nos
416 1939 558 2008 KaroluS,
590 1938 638 1995 dei
669 1939 772 2010 gracia
802 1955 856 1995 rex
888 1938 1054 2009 Hungarie.
1080 1937 1226 1993 Memorie
1250 1936 1502 1995 commendantes

234 2052 338 2102 tenore
370 2044 562 2116 presencium
594 2043 805 2116 significamus
836 2043 950 2116 quibus
982 2042 1106 2115 expedit
1142 2043 1301 2112 universis,
1335 2042 1419 2114 quod
1454 2045 1503 2099 vir

233 2150 383 2208 discretus
413 2150 583 2223 Gregorius
614 2151 790 2225 prepositus
822 2151 950 2207 ecclesie
973 2149 1170 2219 chasmensis,
1194 2149 1324 2206 dilectus
1348 2155 1378 2206 et
1401 2149 1503 2206 fidelis

161 2251 163 2255 ’
233 2255 414 2328 capellanus
437 2261 548 2327 noster,
573 2256 610 2313 ad
635 2256 807 2313 serenitatis
830 2264 933 2313 nostre
957 2255 1130 2313 accedendo
1155 2256 1345 2331 presenciam
1360 2255 1502 2313 exhibuit

233 2362 384 2434 quasdam
418 2363 630 2436 privilegiales
662 2363 780 2420 litteras
804 2362 960 2435 magnifici
987 2363 1045 2419 viri
1068 2361 1188 2418 Thome
1212 2361 1356 2432 voyvode
1380 2362 1501 2418 transil-

233 2469 305 2525 vani
322 2473 352 2524 et
368 2469 488 2526 comitis
505 2469 543 2526 de
568 2468 682 2541 Zonuk,
700 2469 971 2542 procuratorisque
987 2468 1156 2540 magisterii
1173 2467 1380 2524 tavarnicatus
1396 2467 1502 2535 nostri,

233 2574 315 2630 hunc
345 2582 481 2631 tenorem
513 2575 715 2632 continentes:
747 2569 820 2651 (vid.
845 2591 887 2631 nr.
917 2589 984 2649 174.
1009 2590 1055 2630 an.
1085 2589 1175 2646 1339,
1205 2588 1249 2629 11.
1275 2565 1369 2646 maii.)
1394 2572 1502 2629 Petens

232 2696 302 2737 cum
335 2681 489 2751 instancia,
522 2687 554 2738 ut
585 2689 722 2738 tenorem
747 2680 928 2737 earumdem
957 2680 1129 2737 litterarum
1161 2678 1393 2752 privilegialum
1425 2677 1500 2735 dicti

233 2786 353 2843 Thome
386 2786 778 2859 voyvode,.procuratoris
808 2785 977 2857 magisterii
1009 2785 1216 2841 tavarnicatus
1250 2785 1355 2852 nostri,
1389 2784 1502 2840 nostris

236 2892 345 2948 litteris
377 2893 553 2965 patentibus
586 2893 748 2950 transcribi
779 2899 808 2949 et
839 2891 1045 2963 transumpmi
1077 2890 1294 2947 confirmative
1323 2889 1503 2946 faceremus.

236 2997 283 3053 Ad
316 2999 403 3055 cuius
435 3014 490 3054 nos
522 2999 672 3055 humilem
708 2998 971 3072 supplicacionem
1008 2997 1105 3053 dictas
1141 2997 1259 3052 litteras
1293 2995 1504 3068 privilegiales

236 3102 347 3176 prefati
372 3103 490 3160 Thome
523 3104 673 3176 voyvode,
706 3113 799 3176 prout
828 3105 884 3160 rite
907 3112 935 3158 ct
962 3103 1099 3175 legitime
1123 3110 1263 3158 emanate
1286 3103 1451 3157 extiterunt
1475 3109 1504 3156 et

237 3218 369 3280 eatenus,
395 3217 545 3282 quatenus
577 3211 643 3282 ipsa
675 3211 851 3282 conposicio
879 3210 956 3265 inter
981 3218 1083 3281 partes
1107 3207 1299 3281 supradictas
1324 3207 1428 3263 habita
1453 3223 1504 3263 ex-

238 3315 307 3384 titit,
332 3316 490 3372 tenoribus
509 3316 659 3388 'ipsarum
692 3316 886 3389 presentibus
910 3315 947 3371 de
972 3316 1068 3371 verbo
1092 3314 1128 3370 ad
1156 3315 1287 3370 verbum
1312 3313 1505 3384 transcriptis

237 3427 266 3475 et
295 3423 496 3493 transumptis
528 3421 673 3479 duximus
708 3422 965 3478 confirmandum.
1002 3422 1115 3477 Datum
1148 3421 1178 3476 in
1211 3419 1395 3490 Vyssegrad,
1429 3417 1505 3474 seria

238 3527 332 3582 tercia
365 3527 507 3599 proxima
539 3533 608 3599 post
638 3527 748 3584 t'estum
773 3535 875 3584 sancte
900 3528 1049 3584 trinitatis.
1077 3530 1164 3582 Anno
1188 3525 1305 3581 domini
1330 3523 1503 3580 srcccxt.

328 3661 347 3708 E
373 3661 444 3709 libro
469 3662 595 3711 Statutor.
623 3662 700 3727 capit.
727 3664 831 3727 zagrab.
856 3669 879 3727 p.
906 3663 951 3710 IV.
972 3678 992 3710 c.
1015 3662 1100 3710 XVII.
1121 3663 1194 3726 Joan.
1217 3659 1332 3708 'skaldiei
1354 3659 1421 3708 Mon.
1444 3659 1503 3706 hist.

239 3748 316 3813 episc.
338 3751 441 3815 zagrab.
461 3749 494 3799 ll.
515 3767 540 3815 p.
561 3758 617 3810 130.
1500 3753 1504 3769 '

831 3965 913 4032 179.

347 4110 422 4155 rinno
445 4115 517 4166 1340,
537 4121 560 4166 4.
582 4106 735 4154 decembris.
757 4106 785 4155 In
806 4106 900 4155 luanie'.

242 4233 398 4290 ladislaus
425 4236 540 4307 episcop.
572 4235 688 4307 zogrob.
721 4236 825 4290 colonis
855 4235 945 4291 eccles.
973 4235 1088 4305 zogrob.
1115 4235 1212 4289 vineas
1235 4234 1265 4288 irr
1285 4231 1506 4305 possessionibus

240 4340 364 4398 rr'rrsrlcm
389 4340 607 4414 possidentibus,
639 4358 701 4396 curri
724 4360 743 4396 o
767 4342 912 4397 territorio
938 4343 995 4397 loli
1016 4342 1045 4396 r'rr
1067 4342 1191 4396 oliorum
1215 4348 1308 4395 termis
1332 4357 1389 4394 scre
1412 4347 1506 4394 irritis-

566 4448 663 4516 loceut,
686 4466 735 4503 cus
758 4456 791 4503 rit
812 4449 982 4515 orrmrr'llorrl,
1000 4447 1180 4520 proncitur.

328 4591 491 4648 Ladizlaus
523 4591 571 4647 dei
596 4600 625 4646 et
652 4592 821 4663 apostolice
852 4591 933 4646 sedis
961 4591 1063 4662 gracia
1095 4589 1301 4660 zagrabiensis
1335 4589 1508 4660 episcopus.

242 4698 400 4756 Universis
431 4698 545 4755 Christi
578 4696 732 4766 fidelibus,
767 4713 890 4768 presens
921 4697 1072 4769 scriptum
1104 4696 1296 4768 inspecturis,
1321 4695 1451 4750 salutem
1477 4693 1507 4748 in

240 4802 368 4860 domino
392 4804 620 4875 sempiternam.
644 4801 729 4860 Ordo
754 4809 834 4858 recte
862 4801 1119 4859 considerationis
1142 4800 1280 4873 exposcit
1301 4808 1330 4855 et
1356 4797 1508 4871 pastorale
