3488 5242
675 304 748 361 Doc-
766 316 844 380 399·
872 302 1105 414 -Aggaar
1463 310 1523 384 38⁵

259 501 397 574 singulas
420 501 627 559 obvenciones
650 502 825 559 evenientes
848 517 887 559 ex
909 501 1006 575 ipsius
1029 501 1179 560 beneficio
1203 519 1257 560 seu
1281 502 1438 561 beneficiis
1455 521 1524 578 per-

259 609 362 680 cipere
386 608 483 681 possit
506 613 599 681 atque
623 608 725 664 valeat
748 608 779 665 in
802 607 959 680 integrum
980 613 1011 665 et
1033 607 1241 666 diminucione
1257 611 1375 682 absque
1393 610 1478 667 omni
1494 655 1524 667 ..

349 721 487 775 Elitteris
510 725 658 776 Eberhardi
685 725 763 790 episc.
793 724 898 788 zagrab.
924 740 992 775 anuo
1022 735 1095 788 1402,
1124 726 1221 789 quibus
1240 725 1391 777 facultatem
1413 727 1525 777 testandi

260 813 451 878 capitularibus
471 813 597 863 concedit.
618 814 648 863 ln
665 813 767 863 archiv.
787 829 843 863 ven.
863 813 941 878 capit.
961 814 1066 879 zagrab.
1087 813 1147 864 fasc.
1167 826 1190 863 2.
1209 830 1248 864 nr.
1269 825 1291 875 3.

845 1065 937 1131 399.

363 1209 440 1256 Anno
462 1213 535 1270 1397,
560 1213 598 1261 17.
615 1206 738 1271 januarii.
759 1205 848 1256 Crisii.

257 1337 410 1393 Martinus
431 1336 512 1393 Ders
534 1335 694 1404 vicebanus,
716 1335 749 1392 de
772 1335 930 1408 inreptione
953 1341 981 1391 et
1001 1333 1218 1408 depraedatione
1241 1336 1299 1393 vici
1326 1337 1524 1396 tlteutonicalis

323 1443 353 1499 in
376 1442 509 1500 suburbio
531 1442 633 1499 montis
662 1439 833 1499 Grcclrensir
849 1448 906 1514 per
925 1441 1082 1514 capitulum
1105 1442 1222 1514 zagrab.
1238 1442 1336 1516 facta,
1359 1443 1455 1518 refert.

345 1585 408 1642 Nos
441 1585 588 1657 magister
619 1584 768 1642 Martinus
795 1584 883 1655 Ders,
914 1584 1081 1641 vicebanus
1110 1590 1140 1641 et
1171 1600 1274 1643 comes
1304 1586 1457 1644 crisiensis
1487 1601 1523 1644 ac

258 1691 374 1749 iudices
404 1691 559 1749 nobilium
591 1690 729 1748 eiusdem
761 1691 931 1748 comitatus.
963 1691 1111 1748 Memoria
1143 1691 1406 1763 commendamus,
1437 1693 1520 1766 quod

256 1812 328 1854 cum
352 1812 408 1854 nos
431 1796 471 1854 ad
495 1797 659 1854 instantem
681 1796 868 1871 peticionem
891 1795 1098 1870 providorum
1118 1797 1258 1854 viromm
1285 1798 1380 1855 Marci
1403 1798 1521 1870 iudicis,

256 1903 428 1960 iuratorum
452 1908 482 1960 et
504 1903 719 1960 universorum
747 1902 863 1959 civium
894 1901 1027 1959 civitatis
1057 1902 1171 1959 montis
1202 1902 1363 1961 Grecensis
1394 1903 1433 1961 de
1467 1903 1522 1962 Za·

255 2009 373 2080 grabia,
396 2009 579 2092 Johannem
602 2007 704 2065 filium
728 2006 859 2078 Andree,
892 2022 988 2065 unum
1021 2023 1059 2065 ex
1090 2008 1189 2077 nobis,
1220 2008 1336 2066 scilicet
1367 2008 1522 2067 iudicibus

256 2114 409 2172 nobilium
430 2113 469 2170 ad
495 2113 726 2188 infrascriptam
750 2113 984 2186 inquisicionem
1008 2112 1180 2171 faciendam
1211 2114 1349 2186 legitime
1371 2115 1520 2173 destinas·

256 2236 375 2289 semus;
399 2219 523 2277 tandem
548 2219 630 2277 idem
655 2219 765 2277 exinde
788 2218 827 2276 ad
851 2234 906 2276 nos
928 2235 1071 2276 reversus
1094 2219 1184 2277 nobis
1207 2220 1313 2277 retulit
1328 2219 1387 2277 isto
1407 2220 1519 2279 modo:

255 2327 338 2399 quod
364 2327 429 2399 ipse
451 2327 492 2384 ab
515 2327 661 2383 omnibus
685 2326 799 2398 quibus
822 2325 974 2382 decuisset
997 2331 1027 2382 et
1050 2324 1196 2395 licuisset,
1216 2327 1324 2399 palam
1346 2332 1377 2384 et
1399 2327 1520 2386 occulte

255 2432 419 2505 diligenter
442 2431 627 2505 inquirendo
655 2432 733 2489 hanc
756 2430 795 2488 de
818 2430 1022 2505 infrascriptis
1052 2431 1192 2488 scivisset
1223 2447 1342 2489 meram
1368 2438 1399 2489 et
1422 2434 1520 2490 omni-

255 2538 383 2596 modam
405 2540 578 2608 veritatem‚
603 2537 687 2610 quod
710 2538 864 2621 Johannes
888 2537 1017 2611 Crispus
1040 2537 1079 2595 de
1102 2537 1246 2609 Kernluk,
1268 2537 1438 2611 Gregorius
1461 2538 1516 2596 du·

256 2645 395 2715 bicensis,
419 2646 575 2729 Johannes
599 2644 637 2701 de
662 2644 819 2714 Vrbouch‚
850 2641 968 2716 Symon
990 2642 1029 2700 de
1052 2643 1164 2715 Vasta,
1192 2644 1347 2727 Johannes
1370 2644 1517 2716 Farkasii,

254 2750 452 2822 kathedralis,
484 2749 628 2807 Hinchko
665 2750 862 2820 chasmensis‚
893 2748 1066 2823 Stephanus
1098 2749 1302 2809 varasdiensis
1337 2759 1367 2807 et
1402 2751 1519 2824 Grego-

253 2857 318 2913 rius
341 2856 379 2913 de
401 2855 505 2928 Bexin,
528 2854 752 2924 archidiaconi;
780 2856 853 2912 item
876 2855 1030 2938 Johannes
1062 2855 1241 2927 Lancelloti‚
1275 2855 1456 2915 Benedictus
1480 2857 1519 2915 de

254 2962 436 3033 Monozlow,
464 2960 633 3034 Gregorius
663 2960 702 3018 de
733 2960 838 3032 Varas,
868 2960 1013 3018 Nicotaus
1037 2967 1066 3018 et
1089 2961 1168 3019 alter
1191 2960 1345 3032 Nicolaus,
1361 2963 1519 3035 Hungari;

253 3068 403 3126 Martinus
440 3083 579 3140 magnus,
618 3067 776 3125 Barnabas
814 3066 955 3138 Mikonis,
993 3067 1174 3125 Benedictus
1214 3068 1330 3140 luanse,
1372 3069 1518 3127 Nicotaus

253 3174 291 3231 de
315 3175 453 3245 Kassina‚
477 3174 614 3231 Thomas
644 3166 766 3251 (nepos)
797 3173 941 3244 custodis,
973 3173 1093 3231 Blasius
1131 3179 1241 3246 custos,
1277 3176 1444 3248 Dyonisius
1478 3176 1517 3234 de

253 3280 361 3351 Crisi0,
385 3279 559 3354 Stephanus
591 3280 757 3352 Hungarus
780 3285 811 3336 et
833 3279 941 3337 Petrus
972 3279 1083 3353 Crispi,
1114 3282 1260 3352 canonici,
1288 3296 1395 3354 ymmo
1416 3288 1516 3341 totum

252 3386 423 3460 capitulum
447 3387 574 3444 ecclesie
596 3386 804 3459 zagrabiensis
827 3385 964 3443 unanimi
988 3386 1117 3444 consilio
1139 3387 1218 3444 inter
1240 3387 1324 3460 ipsos
1346 3385 1436 3459 facto,
1458 3386 1517 3446 deo

252 3494 293 3550 ab
316 3494 431 3551 occulis
454 3509 563 3551 eorum
586 3498 616 3550 et
639 3493 705 3550 eius
736 3492 889 3549 iusticiam
919 3492 1110 3565 postpositis,
1143 3491 1308 3564 dyabolica
1336 3498 1402 3551 arte
1432 3495 1516 3552 insti·

252 3604 351 3670 gante,
375 3600 567 3671 congregatis
590 3597 742 3670 Gregorio
764 3597 901 3655 litterato
923 3596 1057 3655 officiale
1081 3603 1111 3655 et
1133 3599 1285 3655 universis
1308 3596 1516 3656 familiaribus

252 3720 287 3762 ac
309 3706 526 3778 iobagionibus
549 3707 699 3778 ipsorum,
723 3704 762 3762 ad
785 3719 898 3762 sonum
921 3704 1048 3762 maioris
1067 3720 1217 3779 campane
1238 3719 1354 3775 eorum,
1371 3705 1515 3763 manibus

251 3813 378 3870 armatis
401 3818 431 3869 et
454 3811 658 3885 potenciariis,
682 3825 768 3867 more
792 3809 906 3880 hostili,
938 3809 1094 3867 dominico
1125 3809 1175 3868 die
1197 3810 1342 3882 proximo
1370 3816 1441 3868 ante
1472 3809 1515 3868 fe·

251 3923 335 3975 stum
358 3917 441 3976 beati
462 3917 582 3974 Thome
604 3916 747 3989 apostoli,
771 3931 851 3972 nunc
882 3916 1073 3989 preteritum,
1097 3914 1134 3972 ad
1159 3915 1333 3988 predictam
1356 3916 1514 3974 civitatem

252 4023 395 4081 videlicet
423 4024 528 4081 vicum
558 4022 820 4092 Theutonicalem‚
855 4021 1042 4079 suburbium
1076 4021 1157 4080 dicte
1192 4022 1334 4092 civitatis,
1369 4022 1515 4080 irruendo

252 4129 404 4202 quosdam
428 4131 511 4187 cives
533 4129 734 4186 detinuissent
766 4133 796 4184 et
825 4126 904 4184 alios
935 4143 991 4200 per
1018 4127 1096 4184 ictus
1126 4128 1309 4200 sagittarum
1340 4128 1512 4186 miserabili

250 4252 323 4293 nece
347 4235 427 4293 tradi
450 4242 481 4293 et
502 4234 648 4292 wlnerari
671 4249 706 4291 ac
733 4233 862 4305 spoliari
894 4232 1044 4304 fecissent,
1076 4233 1203 4306 propria
1234 4247 1342 4290 eorum
1373 4234 1514 4306 potencia

251 4340 413 4411 mediante,
445 4342 475 4398 in
507 4338 712 4414 preiudicium
743 4339 883 4411 ipsorum
914 4337 1007 4396 valde
1035 4353 1199 4410 magnum;
1230 4337 1284 4395 lite
1309 4344 1411 4395 tamen
1434 4339 1514 4396 inter

249 4462 302 4504 eos
325 4446 484 4521 pendente.
507 4446 623 4503 Datum
647 4444 746 4514 Crisii,
770 4442 900 4503 infesto
923 4444 1006 4502 beati
1030 4444 1177 4501 Anthonii
1199 4443 1329 4500 abbatis.
1353 4445 1443 4502 Anno
1459 4443 1513 4501 do·

249 4551 325 4609 mini
348 4551 518 4610 millesimo
542 4549 619 4607 CCC
642 4550 842 4622 nonagesimo
864 4550 1006 4625 septimo

339 4668 480 4734 Originale
501 4667 527 4717 iu
546 4667 644 4724 charta,
664 4681 679 4717 a
698 4671 774 4732 tergo
793 4665 906 4730 vestigia
925 4666 1007 4717 trium
1020 4666 1228 4732 imppressorum
1244 4665 1403 4730 sigillorum.
1422 4667 1453 4719 In
1472 4684 1512 4719 ar·

249 4756 328 4807 chivo
347 4756 393 4807 lib.
413 4772 468 4821 reg.
488 4756 560 4806 civit
579 4755 684 4822 zagrab.

1373 4869 1405 4919 ²5
