3488 5242
237 341 275 402 42
664 321 735 385 Dec.
757 340 808 406 49.
836 362 872 370 -
897 328 953 386 An.
978 323 1069 386 1266.

219 541 332 600 ‚supra
355 531 495 582 notatum
528 528 582 597 est,
611 527 847 600 perpetraverit,
878 543 934 601 per
964 527 1098 586 iudicem
1131 517 1264 587 civitatis
1287 529 1447 600 iudicetur,
1471 536 1501 588 et

237 631 354 690 eisdem
377 632 465 704 penis
488 632 645 689 subiaceat
669 632 920 707 condempnatus.
944 632 976 692 Si
999 651 1074 695 vero
1097 651 1134 692 ex
1159 636 1268 693 incolis
1293 637 1426 694 civitatis
1445 637 1501 694 ali·

238 738 307 811 quis
330 738 396 794 sive
419 742 582 795 extraneus
605 737 685 795 infra
709 739 856 796 terminos
879 739 1011 797 civitatis
1035 741 1066 796 in
1090 741 1172 799 furto
1196 741 1247 797 vel
1264 741 1425 799 latrocinio
1448 741 1500 799 de·

238 845 408 917 prehensus
432 842 532 915 fuerit,
557 860 613 916 per
635 844 770 902 iudicem
800 846 932 903 civitatis
962 846 1115 918 puniatur.
1148 846 1234 917 Item,
1258 847 1283 905 si
1307 847 1376 919 quis
1400 852 1500 906 extra·

238 965 312 1007 neus
337 950 473 1022 aliquem
498 949 536 1008 de
560 951 683 1008 civitate
706 951 736 1007 in
762 967 852 1009 causa
875 934 1052 1026 pecuniaria
1069 953 1119 1009 vel
1135 953 1224 1010 illata
1239 953 1351 1010 iniuria
1367 954 1502 1012 voluerit

237 1056 410 1128 convenire,
434 1072 540 1113 coram
564 1056 663 1114 iudice
688 1058 820 1115 civitatis
835 1059 1005 1128 conveniat,
1026 1066 1055 1116 et
1070 1058 1158 1115 nulla
1182 1074 1273 1116 causa
1296 1058 1334 1116 ad
1358 1058 1500 1117 duellum

237 1162 398 1233 iudicetur,
422 1162 475 1219 sed
500 1179 556 1235 per
580 1169 671 1220 testes
694 1171 724 1222 et
746 1165 918 1222 iuramenta
946 1166 1135 1234 terminetur,
1160 1166 1225 1222 sive
1248 1166 1287 1222 sit
1310 1181 1381 1222 cum
1401 1173 1501 1223 extra-

237 1268 310 1333 neis,
344 1269 409 1325 sive
442 1283 514 1325 cum
551 1267 711 1340 indigenis,
742 1276 771 1327 et
802 1269 886 1342 quod
917 1271 977 1343 ipsi
1007 1276 1098 1328 testes
1128 1271 1219 1351 iurati
1250 1271 1281 1328 in
1316 1271 1500 1346 deponendo

237 1374 412 1432 testimonio
436 1375 596 1447 sigillatim
627 1391 662 1433 ac
684 1376 881 1448 singulariter
912 1376 1131 1434 examinentur.
1166 1376 1271 1434 Testes
1294 1383 1398 1450 autem
1423 1378 1501 1435 eius-

237 1479 309 1538 dem
333 1481 486 1538 libertatis
516 1487 546 1539 et
576 1481 773 1553 condicionis,
804 1482 891 1539 cuius
922 1489 992 1539 sunt
1023 1471 1084 1553 isti,
1111 1489 1347 1541 assummantur.
1383 1483 1501 1541 Eodem

238 1586 341 1658 modo,
365 1587 431 1644 sive
454 1595 617 1645 extraneus
641 1588 777 1645 inveniat
792 1589 877 1661 apud
893 1590 1016 1660 incolas,
1033 1589 1099 1646 sive
1122 1589 1224 1646 incola
1239 1588 1323 1661 apud
1343 1595 1503 1647 extraneos

239 1710 363 1766 equum,
385 1695 501 1751 bovem
526 1699 579 1751 aut
602 1695 722 1768 aliquas
745 1711 794 1752 res
818 1694 957 1767 furtivas
981 1710 1105 1768 semper
1128 1700 1227 1765 testes
1251 1701 1285 1753 ut
1307 1711 1402 1769 supra
1425 1695 1503 1753 dixi·

239 1816 317 1871 mus,
341 1800 559 1874 producantur.
583 1800 669 1871 Item,
693 1803 776 1859 cives
798 1800 837 1859 de
862 1801 1001 1875 predicta
1032 1802 1156 1860 civitate
1178 1802 1230 1857 vel
1265 1802 1443 1873 iobagiones
1465 1801 1503 1858 de

239 1906 325 1964 villis
348 1906 387 1964 ad
411 1908 512 1981 ipsam
542 1909 776 1981 pertinentibus,
807 1924 867 1980 que
898 1923 996 1981 prope
1028 1907 1216 1964 territorium
1248 1907 1346 1980 ipsius
1371 1907 1504 1965 civitatis

240 2012 352 2070 fuerint
376 2014 440 2084 site,
464 2014 581 2071 nullius
603 2013 719 2071 iudicio
741 2014 800 2071 nisi
823 2014 932 2071 iudicis
955 2015 1088 2072 civitatis
1111 2020 1211 2071 astare
1235 2018 1403 2085 teneantur,
1420 2012 1503 2086 quod

238 2119 264 2175 si
287 2119 380 2177 iudex
403 2125 564 2193 suspectus
587 2120 754 2177 habebitur
784 2126 813 2177 et
843 2125 928 2178 actor
951 2120 1123 2193 legitimam
1148 2135 1273 2176 causam
1300 2119 1504 2177 recusaeionis

239 2226 430 2298 allegaverit,
463 2228 639 2285 convocatis
672 2228 816 2284 omnibus
847 2226 1018 2284 maioribus
1049 2226 1191 2296 civitatis,
1220 2226 1289 2298 ipso
1312 2224 1412 2283 iudice
1435 2241 1504 2299 pre·

239 2336 331 2402 sente,
355 2333 518 2403 negocium
540 2332 708 2403 decidatur,
732 2331 771 2389 de
794 2347 928 2405 quorum
959 2332 1120 2400 sentencia,
1144 2332 1170 2388 si
1195 2330 1296 2388 adhuc
1316 2332 1505 2403 contingeret

239 2436 384 2508 dubitari,
408 2443 437 2494 et
460 2443 546 2496 actor
567 2439 764 2510 importunus
788 2454 839 2496 eos
862 2439 902 2495 ad
925 2435 1006 2509 regis
1033 2438 1174 2494 citaverit
1196 2438 1396 2510 presenciam,
1420 2437 1504 2494 solus

238 2542 332 2601 iudex
357 2558 415 2616 pro
438 2544 508 2601 aliis
531 2545 676 2602 omnibus
699 2543 738 2601 ad
761 2560 867 2616 regem
883 2544 927 2600 ire
944 2548 1089 2602 teneatur.
1105 2542 1223 2600 Eodem
1237 2541 1332 2600 modo
1355 2558 1414 2616 pro
1430 2558 1504 2615 qua-

242 2665 374 2723 cumque
399 2665 490 2707 causa
513 2651 649 2707 iudicem
671 2629 803 2707 civitatis
827 2656 857 2707 et
880 2651 970 2719 cives,
987 2649 1038 2706 vel
1055 2650 1138 2706 cives
1161 2648 1244 2705 solos
1268 2647 1307 2705 ad
1330 2649 1413 2721 regis
1434 2664 1504 2722 pre·

239 2757 377 2815 senciam
400 2757 469 2829 quis
493 2757 608 2828 citaret,
633 2771 694 2814 non
717 2761 838 2814 tenetur
859 2757 913 2827 ire,
937 2756 995 2812 nisi
1018 2755 1103 2813 solus
1127 2754 1220 2812 iudex
1243 2755 1382 2812 civitatis.
1418 2754 1455 2811 Et
1478 2755 1504 2813 si

240 2863 353 2937 aliquis
375 2863 514 2936 aliquem
539 2863 640 2920 civem
663 2863 714 2920 vel
738 2863 820 2920 cives
843 2877 904 2919 nou
927 2862 1087 2935 requirens
1102 2865 1191 2917 antea
1214 2876 1232 2917 a
1255 2859 1356 2918 iudice
1372 2861 1505 2918 civitatis

240 2970 397 3026 iusticiam
420 2971 480 3027 sibi
503 2969 580 3040 lieri,
604 2969 642 3027 ad
666 2985 772 3042 regem
796 2969 945 3039 citaverit,
968 2983 1026 3040 pro
1049 2968 1106 3024 illo
1128 2966 1179 3023 vel
1201 2967 1266 3024 illis
1287 2966 1380 3023 iudex
1402 2967 1446 3023 ire
1463 2972 1505 3024 te·

242 3075 374 3145 nebilur,
397 3082 425 3132 et
450 3075 477 3132 ei
502 3075 611 3140 citatur
633 3075 776 3132 refundet
799 3090 957 3149 expensas,
974 3089 1010 3131 eo
1031 3072 1114 3146 quod
1132 3078 1308 3145 contempta
1324 3072 1505 3129 auctoritate

240 3182 354 3254 regalis
375 3182 533 3254 privilegii
556 3182 616 3238 sibi
640 3183 761 3253 cogniti,
787 3181 963 3254 irrequisito
987 3180 1087 3237 iudice
1111 3180 1244 3236 civitatis
1269 3178 1410 3250 fatigavit
1434 3194 1503 3234 eum

241 3286 355 3345 frustra
378 3288 539 3345 laboribus
563 3297 592 3345 et
615 3289 764 3361 expensis
781 3287 873 3345 Cives
889 3294 992 3345 autem
1010 3287 1142 3344 liberam
1158 3286 1274 3342 habent
1289 3284 1506 3357 undecumque

241 3393 396 3450 voluerint
420 3392 553 3466 eligendi
577 3393 756 3451 facultatem
776 3393 910 3451 iudicem
933 3393 1065 3449 civitatis
1092 3392 1182 3448 nobis
1205 3389 1454 3463 presentandum,
1477 3395 1506 3446 et

242 3500 382 3557 mutandi
405 3500 538 3557 eundem
561 3502 718 3557 annuatim
743 3516 801 3574 pro
832 3516 885 3558 sue
916 3500 1044 3556 arbitrio
1076 3497 1252 3555 voluntatis.
1277 3494 1363 3566 Sane,
1387 3497 1413 3553 si
1437 3497 1506 3569 quis

241 3607 270 3662 in
297 3607 452 3664 calumnia
475 3607 526 3665 vel
551 3606 630 3664 falso
654 3608 829 3664 testimonio
858 3606 1019 3663 manifeste
1047 3605 1203 3662 convictus
1220 3603 1311 3660 suerit
1334 3603 1384 3659 vel
1409 3605 1506 3660 eciam

241 3712 457 3785 deprehensus,
481 3729 537 3770 nec
560 3713 590 3770 in
615 3712 748 3770 iudicem
772 3713 822 3769 vel
839 3713 904 3770 eius
922 3726 1107 3769 assessorem
1124 3726 1176 3767 seu
1195 3709 1406 3766 consiliarium
1422 3708 1506 3765 dein-

244 3835 315 3892 ceps
339 3819 526 3877 admittatur.
550 3820 636 3890 Item,
660 3820 686 3877 si
710 3820 779 3892 quis
809 3818 848 3875 de
879 3819 1002 3875 civitate
1032 3817 1097 3874 sine
1129 3814 1241 3872 herede
1272 3813 1444 3884 decesserit,
1469 3813 1507 3871 de

242 3927 336 3982 rebus
359 3926 421 3983 suis
444 3926 616 3984 mobilibus
638 3926 772 3983 liberam
796 3925 909 3982 habeat
939 3921 1123 3997 disponendi
1153 3922 1339 3993 cuicumque
1363 3919 1506 3990 voluerit,

244 4031 437 4101 facultatem·;
460 4048 510 4089 res
534 4047 608 4089 vero
632 4032 818 4100 immobiles
842 4030 960 4101 domos,
984 4031 1111 4099 curiam,
1135 4029 1248 4097 vineas,
1270 4033 1367 4083 terras
1392 4032 1422 4082 et
1445 4025 1507 4082 edi·

243 4136 312 4193 ficia
335 4152 464 4195 suorum
489 4139 662 4196 concivium
686 4139 792 4195 habito
816 4137 952 4209 consilio,
976 4137 1066 4193 uxori
1090 4151 1143 4191 sue
1173 4134 1224 4191 vel
1249 4133 1340 4190 alicui
1364 4139 1507 4203 cognato·

244 4259 312 4299 rum
338 4259 465 4302 suorum
486 4245 657 4316 relinqual;
680 4245 723 4301 ita
747 4250 858 4315 tamen,
883 4242 966 4317 quod
983 4258 1038 4299 nec
1060 4257 1118 4314 per
1142 4241 1254 4313 ipsum,
1278 4254 1335 4295 nec
1357 4253 1413 4311 per
1433 4253 1507 4294 uxo·

245 4364 320 4419 rem,
345 4366 400 4406 nec
422 4367 477 4423 per
500 4357 646 4423 cognatos
668 4367 686 4408 a
710 4350 905 4408 iurisdicione
929 4349 1063 4407 civitatis
1086 4347 1184 4419 possit
1199 4345 1326 4402 alienari
1343 4359 1396 4400 seu
1414 4345 1507 4401 eximi

246 4456 295 4512 vel
320 4458 422 4515 avelli.
446 4459 532 4529 ltem,
554 4459 579 4516 si
604 4459 673 4530 quis
697 4458 857 4515 intestatus
880 4456 1045 4514 decesserit
1069 4460 1098 4511 et
1121 4469 1176 4509 nec
1192 4466 1330 4521 uxorem,
1346 4466 1403 4506 nec
1417 4449 1507 4520 illios,

245 4576 300 4618 nec
324 4571 470 4636 cognatos
493 4564 645 4635 habuerit,
669 4563 729 4621 due
752 4569 855 4636 partes
880 4577 984 4619 rerum
1008 4575 1135 4617 suarum
1157 4574 1214 4632 per
1236 4557 1320 4612 viros
1335 4554 1508 4625 fidedignos

245 4666 285 4723 ad
308 4668 367 4725 hoc
389 4670 518 4727 consilio
540 4671 655 4727 civium
679 4670 851 4744 deputatos,
875 4667 1066 4742 pauperibus
1085 4671 1114 4721 et
1131 4663 1257 4721 ecclesie
1273 4659 1411 4718 eiusdem
1435 4659 1509 4716 civi-

248 4774 318 4832 tatis
341 4773 575 4849 distribuantur,
598 4777 694 4835 tercia
715 4791 791 4834 vero
814 4790 887 4849 pars
916 4773 955 4831 ad
986 4771 1145 4830 utilititem
1168 4767 1301 4826 civitatis
1327 4769 1509 4824 reservetur.
