3488 5242
612 340 685 397 Doc.
709 335 780 415 285.
803 335 877 397 286.
904 373 940 382 —
966 339 1020 397 An.
1046 352 1138 420 1379·
1448 358 1507 416 273

245 537 343 593 viensi
367 542 395 593 et
421 536 544 594 Portiua
566 539 705 609 seniensi,
729 539 928 596 ecclesiarum
952 540 1115 612 episcopis
1142 539 1285 596 ecclesias
1308 538 1358 596 dei
1380 539 1510 596 feliciter

244 643 504 714 gubernantibus;
528 645 725 716 strigoniensi
740 652 845 702 autem
861 645 933 702 sede
950 649 1085 702 vacante.
1103 643 1274 716 Magnificis
1290 645 1365 702 viris
1381 643 1509 701 Nicolao

245 748 283 804 de
307 749 391 805 Gara
414 749 552 821 palatino
568 752 655 822 regni
671 752 769 808 nostri
786 757 816 807 et
832 750 932 808 iudice
952 751 1172 820 Comanorum,
1196 750 1341 807 Ladislao
1358 750 1510 821 wayvoda

244 854 442 921 transilvano‚
467 856 579 911 comite
602 856 719 937 Jacobo
743 856 781 912 de
804 855 921 928 Scepus
944 863 972 913 et
998 856 1097 913 iudice
1128 857 1212 913 curie
1240 862 1269 912 et
1292 856 1507 912 universarum

244 960 402 1016 civitatum
433 969 617 1032 nostrarum,
647 961 776 1018 Nicolao
807 962 846 1018 de
869 961 975 1032 Zeech,
1003 963 1183 1019 Dalmaciae
1206 968 1235 1019 et
1259 962 1394 1032 Croacie,
1419 961 1509 1018 Petro

243 1064 353 1135 Zudor,
378 1067 475 1123 tocius
498 1068 584 1138 regni
608 1067 770 1125 Sclauonie
793 1074 823 1124 et
845 1069 985 1150 Johannc
1008 1068 1046 1125 de
1077 1069 1216 1136 Machou‚
1242 1069 1346 1136 banis;
1370 1067 1505 1138 Georgio

244 1171 355 1244 Zudor,
389 1174 614 1245 pincernarum.
645 1174 802 1247 Stephano
833 1176 978 1232 similiter
1004 1175 1115 1244 Zudor‚
1145 1173 1322 1249 janitorum,
1353 1174 1448 1230 Paulo
1470 1174 1509 1232 de

244 1278 384 1348 Lyskont
409 1278 631 1351 dapiferorum
655 1278 812 1353 Stephano
828 1296 997 1352 agazonum
1014 1289 1190 1337 nostrorum
1208 1280 1373 1351 magistris,
1392 1281 1508 1336 honore

243 1385 407 1440 comitatus
439 1386 630 1456 posoniensis
661 1393 797 1452 vacante,
828 1387 960 1458 aliisque
992 1403 1086 1458 quam
1122 1386 1266 1458 pluribus
1297 1386 1382 1456 regni
1413 1385 1510 1441 nostri

243 1490 407 1545 comitatus
431 1491 604 1547 tenentibus
627 1498 656 1547 et
680 1492 819 1548 honores

333 1626 353 1672 E
374 1632 538 1689 transumpto
559 1626 669 1690 capituli
689 1627 820 1682 buriensis,
840 1643 907 1676 anno
924 1629 996 1687 1384.
1013 1627 1040 1677 In
1054 1627 1163 1676 archivo
1185 1627 1259 1692 regni
1280 1627 1353 1677 CSD.
1369 1629 1427 1675 Aci.
1441 1627 1508 1676 Con·

243 1714 494 1780 ventssemeiensis
515 1714 574 1763 fasc.
599 1725 618 1762 1.
638 1731 677 1763 nr.
701 1725 738 1774 14.

833 1928 919 1993 285.

350 2070 424 2116 Anno
447 2076 520 2130 1379.
541 2078 581 2116 21.
600 2069 722 2132 januarii.
742 2069 895 2134 Zagrabiae.

275 2194 438 2266 copitulmn
461 2197 578 2267 ragrub.
602 2198 732 2253 ecclesiae
754 2198 905 2252 terminum
929 2198 1003 2253 iuris
1026 2198 1138 2253 dicendi
1158 2199 1188 2253 in
1211 2216 1300 2254 carisa
1323 2217 1382 2254 ses(
1404 2199 1481 2254 r'nter

410 2310 438 2357 et
459 2305 683 2359 cotnnmm'totem
712 2303 910 2369 Gredonum,
926 2312 1117 2376 prorogatum
1140 2323 1207 2371 esse,
1230 2305 1353 2362 incutiat.

330 2445 393 2501 Nos
416 2418 587 2517 capitulum
612 2447 739 2503 ecclesie
763 2448 977 2518 zagrabiensis
1003 2448 1151 2505 Memorie
1175 2448 1430 2504 commendamus
1454 2463 1510 2520 per

241 2558 397 2623 presentes
421 2552 535 2622 quibus
559 2552 684 2624 expedit
707 2554 869 2622 universis,
894 2553 975 2625 quod
1001 2569 1056 2609 nos
1080 2569 1213 2623 causam,
1238 2570 1298 2625 que
1322 2554 1406 2609 iuxta
1438 2567 1509 2610 con·

240 2659 405 2713 tinenciam
429 2659 602 2713 litterarum
631 2659 898 2715 arbitratoriarum
931 2660 990 2715 sub
1013 2659 1126 2731 sigillis
1150 2661 1289 2730 magistri
1320 2659 1411 2729 Petri,
1435 2659 1508 2715 dicti

241 2763 362 2832 (Ihirke,
389 2765 528 2820 visebani
552 2780 587 2819 ac
612 2765 732 2820 comitis
756 2765 919 2835 crisyensis
943 2770 972 2822 et
996 2772 1100 2822 nostro
1125 2782 1159 2822 ac
1184 2766 1281 2821 tocius
1301 2765 1510 2821 universitatis

241 2870 375 2926 civitatis
400 2871 511 2926 montis
535 2869 741 2927 Girrechensis
769 2871 1027 2941 consignatorum,
1053 2872 1110 2927 iter
1125 2887 1181 2927 nos
1205 2870 1350 2927 videlicet
1373 2877 1402 2926 et
1425 2871 1509 2943 ipsos

240 2975 323 3030 cives
346 2980 556 3032 emanatarum
582 2991 679 3047 usque
714 2983 839 3032 octavas
867 2983 919 3032 aut
950 2977 979 3032 in
1011 2977 1130 3033 octavis
1162 2976 1229 3033 testi
1262 2976 1508 3049 Epiphaniarum

239 3079 358 3137 domini
382 3098 461 3137 nunc
485 3083 627 3153 proxime
651 3083 789 3154 preteriti
814 3082 880 3139 fieri
905 3083 1039 3139 debebat
1062 3088 1091 3139 et
1115 3082 1282 3151 terminari,
1315 3083 1389 3154 quia
1412 3083 1508 3139 racio·

240 3187 337 3243 nabili
362 3188 582 3243 interveniente
606 3203 697 3243 causa
722 3188 751 3244 in
776 3188 858 3244 dicto
883 3189 1016 3245 termino
1048 3188 1114 3244 fieri
1146 3188 1294 3260 nequivit,
1318 3188 1356 3243 ad
1381 3195 1507 3245 octavas

239 3292 308 3348 festi
333 3294 415 3348 beati
440 3292 565 3364 Georgii
590 3294 734 3363 martiris,
760 3311 840 3350 nunc
869 3295 1011 3366 proxime
1035 3295 1194 3364 affuturas,
1219 3300 1299 3351 statu
1324 3310 1379 3366 per
1402 3294 1507 3350 omnia

240 3399 270 3454 in
294 3398 413 3469 eodem,
437 3415 507 3454 cum
533 3399 622 3454 dictis
655 3400 776 3456 civibus
807 3406 915 3457 mutuo
947 3409 976 3456 et
1009 3401 1144 3457 vicissim
1169 3401 1315 3456 duximus
1339 3415 1509 3473 prorogan-

241 3504 321 3560 dam.
347 3505 461 3561 Datum
486 3506 516 3561 in
541 3504 618 3561 festo
642 3506 731 3562 beate
756 3508 884 3577 Agnetis
908 3507 1038 3575 virginis
1061 3511 1091 3561 et
1116 3506 1259 3562 martiris.
1284 3507 1373 3562 Anno
1390 3504 1508 3562 domini

241 3612 411 3667 millesimo
435 3610 597 3666 CCCLXX
622 3627 710 3668 nono,

331 3746 471 3807 originale
493 3746 518 3794 in
538 3747 663 3801 chartas
685 3757 761 3810 tergo
774 3748 916 3811 vestigium
937 3746 1058 3811 impressi
1079 3746 1163 3809 sigilli
1178 3746 1340 3811 capitularis.
1355 3746 1384 3795 In
1398 3746 1508 3796 archivo

238 3835 322 3882 Acad.
344 3834 439 3882 Scient.
461 3834 529 3882 Slav.
550 3835 641 3883 merid.

828 4052 916 4118 286.

344 4194 516 4251 [1111101370.
538 4203 576 4239 20.
597 4193 668 4241 maii.
690 4192 845 4255 Zagrabiae.

243 4319 395 4377 Teruu'nus
418 4323 491 4378 iuris
513 4321 629 4380 diremti
650 4324 680 4378 in
703 4341 792 4379 causa
818 4325 974 4396 capitulum
1002 4324 1186 4398 zagrabrknse
1208 4326 1284 4380 inter
1305 4331 1333 4381 ct
1352 4322 1504 4381 communi-

545 4436 629 4485 tatem
659 4428 857 4498 Grecltcnscm,
880 4431 981 4487 iterttm
996 4432 1199 4503 prolongatur.

327 4570 389 4627 Nos
412 4573 584 4644 capitulum
607 4573 736 4629 ecclesie
766 4573 982 4644 zagrabiensis.
1014 4573 1230 4646 Significamus
1254 4580 1359 4631 tenore
1382 4589 1507 4646 presen-

238 4676 318 4731 cium
345 4678 459 4748 quibus
482 4677 607 4752 expedit
633 4679 792 4749 universis,
816 4678 900 4751 quod
924 4695 980 4736 nos
1003 4695 1136 4750 causam,
1160 4696 1220 4752 que
1240 4680 1325 4736 iuxta
1350 4680 1506 4737 continen-

237 4781 316 4838 ciam
341 4783 515 4840 litterarum
536 4785 808 4842 arbitratoriarum
825 4787 884 4842 sub
900 4786 1012 4856 sigillis
1028 4787 1167 4858 magistri
1183 4786 1275 4856 Petri,
1292 4786 1366 4843 dicti
1382 4785 1506 4855 Chirke,

1370 4905 1401 4954 18
