3488 5242
649 339 722 395 Doc.
748 333 817 394 166.
846 370 881 378 -
907 336 964 393 An.
987 349 1074 412 1334.
1437 351 1493 412 145

235 544 263 594 et
289 537 372 610 quod
397 539 457 594 iarn
483 535 564 594 idem
587 536 731 593 dominus
762 552 815 593 rex
839 541 869 592 et
892 535 938 591 sui
962 535 1093 590 barones
1116 532 1235 606 pluries
1259 533 1498 605 conspexissent,

235 644 294 700 sub
317 648 422 700 nostro
447 642 552 714 sigillo
583 640 667 698 idern
698 642 898 714 privilegium
927 640 1054 696 rescribi
1079 637 1250 695 laceremus
1274 637 1313 694 ad
1336 638 1499 694 cautelam.

231 750 331 806 ‘Cuius
356 754 442 805 tenor
466 749 491 804 is
514 754 574 826 est:
607 742 680 824 (vid.
711 764 754 804 nr.
791 746 858 803 120.
890 760 969 803 anno
1005 759 1095 818 1323,
1126 760 1174 818 29.
1198 735 1406 818 novembris).
1438 741 1501 800 Nos

236 856 330 925 igitur
361 855 566 928 peticionibus
597 853 670 910 dicti
700 853 848 935 Johannis
878 851 1087 908 archidiaconi
1118 849 1334 907 favorabiliter
1365 849 1502 906 inclinati

237 960 366 1033 predicti
400 960 554 1033 privilegii
585 967 723 1016 tenorem
755 958 793 1015 de
823 958 920 1015 verbo
951 957 989 1014 ad
1014 957 1147 1014 verbum
1171 955 1299 1013 rescribi
1323 954 1452 1013 fecimus
1473 960 1503 1012 et

236 1081 332 1122 unum
356 1081 413 1138 par
436 1066 495 1122 sub
518 1073 623 1122 nostro
646 1064 751 1136 sigillo
767 1063 869 1121 cidem
884 1063 952 1120 dari
972 1067 1003 1119 et
1025 1060 1110 1119 aliud
1126 1062 1157 1119 in
1173 1067 1278 1118 nostra
1294 1061 1432 1118 sacristia
1455 1075 1502 1117 re·

237 1172 355 1228 servari
379 1170 516 1240 lecimus,
541 1171 659 1227 iusticia
684 1169 845 1226 mediante.
871 1169 990 1225 Datum
1012 1183 1069 1240 per
1091 1182 1200 1224 manus
1224 1167 1343 1225 domini
1367 1165 1504 1224 Ladislai

238 1278 362 1334 lectoris
385 1277 513 1333 ecclesie
537 1283 649 1332 nostre.
674 1278 762 1332 Anno
785 1274 903 1331 domini
928 1272 1134 1330 MCCCXXX.
1158 1278 1276 1345 quarto

328 1395 349 1442 E
369 1399 533 1457 transumpto
553 1392 664 1457 capituli
684 1391 867 1457 strigoniensis
885 1406 953 1440 anno
978 1391 1050 1450 1346.
1071 1389 1101 1438 In
1120 1388 1219 1439 archiv.
1243 1405 1300 1442 ven.
1327 1405 1382 1455 cap.
1397 1390 1504 1456 zagrab.

239 1483 298 1534 fasc.
323 1493 360 1532 ιο.
381 1498 418 1531 nr.
441 1490 482 1542 47.

453 1760 455 1764 ¹
828 1675 913 1742 1aa.

345 1822 421 1869 Anno
443 1829 516 1879 1334,
537 1828 577 1867 21.
598 1817 719 1881 Augusti.
739 1816 893 1881 Zagrabiae.

239 1947 340 2004 Mikid
356 1948 441 2004 totius
464 1945 623 2002 Slavoniae
645 1945 745 2013 dauers,
768 1951 976 2001 transummens
1000 1943 1112 2000 niodum
1134 1943 1321 2017 persolvendi
1340 1943 1463 2002 decimas
1485 1963 1504 2001 a

243 2071 271 2110 se
286 2055 507 2126 praescriptum,
531 2052 684 2115 crmu'tr'bus,
705 2052 868 2108 castellanis
890 2060 918 2108 et
938 2052 1005 2107 aliis
1027 2051 1201 2125 officialibus
1228 2051 1357 2119 maturat,
1381 2059 1414 2108 ut
1433 2051 1506 2109 deci·

450 2158 605 2214 matorr'lms
628 2158 657 2213 in
681 2156 828 2214 auxilium
850 2157 909 2213 suis
931 2174 993 2213 cum
1016 2156 1175 2213 hominibus
1197 2156 1300 2214 adsint.

332 2300 443 2373 Mykch
461 2303 559 2358 banus
576 2302 673 2358 tocius
689 2299 858 2358 Sclauonie.
875 2300 1036 2359 Universis
1055 2301 1214 2358 nobilibus
1235 2305 1264 2358 et
1287 2301 1508 2374 cuiuscumque

242 2413 338 2463 status
371 2407 420 2463 vel
453 2406 641 2463 condicionis
673 2407 858 2475 hominibus,
888 2407 1096 2477 zagrabiensis
1127 2406 1284 2473 dioecesis,
1314 2407 1446 2464 salutem
1478 2412 1508 2463 et

243 2526 333 2570 omne
357 2514 482 2570 bonurn.
507 2512 555 2569 Ad
574 2519 707 2570 vestram
724 2514 869 2570 noticiam
887 2512 1095 2586 perducimus
1112 2512 1196 2585 quod
1216 2513 1415 2570 honorabiles
1438 2514 1507 2582 viri,

243 2619 360 2676 domini
388 2620 542 2701 johannes
570 2619 608 2675 de
636 2619 777 2675 (luerche
804 2624 833 2675 et
860 2618 1038 2690 Gregorius.
1066 2619 1263 2684 chasmensis,
1291 2618 1508 2687 archidiaconi,

243 2726 332 2782 nobis
358 2726 568 2798 privilegiales
592 2731 711 2781 nostras
742 2725 860 2782 litteras
887 2741 981 2798 super
1007 2724 1204 2781 ordinacione
1231 2723 1422 2782 deeimarum
1450 2741 1508 2798 per

246 2846 300 2887 vos
324 2829 554 2897 solvendarum,
579 2831 662 2886 omni
687 2831 860 2902 suspicione
883 2836 1028 2897 carentes,
1053 2833 1276 2903 presentarunt,
1300 2835 1439 2902 petentes
1454 2845 1508 2888 no·

245 2939 327 2993 mine
351 2936 469 2993 domini
494 2938 631 3009 episcopi
655 2938 862 3008 zagrabiensis
885 2944 915 2994 et
938 2938 1003 2994 eius
1026 2937 1163 3006 ecclesie,
1186 2941 1219 2992 ut
1242 2936 1308 3005 hos,
1332 2937 1386 3010 qui
1409 2938 1440 2994 in
1462 2952 1510 2995 so·

247 3043 366 3099 lucione
391 3042 580 3098 decimarum
606 3043 795 3115 negligentes
820 3043 869 3099 vel
894 3043 1028 3099 rebelles
1052 3043 1194 3111 existunt,
1218 3041 1256 3098 ad
1273 3058 1324 3099 eas
1346 3042 1510 3100 solvendas

245 3149 479 3221 compellamus
512 3148 779 3220 Quarumquidem
811 3149 983 3205 litterarum
1016 3153 1190 3205 nostrarum
1222 3155 1310 3205 tenor
1340 3148 1379 3205 de
1412 3149 1510 3206 verbo

246 3254 282 3310 ad
309 3256 440 3310 verbum
468 3255 539 3311 talis
563 3261 622 3310 est:
655 3249 727 3331 (vid.
764 3269 933 3329 147.ann0
969 3254 1059 3327 1328.
1093 3267 1141 3320 25.
1165 3245 1322 3330 octobris).
1351 3253 1431 3310 Cum
1455 3253 1510 3325 igi-

246 3368 296 3415 tur
337 3361 420 3416 iuxta
459 3359 572 3416 dictam
614 3359 843 3416 ordinacionem
875 3360 993 3416 solucio
1032 3360 1172 3432 ipsarum
1203 3358 1394 3416 decimarum
1432 3358 1510 3415 sicut

247 3464 359 3522 dicitur
384 3481 438 3538 per
459 3465 609 3537 quosdam
634 3467 817 3538 negligatur.
842 3465 932 3521 vobis
956 3465 1106 3521 universis
1122 3471 1152 3520 et
1167 3465 1297 3536 singulis
1321 3464 1511 3521 consulimus

248 3580 278 3627 et
302 3570 412 3627 damus
437 3571 567 3627 firmiter
591 3572 620 3628 in
645 3573 807 3644 preceptis,
835 3577 985 3643 quatenus
1015 3569 1099 3642 ipsas
1129 3569 1265 3626 decimas
1296 3568 1423 3627 domino
1447 3569 1512 3643 epi·

249 3692 342 3748 scopo
365 3677 556 3748 zagrabiensi
579 3684 608 3733 et
632 3678 697 3733 eius
720 3677 847 3733 ecclesie
872 3677 955 3733 iuxta
979 3683 1116 3732 tenorem
1148 3670 1351 3752 (prelatarum
1379 3667 1510 3751 nost)ra-

249 3799 319 3838 rurn
345 3782 589 3854 privilegialiurn
621 3783 794 3838 litterarum
827 3782 949 3838 solvere
980 3780 1126 3851 debeatis,
1151 3781 1183 3837 si
1206 3787 1309 3837 vestra
1331 3781 1512 3853 gravamina

248 3889 360 3960 cupitis
384 3890 507 3944 evitare.
532 3888 630 3943 Vobis
653 3893 755 3944 autem
780 3888 893 3944 nostris
915 3886 1088 3944 comitibus.
1106 3886 1281 3943 castellanis
1297 3892 1327 3943 et
1350 3886 1419 3944 aliis
1444 3886 1512 3944 offi-

249 3994 380 4049 cialibus
403 3993 534 4049 firmiter
558 3991 767 4069 (precipimus.
786 3992 870 4064 quod
886 3991 924 4068 si)
941 4008 997 4065 per
1012 3991 1215 4049 decimatores
1232 3991 1349 4050 domini
1372 3993 1512 4066 episcopi

250 4100 299 4156 vel
324 4101 388 4156 eius
411 4100 539 4155 ecclesie
560 4099 680 4156 fueritis
704 4099 842 4171 requisiti
865 4113 924 4172 pro
947 4096 1106 4169 exigendis
1126 4098 1202 4171 ipsis
1225 4097 1361 4169 decimis,
1386 4105 1420 4155 ut
1443 4114 1514 4172 pre-

249 4204 369 4274 dicitur,
397 4212 515 4261 vestros
539 4204 617 4260 detis
642 4205 781 4261 homines
805 4206 870 4261 sine
891 4198 1054 4282 (dilacione
1070 4203 1207 4276 aliquali.
1223 4203 1339 4260 Datum
1356 4203 1514 4276 Zagrabie,

251 4311 281 4366 in
307 4305 451 4387 crastlino
476 4311 545 4367 sesti
570 4311 651 4367 beati
668 4311 748 4382 regis
764 4308 920 4384 Stephani.
938 4312 1027 4366 Anno
1043 4309 1160 4367 domini
1182 4309 1380 4366 MCCCXXX
1396 4316 1514 4383 quarto·

340 4429 478 4492 originale
509 4428 534 4477 in
563 4428 720 4476 membrana.
747 4427 872 4493 Sigillum
891 4427 1006 4492 deperiit
1032 4432 1056 4476 et
1082 4441 1153 4477 zona.
1180 4425 1211 4476 In
1235 4426 1335 4476 archiv.
1359 4426 1513 4492 archiepisc.

251 4517 355 4578 zagrab.
377 4516 523 4565 Decimalia
543 4532 580 4564 nr.
602 4527 623 4574 3.

340 4605 376 4654 Ut
395 4606 465 4652 clare
485 4606 587 4653 eluceat
613 4606 645 4653 de
671 4604 828 4668 quibusnam
853 4603 918 4653 loeis
944 4612 970 4653 et
994 4604 1128 4667 quomodo
1151 4603 1180 4653 in
1198 4603 1321 4653 districtu
1339 4601 1444 4668 zagrab.
1465 4617 1515 4668 pro

168 4697 170 4702 '
250 4691 368 4756 capitulo
396 4693 513 4742 decimae
542 4693 725 4758 exigebantur,
750 4692 925 4742 necessarium
950 4692 1015 4742 duxi
1036 4690 1217 4742 commentarii
1244 4690 1327 4741 instar
1354 4690 1398 4740 hic
1415 4688 1516 4740 referre

251 4795 345 4831 coaeva
365 4782 468 4831 Statuta
487 4797 542 4830 ven.
563 4797 617 4846 cap.
638 4781 816 4847 zagrabiensis
835 4782 874 4846 (p.
894 4780 914 4830 1.
935 4796 955 4829 c.
976 4780 1033 4830 LII.
1055 4779 1128 4829 LIV.
1148 4779 1219 4845 LV.)
1238 4794 1307 4843 quae
1325 4784 1455 4830 statuunt:

1379 4893 1412 4935 10
