3488 5242
627 308 701 365 Doc.
720 319 794 383 352.
821 340 858 348 -
884 308 940 365 An.
962 319 1050 383 1391.
1408 323 1468 381 327

207 506 316 562 litteris
341 506 642 563 commissionalibus
660 506 771 577 sigillis
787 507 947 564 autenticis
963 505 1103 579 parcium
1120 504 1302 562 earumdem
1317 505 1469 578 sigillatis,

205 611 318 667 habitis
342 618 372 668 et
394 611 578 684 specificatis
601 612 659 668 sub
683 627 763 684 pena
786 611 920 669 duorum
943 612 1079 669 millium
1096 610 1284 668 florenorum
1300 610 1470 668 clarissime

204 717 295 774 etad
319 718 447 791 plenum
480 718 534 775 hec
565 718 669 774 omnia
693 718 885 791 preallegata
908 718 1101 775 continentur
1124 723 1153 773 et
1178 717 1285 788 vigore
1308 732 1343 773 ac
1367 722 1470 774 aucto·

204 824 294 880 ritate
309 823 482 880 litterarum
500 823 710 896 predictarum
726 823 766 881 ad
782 824 963 881 instanciam
979 824 1120 896 parcium
1139 822 1350 896 predictarum
1366 824 1469 897 primo

206 934 234 986 et
257 936 327 986 ante
349 930 453 986 omnia
476 930 507 986 in
531 936 614 987 certo
645 931 777 987 termino
808 929 952 1002 proxime
975 930 1037 986 iam
1061 929 1209 1002 preterito
1234 929 1376 1001 partibus
1400 945 1468 1002 pre·

204 1034 293 1092 dictis
316 1035 354 1092 ad
379 1035 624 1109 comparendum
648 1051 741 1108 super
764 1035 923 1109 premissis
947 1037 998 1092 vel
1019 1035 1125 1107 aliquo
1141 1034 1366 1107 premissorum
1385 1035 1470 1092 iusti·

204 1142 282 1198 ciam
316 1142 470 1215 recepturi
499 1143 653 1214 assignato
686 1149 715 1199 et
747 1143 822 1215 ipsis
853 1142 995 1214 partibus
1026 1141 1222 1214 presentibus
1253 1140 1292 1198 de
1324 1146 1354 1198 et
1377 1157 1470 1214 super

204 1247 280 1321 ipsis
303 1248 438 1304 censuris
462 1254 492 1304 et
515 1248 738 1305 sentenciarum
762 1248 1018 1320 agravacionibus
1042 1253 1072 1304 et
1095 1246 1231 1304 infamiis
1254 1247 1410 1320 predictis,
1434 1263 1470 1304 ac

204 1356 300 1412 eciam
327 1354 365 1411 de
388 1359 418 1411 et
442 1370 536 1427 super
568 1354 687 1411 iniuriis
719 1359 859 1427 pretextu
891 1354 1113 1427 premissorum
1137 1354 1350 1411 obieccionum
1373 1358 1402 1410 et
1426 1355 1471 1411 in·

205 1461 314 1531 famiis,
346 1476 424 1533 quas
455 1462 522 1534 ipse
552 1461 696 1518 dominus
727 1462 891 1535 episcopus
923 1461 953 1517 in
984 1461 1122 1517 animum
1158 1465 1384 1533 provocaverat
1417 1465 1470 1517 aut

204 1572 403 1642 provocasset
427 1567 719 1640 quomodocumque
743 1584 799 1641 per
823 1568 906 1640 ipsos
933 1567 992 1623 sibi
1016 1571 1046 1623 et
1068 1581 1124 1623 suo
1148 1566 1259 1623 honori
1281 1565 1347 1623 fore
1371 1565 1469 1637 factis,

204 1675 329 1731 volente
362 1673 488 1731 domino
519 1679 549 1731 et
579 1690 634 1731 suo
666 1674 782 1731 auxilio
814 1674 966 1730 altissimo
997 1672 1092 1729 adiuti
1119 1671 1214 1729 finem
1238 1671 1367 1729 fecimus
1390 1673 1470 1729 inter

204 1782 287 1854 ipsas
309 1785 413 1853 partes
442 1779 622 1850 decisivum‚
654 1787 747 1853 prout
777 1781 808 1837 in
831 1780 900 1836 aliis
921 1779 1032 1836 litteris
1055 1778 1168 1835 nostris
1191 1776 1301 1835 exinde
1324 1776 1470 1835 confectis

204 1887 274 1943 hinc
298 1886 369 1943 inde
403 1886 483 1942 inter
513 1886 595 1958 ipsas
626 1893 730 1959 partes
757 1893 786 1943 et
809 1886 885 1959 ipsis
909 1885 987 1942 datis
1011 1884 1113 1956 quoad
1137 1884 1265 1957 plenum
1289 1884 1469 1941 continetur.

203 1992 263 2049 Sed
287 1994 361 2065 quia
385 1992 423 2048 de
447 1997 476 2048 et
499 2008 593 2064 super
624 1993 699 2065 ipsis
732 1992 859 2049 decimis
888 1992 926 2048 de
949 1990 1125 2048 Dauidolch
1149 2006 1184 2047 ac
1207 1995 1291 2047 recta
1313 1997 1343 2047 et
1366 1991 1470 2063 equali

206 2099 370 2156 medietate
401 2098 591 2155 decimarum
615 2098 653 2154 de
677 2098 774 2155 vineis
802 2098 948 2155 territorii
971 2098 1031 2154 vici
1055 2097 1236 2154 Latinorum
1260 2113 1296 2153 ac
1319 2096 1357 2154 de
1380 2097 1470 2155 dictis

204 2205 322 2277 campis
346 2212 374 2260 et
398 2204 488 2260 terris
513 2204 752 2276 Bakanyapolya
775 2208 805 2260 et
828 2202 942 2274 Ztruga
965 2203 1140 2276 appellatis,
1165 2219 1250 2276 quas,
1268 2218 1345 2276 quos
1362 2208 1468 2276 etque

205 2310 317 2384 prefati
341 2310 467 2373 domini,
491 2316 524 2366 ut
549 2309 726 2382 predicitur,
750 2311 809 2367 sibi
834 2314 861 2366 et
887 2310 1026 2381 ipsorum
1043 2325 1146 2366 mense
1162 2310 1203 2366 ab
1219 2310 1346 2381 antiquo
1362 2304 1467 2387 (perti-

203 2410 318 2493 nuisse)
350 2423 379 2473 et
413 2417 566 2489 pertinere
599 2432 636 2472 ex
669 2431 705 2472 eo
734 2416 847 2473 debere
878 2416 1042 2488 allegando
1074 2416 1251 2473 asserebant
1278 2420 1308 2472 et
1328 2417 1469 2489 ipsorum

203 2524 379 2581 huiusmodi
414 2524 617 2579 assercionem
641 2528 781 2595 porrecta
808 2523 1018 2592 instrumenta,
1041 2527 1075 2579 ut
1098 2521 1262 2596 prefertur,
1285 2523 1469 2595 comproba·

205 2631 296 2698 bant;
325 2628 379 2686 sed
403 2629 475 2701 quia
499 2636 680 2701 negatamen
704 2620 771 2705 (sic)
796 2645 851 2701 per
877 2628 1005 2685 modum
1030 2629 1223 2702 exccpcionis
1246 2633 1276 2685 et
1299 2628 1469 2686 contradic·

204 2737 298 2794 cionis
335 2752 389 2808 per
421 2736 523 2808 ipsum
557 2734 720 2791 dominum
751 2736 913 2807 episopum
945 2743 973 2792 et
1001 2736 1097 2807 ipsius
1121 2734 1321 2806 allegativam
1345 2734 1374 2790 in
1399 2749 1469 2791 con-

204 2844 333 2899 trarium
364 2844 394 2898 in
426 2842 483 2898 hac
514 2848 601 2916 parte
633 2843 810 2899 extantibus
834 2843 892 2915 ipsi
920 2841 1036 2899 domini
1060 2841 1269 2914 paciebantur,
1293 2841 1334 2896 ob
1358 2840 1417 2897 hoc
1439 2846 1470 2898 et

203 2955 368 3022 propterea
393 2949 584 3021 preallegato
607 2948 733 3005 domino
753 2949 885 3029 Johanni
902 2949 1057 3021 episcopo,
1078 2939 1336 3025 (pontificalibus)
1352 2946 1468 3018 induto,

203 3056 262 3111 sibi
287 3056 353 3123 soli,
378 3055 408 3111 in
441 3056 558 3112 octavis
587 3055 668 3111 beati
698 3054 820 3111 Andree
843 3054 977 3127 apostoli
1008 3069 1088 3110 nunc
1117 3053 1256 3110 venturis
1286 3054 1317 3109 in
1340 3053 1469 3110 ecclesia

204 3162 299 3217 sancti
330 3160 477 3234 Stephani
509 3161 598 3232 regiS,
632 3162 709 3217 hora
740 3162 905 3218 terciarum
939 3175 1049 3231 magne
1081 3160 1181 3229 misse,
1205 3158 1363 3231 Zagrabie‚
1387 3159 1468 3215 iura·

206 3272 344 3323 mentum
368 3266 406 3323 de
431 3268 601 3340 proborum
626 3267 787 3324 hominum
812 3282 847 3323 ac
870 3267 968 3323 eciam
992 3281 1182 3323 assessorum
1204 3271 1380 3322 nostrorum
1398 3279 1468 3321 con·

202 3374 272 3430 silio
297 3372 563 3443 adiudicabamur,
587 3380 619 3428 ut
644 3373 673 3429 id
699 3372 781 3445 quod
807 3373 948 3444 negative
971 3371 1209 3429 contradicendo
1232 3372 1422 3443 allegaverat
1438 3378 1469 3430 et

203 3480 359 3550 allegabat
376 3480 434 3535 hoc
450 3479 586 3551 idipsum
609 3495 664 3551 per
679 3495 769 3535 suum
785 3479 988 3535 iuramentale
1004 3483 1228 3535 sacramentum
1242 3478 1468 3549 comprobaret,

204 3584 365 3642 videlicet:
390 3585 472 3658 quod
507 3584 613 3641 eedem
645 3584 763 3642 decime
795 3584 970 3657 supradicte
993 3590 1023 3641 et
1046 3585 1149 3657 campi
1172 3589 1201 3640 et
1225 3590 1304 3640 terre
1328 3584 1468 3657 parcium

202 3700 231 3748 et
255 3691 395 3748 locorum
420 3691 640 3764 predictorum,
673 3708 733 3748 non
756 3691 795 3749 ad
820 3693 905 3765 ipsos
928 3691 1070 3748 dominos
1094 3690 1133 3747 de
1155 3690 1237 3747 dicto
1260 3690 1398 3763 capitulo
1421 3706 1468 3747 za-

202 3798 365 3869 grabiensi,
397 3797 451 3854 sed
483 3814 538 3854 nec
571 3797 609 3854 ad
634 3813 772 3854 mensam
797 3798 936 3870 ipsorum
962 3798 1150 3870 pertinerent
1173 3801 1225 3854 aut
1249 3774 1468 3871 pertinuissent

203 3909 255 3960 aut
278 3903 431 3975 pertinere
456 3902 611 3973 deberent,
635 3903 689 3960 sed
713 3904 816 3960 solum
840 3903 1001 3960 dumtaxat
1024 3903 1063 3960 ad
1088 3904 1190 3976 ipsum
1219 3903 1380 3960 dominum
1404 3904 1468 3976 epi·

203 4024 333 4082 scopum
366 4015 397 4064 et
426 4008 465 4065 ad
497 4024 585 4065 suam
608 4025 746 4067 mensam
771 4011 980 4083 episcopalem
1003 4016 1033 4067 et
1056 4025 1183 4066 suorum
1215 4009 1468 4086 predecessorum

202 4115 385 4187 pertinuisse
409 4123 438 4172 et
462 4131 674 4172 successorum
698 4132 826 4174 suorum
850 4117 1003 4188 pertinere
1019 4115 1132 4173 debere
1148 4116 1233 4173 omni
1252 4116 1325 4172 iure.
1341 4117 1378 4171 Et
1394 4116 1467 4187 quia

203 4222 306 4293 ipsum
330 4222 507 4278 huiusmodi
532 4222 738 4279 iuramentum
762 4223 866 4296 sepius
888 4239 945 4296 per
968 4238 1023 4279 nos
1046 4223 1212 4295 requisitus
1236 4223 1302 4295 ipse
1325 4221 1468 4279 dominus

203 4327 366 4399 episcopus
398 4326 553 4401 deponere
585 4336 614 4384 et
646 4327 746 4385 facere
779 4328 872 4385 modo
904 4328 1095 4402 preallegato
1127 4329 1288 4397 recusavit,
1318 4327 1388 4384 ideo
1411 4343 1467 4384 nos

202 4432 402 4506 preallegatis
425 4432 559 4490 dominis
581 4433 620 4490 de
644 4435 781 4507 capitulo
804 4435 996 4506 zagrabiensi
1019 4434 1058 4491 de
1081 4433 1210 4491 consilio
1232 4440 1262 4491 et
1278 4439 1399 4490 matura
1415 4432 1467 4489 de·

203 4539 389 4596 liberacione
419 4538 623 4597 discretorum
656 4545 686 4598 et
715 4542 888 4614 proborum
920 4542 1082 4600 hominum
1112 4557 1147 4598 ac
1170 4541 1268 4598 eciam
1290 4545 1468 4597 nostrorum

202 4660 390 4702 assessorum
423 4646 534 4703 in.hac
566 4651 656 4719 parte
687 4646 816 4704 consilio
848 4648 1010 4704 nobiscum
1034 4647 1065 4704 in
1088 4646 1202 4704 iudicio
1232 4645 1467 4704 consedencium

202 4752 240 4808 de
266 4757 295 4808 et
318 4767 412 4825 super
435 4752 511 4825 ipsis
544 4752 733 4822 decimisde
754 4753 931 4811 Dauidolch
961 4769 996 4810 ac
1018 4758 1102 4811 recta
1124 4760 1154 4810 et
1177 4752 1281 4825 equali
1303 4750 1467 4809 medietate
