3488 5242
667 308 740 365 Dor.
765 304 817 365 88.
845 343 881 350 —
905 309 961 366 An.
985 321 1073 384 1295.
1463 326 1500 382 75

237 411 396 418 ---—-—

240 510 336 561 stram
360 503 537 561 accedentes
560 506 760 577 presenciam,
790 507 880 563 nobis
903 505 1075 578 significare
1100 512 1299 565 curaverunt:
1324 505 1502 579 quodcum

236 608 417 682 Stephanus
450 610 533 667 filius
564 610 797 679 hiladuchuech,
828 610 985 684 quondam
1017 611 1140 683 iobagio
1164 611 1255 669 castri
1279 612 1374 670 nostri
1398 627 1503 684 zagra·

238 717 360 784 biensis
385 716 414 772 in
439 716 519 772 lecto
543 716 724 788 egritudinis
748 717 937 774 decumbens
961 717 1129 774 inminente
1152 717 1213 774 sibi
1236 717 1346 774 mortis
1361 717 1503 787 articulo,

236 837 365 894 compos
397 827 498 878 tamen
530 838 583 879 sue
615 823 734 892 mentis,
766 830 880 880 terram
910 837 1008 892 suam,
1039 822 1139 880 Casna
1171 828 1322 891 vocatam,
1346 823 1375 880 in
1401 822 1503 880 medio

237 932 387 983 terrarum
421 927 548 999 capituli
580 928 795 999 zagrabiensis‚
819 928 963 985 similiter
985 928 1085 985 Casna
1108 934 1288 986 vocatarum
1311 929 1502 1000 existentem,

237 1033 323 1090 cuius
356 1032 483 1106 quidem
512 1033 643 1090 alteram
674 1033 882 1104 medietatem,
913 1034 1092 1106 porcionem
1123 1033 1269 1091 videlicet
1291 1032 1375 1090 Vulk
1399 1033 1503 1092 fratris

236 1139 283 1195 sui
306 1139 370 1196 sine
394 1138 506 1196 herede
529 1138 711 1210 decedentis,
737 1145 944 1196 memoratum
968 1139 1140 1212 capitulum
1165 1155 1202 1197 ex
1227 1139 1395 1197 collacione
1418 1140 1503 1212 regia

236 1244 426 1316 dignoscitur
456 1243 622 1317 possidere,
654 1244 747 1301 simul
778 1260 849 1302 cum
880 1245 946 1303 filio
970 1261 1026 1302 suo
1049 1244 1151 1302 adhuc
1173 1245 1308 1318 parvulo
1331 1260 1436 1303 coram
1460 1251 1503 1303 te·

236 1350 380 1407 stimonio
405 1350 520 1407 civium
545 1356 721 1407 nostrorum
738 1348 961 1409 Grechensium
986 1351 1214 1409 conservacioni
1237 1356 1268 1409 et
1291 1352 1416 1409 tuicioni
1433 1367 1503 1424 pre-

237 1454 310 1512 dicti
335 1456 464 1528 capituli
488 1456 663 1528 reliquisset
686 1461 715 1513 et
739 1457 831 1513 etiam
856 1457 1035 1528 comisisset,
1059 1458 1114 1514 tali
1138 1456 1247 1515 modo:
1271 1462 1305 1514 ut
1321 1457 1347 1514 si
1363 1456 1502 1530 prelatus

237 1577 314 1634 puer
346 1560 384 1617 ad
415 1566 526 1618 etatem
559 1563 734 1634 perveniret
765 1563 945 1635 legitimam,
973 1569 1085 1621 extunc
1108 1562 1146 1620 de
1170 1562 1309 1636 predicta
1332 1569 1414 1620 terra
1439 1568 1502 1620 tam

240 1670 305 1741 ipse
329 1683 423 1740 quam
447 1667 575 1724 heredes
598 1669 654 1736 sui,
677 1668 889 1742 heredumque
913 1685 1041 1727 suorum
1064 1684 1254 1727 successores
1275 1684 1361 1727 more
1384 1675 1414 1727 et
1431 1684 1502 1726 con·

150 1778 152 1782 “
240 1774 358 1832 dicione
383 1774 570 1848 predialium
594 1775 730 1848 capituli,
748 1775 848 1833 eidem
865 1776 1002 1849 capitulo
1017 1776 1134 1833 servire
1150 1779 1302 1849 perpetuo
1319 1781 1503 1833 tenerentur.

240 1879 271 1937 Si
296 1896 371 1937 vero
395 1880 569 1954 predictum
593 1895 725 1954 puerum
756 1886 826 1938 ante
849 1880 1044 1938 discrecionis
1068 1887 1191 1955 tempus
1215 1880 1265 1937 vel
1289 1886 1368 1954 post,
1385 1879 1503 1952 absque

239 1987 345 2044 liberis
369 1985 518 2044 decedere
541 1988 719 2059 contigeret,
743 1992 854 2044 extunc
878 1987 945 2060 ipsa
969 1992 1050 2044 terra
1074 1992 1138 2044 tam
1154 1987 1196 2044 ob
1211 1985 1385 2045 remedium
1401 1987 1504 2043 anime

238 2109 299 2161 sue,
324 2109 418 2165 quam
442 2093 541 2150 eciam
564 2095 606 2150 ob
629 2094 814 2151 memoriam
835 2091 1056 2150 beneficiorum
1073 2091 1175 2150 eidem
1190 2090 1346 2166 Stephano
1363 2098 1504 2166 tempore

237 2198 426 2256 necessitatis
458 2215 512 2256 sue
543 2215 600 2271 per
626 2198 742 2256 dictum
768 2199 939 2272 capitulum
965 2199 1164 2273 inpensorum
1188 2197 1216 2255 in
1241 2198 1288 2255 ius
1311 2204 1341 2255 et
1365 2197 1504 2271 proprie·

240 2310 332 2361 tatem
359 2303 480 2361 cederet
502 2305 631 2377 capituli
654 2304 806 2363 antedicti.
830 2304 969 2362 Petentes
992 2321 1008 2361 a
1032 2305 1123 2362 nobis
1146 2305 1249 2378 ipsum
1272 2305 1454 2378 capitulum,
1470 2309 1504 2361 ut

239 2410 429 2467 ordinacioni
452 2410 526 2468 dicti
549 2409 697 2484 Stephani
721 2426 815 2483 quam
839 2411 963 2483 eulogio
986 2411 1096 2468 ultime
1112 2403 1280 2469 voluntatis
1297 2409 1504 2481 confirmavit,

239 2524 378 2573 nostrum
403 2532 560 2574 assensum
584 2517 704 2589 regium
729 2518 860 2590 prebere
884 2516 1091 2589 dignaremur.
1114 2515 1174 2574 Sed
1199 2523 1303 2574 utrum
1328 2514 1505 2573 huiusmodi

238 2622 395 2680 ordinacio
419 2623 548 2680 veritate
572 2622 733 2680 fulciretur
756 2639 811 2679 nec
836 2639 880 2694 ne,
913 2623 951 2679 de
977 2622 1035 2679 hoc
1058 2622 1148 2678 nobis
1171 2636 1231 2679 non
1255 2622 1424 2691 constabat,
1447 2621 1505 2678 eis·

238 2727 310 2784 dem
335 2728 480 2785 fidelibus
503 2730 615 2786 nostris
639 2728 740 2798 iudici,
764 2729 870 2786 iuratis
895 2729 1012 2801 totique
1034 2729 1248 2786 communitati
1265 2726 1434 2785 Grechensi
1451 2726 1503 2784 de·

239 2834 341 2891 dimus
376 2835 404 2891 in
436 2835 596 2906 mandatis,
629 2843 662 2892 ut
690 2836 801 2892 scriem
833 2835 930 2908 ipsius
953 2834 1072 2907 negocii
1094 2840 1187 2906 prout
1210 2834 1254 2891 eis
1277 2838 1431 2891 constaret
1453 2848 1505 2890 ve·

238 2941 313 2996 ritas
336 2939 375 2997 de
398 2940 516 3010 eodem,
540 2942 629 2998 nobis
653 2942 683 2998 in
706 2957 813 2998 eorum
842 2941 953 2998 litteris
976 2939 1125 2997 deberent
1148 2940 1178 2997 in
1201 2939 1263 2997 fide
1287 2939 1377 2997 nobis
1400 2937 1505 2996 delita

238 3045 427 3103 remandare.
459 3047 520 3118 Qui
551 3047 677 3118 quidem
709 3046 809 3117 iudex,
841 3047 932 3104 iurati
958 3054 987 3103 et
1010 3051 1075 3103 tota
1096 3046 1303 3103 communitas
1318 3042 1503 3103 Grechensis

241 3152 329 3209 nobis
354 3151 480 3208 demum
513 3153 615 3210 taliter
646 3154 877 3225 rescripserunt,
902 3150 985 3226 quod
1010 3167 1080 3208 cum
1103 3150 1186 3208 idem
1209 3149 1384 3225 Stephanus
1407 3149 1437 3206 in
1464 3151 1505 3208 ci·

241 3259 335 3315 vitate
358 3263 462 3315 nostra
486 3258 654 3316 Grechensi
685 3260 715 3316 in
747 3259 850 3317 medio
882 3256 1062 3315 eorumdem
1091 3256 1207 3314 civium
1230 3261 1408 3313 nostrorum
1432 3256 1506 3313 resi·

241 3363 381 3420 denciam
412 3362 526 3421 faciens
558 3366 641 3422 mole
672 3365 859 3422 infirmitatis
882 3368 1073 3436 gravaretur,
1097 3377 1189 3420 sanus
1212 3366 1314 3422 tamen
1338 3366 1449 3433 mente,
1473 3362 1504 3419 in

240 3470 397 3542 presencia
420 3470 726 3542 quamplurimorum
750 3471 923 3528 concivium
947 3470 1086 3542 ipsorum
1110 3467 1172 3526 fide
1196 3466 1362 3541 dignorum
1378 3482 1507 3525 suorum

239 3572 277 3630 ad
301 3574 360 3630 hoc
383 3575 558 3647 specialiter
593 3575 630 3632 ad
656 3576 837 3634 instanciam
863 3576 960 3650 ipsius
983 3574 1132 3648 Stephani
1155 3589 1173 3631 a
1198 3580 1260 3631 tota
1286 3573 1507 3631 communitate

239 3695 296 3750 pro
321 3680 496 3736 testimonio
521 3682 781 3752 transmissorum,
806 3688 920 3739 terram
942 3697 1031 3738 suam
1048 3679 1259 3754 supradictam
1276 3679 1506 3737 conservacioni

241 3784 371 3856 predicti
395 3787 523 3858 capituli
547 3788 754 3858 zagrabiensis
778 3789 871 3845 simul
895 3804 966 3845 cum
991 3787 1058 3845 filio
1082 3801 1138 3843 suo
1162 3786 1297 3860 parvulo
1320 3784 1415 3843 modo
1438 3801 1507 3859 pre·

240 3891 355 3964 scripto
386 3892 560 3963 reliquisset
592 3901 622 3951 et
654 3893 828 3964 dimisisset,
857 3901 886 3952 et
922 3910 1016 3967 super
1048 3893 1107 3950 hoc
1142 3890 1298 3965 sepefatus
1333 3889 1507 3965 Stephanus

240 4005 342 4054 nostre
373 4000 541 4055 maiestatis
572 4016 754 4057 consensum
784 4001 908 4074 preberi
936 4000 1095 4057 humiliter
1119 3999 1291 4072 pecivisset.
1315 3996 1379 4055 Nos
1403 3997 1507 4070 itaque

240 4103 304 4158 eius
336 4104 385 4175 pie
416 4111 444 4162 et
476 4106 580 4162 votive
610 4106 755 4179 peticioni
789 4122 827 4163 ex
851 4107 1019 4163 clemencia
1043 4112 1072 4162 et
1096 4105 1210 4178 pietate
1233 4105 1318 4177 regia
1342 4110 1508 4161 annuentes

240 4215 269 4264 et
293 4209 419 4281 plenum
450 4226 631 4268 consensum
662 4212 742 4269 circa
774 4213 832 4268 hoc
865 4212 1054 4280 adhibentes,
1083 4210 1254 4284 predictam
1277 4209 1508 4267 ordinacionem

240 4315 336 4386 ipsius
360 4314 507 4389 Stephani
532 4318 560 4373 in
586 4317 695 4374 ultima
719 4318 878 4375 voluntate
902 4333 956 4374 sua
980 4317 1103 4386 tactam,
1126 4323 1235 4386 ratam,
1260 4314 1384 4372 firmam
1407 4321 1437 4371 et
1459 4330 1508 4372 ac·

240 4428 361 4492 ceptam
385 4422 532 4479 habentes
556 4424 736 4479 auctoritate
760 4423 844 4495 regia
869 4422 1099 4480 confirmamus.
1117 4421 1264 4479 Volentes
1284 4426 1317 4477 ut
1332 4419 1506 4495 sepefatum

241 4527 413 4598 capitulum
448 4529 645 4596 zaprabiense
676 4530 774 4602 ipsam
810 4536 924 4586 terram
957 4527 1104 4601 Stephani
1141 4527 1284 4600 superius
1317 4526 1508 4584 nominatam

241 4646 311 4687 cum
342 4633 487 4689 omnibus
518 4633 703 4691 utilitatibus
734 4638 764 4691 et
795 4633 990 4706 pertinenciis
1022 4634 1085 4690 suis
1116 4638 1146 4689 et
1176 4631 1235 4688 sub
1272 4629 1389 4688 eisdem
1412 4630 1508 4703 signis

242 4736 334 4793 metis
357 4743 386 4794 et
417 4739 556 4795 terminis
584 4739 697 4812 quibus
730 4739 859 4797 eandem
889 4738 988 4797 dictus
1012 4737 1187 4813 Stephanus
1210 4737 1325 4795 eteius
1348 4736 1508 4811 predeces-
