3488 5242
662 342 735 401 Doc.
759 351 825 420 217.
853 377 889 385 -
915 342 1085 421 An1349·
1439 361 1496 423 195

232 544 315 619 passi
339 543 492 612 iniuriam,
516 557 640 615 semper
663 549 766 599 tamen
790 542 898 615 previa
922 543 1052 600 racione.
1076 542 1168 614 Quod
1191 542 1217 600 si
1233 558 1272 600 ex
1287 541 1397 600 eodem
1413 543 1498 601 clero

232 651 302 722 quis
324 649 421 706 alium
446 665 484 705 ex
508 649 584 721 ipso,
608 647 702 704 modo
725 648 832 720 aliquo
855 664 893 705 ex
916 648 1085 721 premissis,
1109 646 1281 719 offenderit,
1305 664 1384 722 pene
1406 649 1498 707 unius

231 771 333 812 marce
356 762 386 812 et
409 770 441 811 se
465 753 632 823 vindicans,
656 759 691 810 ut
714 753 893 827 predicitur,
916 753 1018 810 medie
1041 768 1144 810 marce
1167 769 1203 811 eo
1227 755 1296 828 ipso
1323 754 1481 813 subiaceat
1489 773 1496 824 ;

232 877 364 934 quarum
389 861 506 918 solucio
537 860 603 916 sive
634 859 806 916 satisfaccio
835 859 873 917 de
904 859 1020 918 eisdem
1053 860 1165 916 debeat
1188 859 1327 933 expediri
1352 861 1447 918 modo
1470 867 1500 920 et

231 966 340 1025 ordine
362 967 557 1040 supradictis,
581 966 677 1023 salvis
701 982 825 1039 semper
854 966 941 1039 penis
972 966 1042 1023 aliis
1072 981 1091 1021 a
1121 966 1187 1024 iure
1220 965 1352 1040 proditis
1374 968 1406 1024 in
1429 984 1499 1042 pre·

231 1074 341 1131 missis.
365 1073 519 1129 Volumus
542 1078 655 1141 autem,
679 1078 713 1129 ut
736 1077 837 1129 custos
869 1072 1030 1144 utriusque
1062 1071 1263 1129 ecclesiarum
1287 1072 1498 1146 predictarum

232 1179 404 1235 soluciones
429 1195 465 1234 ex
489 1178 657 1251 premissis,
682 1184 785 1234 nostre
812 1193 934 1234 camere
957 1177 1086 1249 debitas,
1109 1185 1215 1235 nostro
1240 1179 1364 1236 nomine
1386 1179 1499 1237 debeat

231 1285 269 1343 ad
295 1302 327 1341 se
351 1286 497 1358 recipere,
522 1283 729 1357 dispensando
753 1285 916 1356 pecuniam
949 1299 987 1340 ex
1017 1284 1077 1341 hiis
1107 1285 1242 1341 solutam
1266 1300 1325 1358 pro
1347 1285 1498 1343 reforma-

231 1392 317 1448 cione
342 1391 495 1448 librorum
520 1392 570 1447 vel
595 1391 729 1448 aliomm
753 1390 932 1447 utensilium
956 1390 1095 1463 ipsarum
1112 1391 1311 1448 ecclesiarum
1335 1393 1422 1449 iuxta
1436 1391 1499 1449 ior·

230 1513 315 1555 mam
338 1498 435 1554 nostri
458 1497 604 1554 mandati.
629 1498 696 1553 lloc
718 1504 809 1554 cauto
833 1504 863 1553 et
886 1511 1041 1568 expresso,
1059 1496 1142 1568 quod
1158 1497 1184 1553 si
1200 1497 1269 1569 quis
1293 1514 1330 1554 ex
1354 1498 1497 1570 superius

229 1603 406 1675 designatis,
441 1604 631 1661 solucionem
663 1619 741 1677 pene
772 1617 865 1676 qnam
898 1601 1039 1659 debuerit
1070 1601 1150 1659 infra
1181 1602 1246 1660 dies
1274 1604 1383 1675 viginti
1406 1619 1424 1661 a
1447 1604 1497 1662 die

231 1710 317 1766 illate
341 1710 450 1767 iniurie
472 1726 533 1767 non
557 1708 664 1767 fecerit
680 1724 717 1766 eo
733 1708 827 1765 modo
850 1715 884 1764 ut
904 1708 1083 1782 predicitur,
1107 1716 1218 1766 extunc
1242 1710 1375 1768 vicarius
1391 1716 1495 1768 noster

230 1820 369 1873 teneatur
391 1817 492 1890 ipsam
516 1817 706 1873 solucionem
731 1815 869 1890 plenarie
901 1821 1085 1887 extorquere
1115 1815 1296 1885 abeodem,
1320 1822 1350 1873 et
1373 1817 1501 1890 insuper

233 1923 328 1994 possit
353 1928 382 1979 et
405 1922 516 1979 debeat
540 1923 649 1995 punire
672 1921 850 1978 huiusmodi
883 1927 1097 1978 contumacem
1128 1923 1309 1994 quemlibet,
1336 1921 1497 1995 gravando

233 2044 302 2085 eum
328 2029 486 2085 solucione
510 2027 686 2100 pecuniaria
713 2027 763 2083 vel
794 2027 857 2083 alio
889 2026 991 2096 modo,
1024 2031 1117 2100 prout
1143 2028 1203 2085 sibi
1227 2027 1385 2085 videbitur
1405 2043 1497 2101 expe·

230 2133 303 2190 dire.
328 2134 364 2190 Et
387 2141 421 2190 ut
444 2134 549 2190 nullus
572 2137 714 2206 pretextu
740 2134 915 2204 ignorancie
937 2149 970 2190 se
993 2134 1115 2190 racione
1139 2134 1364 2207 premissorum
1393 2134 1497 2191 valeat

231 2255 385 2309 excusare,
410 2246 567 2313 presentes
590 2240 621 2295 in
642 2240 711 2296 loco
735 2239 863 2312 publico
886 2240 1096 2306 sacristiarum
1120 2240 1329 2313 predictarum
1353 2240 1497 2298 ecclesia-

230 2360 299 2400 rum
324 2352 500 2402 nostrarum
523 2346 668 2402 iussimus
691 2344 826 2418 appendi
851 2361 909 2418 pro
933 2352 1073 2419 tempore
1096 2352 1280 2420 opportuno
1305 2347 1420 2403 Datum
1447 2346 1497 2403 die

230 2451 447 2508 terciodecimo
471 2453 585 2509 mensis
609 2451 724 2508 marcii.
752 2452 840 2507 Anno
864 2451 981 2509 domini
1006 2451 1172 2508 MCCCXL
1194 2457 1311 2509 octavo.

320 2589 340 2636 E
359 2589 429 2638 libro
449 2589 613 2638 Statutorum
633 2588 744 2653 capituli
763 2587 949 2652 zagrnbiensis,
969 2595 1037 2653 part.
1057 2588 1102 2637 IV.
1122 2604 1142 2637 c.
1165 2587 1267 2636 XXVI.
1286 2588 1361 2653 Joan.
1375 2587 1493 2637 Tkalcic‘.

230 2676 298 2725 Mon.
319 2676 377 2725 hist.
399 2676 477 2741 episc.
497 2677 601 2741 zagrab.
624 2675 656 2724 11.
676 2692 700 2740 p.
723 2685 778 2736 144.

824 2962 904 3029 217.

337 3122 413 3169 Anno
435 3129 509 3181 1349,
528 3134 551 3181 9.
571 3120 644 3185 Julii.
665 3119 817 3184 Zagrabiae.

247 3247 409 3318 &epitolam
433 3248 549 3320 zagrnb.
573 3248 794 3304 cnrrstitutr'onem
811 3248 921 3323 Jacobr'
946 3249 1068 3321 cpt'scopl
1087 3250 1205 3320 zagrab.
1229 3257 1329 3306 cotnra
1353 3250 1490 3322 litigiosos

699 3355 797 3421 lutam,
820 3355 1026 3411 transsummit.

321 3515 381 3572 Nos
405 3517 577 3588 capitulum
606 3517 813 3588 zagrabiensis
841 3517 975 3573 ecclesie.
1007 3515 1223 3588 Significamus
1244 3523 1350 3573 tenore
1373 3532 1497 3589 presen-

229 3622 312 3677 cium
336 3623 448 3693 quibus
472 3621 596 3695 expedit
613 3622 774 3692 universis,
791 3622 873 3695 quod
893 3637 973 3679 anno
989 3621 1107 3679 domini
1126 3621 1293 3678 MCCCXL
1312 3637 1401 3692 nonu,
1419 3621 1494 3679 feria

231 3728 336 3797 quinta
354 3728 495 3799 proxima
512 3733 581 3800 post
597 3733 722 3783 octavas
738 3726 807 3784 festi
823 3728 986 3784 beatorum
1004 3728 1085 3784 Petri
1109 3733 1138 3783 et
1160 3728 1248 3784 Pauli
1269 3728 1497 3801 apostolorum,

231 3832 420 3890 honorabilis
451 3835 500 3890 vir
529 3833 672 3890 dominus
702 3834 863 3916 Johannes=
896 3833 1129 3891 archidiaconus
1161 3833 1199 3889 de
1230 3832 1379 3903 Guerche,
1414 3850 1496 3890 nunc

231 3939 357 3995 ecclesie
380 3947 483 3997 nostre
506 3939 577 3996 sede
609 3946 736 3996 vacante
765 3941 795 3996 in
819 3940 1034 4014 spiritualibus
1056 3946 1086 3996 et
1109 3939 1335 4013 temporalibus
1360 3939 1495 3996 vicarius

230 4048 382 4116 generalis
411 4047 486 4103 iuris
518 4046 669 4103 beneficio
700 4061 757 4118 per
783 4061 838 4102 nos
862 4045 1035 4119 deputatus,
1059 4047 1089 4102 in
1113 4045 1208 4102 nostri
1244 4045 1402 4117 presencia
1426 4060 1495 4123 per-

231 4154 377 4210 sonaliter
409 4154 591 4210 constitutus
623 4153 754 4209 anobis
782 4152 882 4226 peciit,
906 4159 1056 4224 quatenus
1081 4157 1218 4208 tenorem
1242 4150 1402 4207 cuiusdam
1426 4165 1496 4207 con-

230 4259 399 4315 stitucionis
423 4259 503 4316 edite
526 4267 555 4315 et
579 4259 776 4331 promulgate
807 4274 864 4330 per
888 4258 1099 4315 venerabilem
1123 4263 1243 4331 patrem
1267 4255 1430 4313 domiuum
1445 4256 1496 4339 Ja-

230 4365 343 4420 cobum
366 4365 442 4421 olim
464 4365 592 4421 ecclesie
608 4371 711 4420 nostre
727 4364 908 4437 episcopum
925 4372 955 4420 et
971 4364 1126 4437 prelatum
1143 4362 1314 4420 faceremus
1330 4362 1494 4420 transcribi

230 4476 259 4525 et
283 4476 387 4527 nostro
411 4471 516 4542 sigillo
540 4471 720 4541 consignari.
744 4468 968 4541 Cuiusquidem
991 4475 1079 4526 tenor
1101 4469 1172 4525 talis
1193 4474 1253 4525 est:
1270 4461 1344 4546 (vid.
1360 4484 1406 4539 nr,
1425 4467 1494 4525 216.

230 4591 309 4632 anno
337 4576 428 4650 1348,
454 4591 500 4649 13.
526 4569 654 4652 marcii.)

318 4712 430 4762 Elibro
450 4712 614 4762 Statutorum
638 4711 749 4778 capituli
776 4710 961 4777 zagrabiensis,
984 4728 1008 4777 p.
1033 4711 1079 4760 IV.
1106 4725 1125 4759 e.
1153 4708 1256 4758 XXVI.
1282 4708 1357 4773 Joan.
1377 4707 1493 4760 Tkateie.

231 4798 299 4848 Mon.
319 4799 378 4848 hist.
400 4800 477 4864 episc.
498 4800 602 4865 zagrab.
623 4800 656 4850 11.
679 4810 735 4862 144

1376 4899 1391 4930 2
