3488 5242
656 303 729 360 Doc.
754 298 822 378 183.
851 336 885 344 —
905 303 961 360 An.
987 316 1074 380 1343.
1440 304 1495 363 161

235 407 546 415 —————--

236 502 439 574 leguminum,
472 502 509 558 ad
543 501 664 574 pondus
695 502 838 572 hominis
861 503 1050 575 recipiantur
1080 503 1200 575 singule
1224 501 1411 560 mensurelle
1434 501 1501 560 sive

236 609 419 671 metretelle.
443 609 521 664 sicut
545 608 603 664 luit
626 609 704 665 alias
727 612 915 665 consvetum.
939 608 1025 678 Item,
1050 608 1088 665 de
1111 608 1215 676 caseis,
1232 607 1270 665 de
1286 606 1446 674 fructibus,
1466 606 1505 664 de

238 712 312 783 filis,
337 714 375 770 de
399 715 462 770 lino
486 721 515 770 et
538 714 607 771 aliis
630 715 723 770 rebus
747 714 903 771 similibus
926 714 976 770 vel
995 713 1198 771 dissimilibus
1215 714 1245 771 in
1261 714 1437 770 substancia
1452 713 1505 771 vel

238 821 386 892 qualitate
411 822 540 878 tollatur
562 821 723 890 tributum,
747 821 826 884 sicut
850 820 908 878 tuit
931 821 1008 877 alias
1039 827 1227 878 consvetum.
1258 820 1343 890 Item,
1368 818 1406 877 de
1430 833 1505 892 quo·

240 928 315 984 libet
339 944 430 984 cunu
455 943 603 993 asserum,
627 943 705 983 unus
728 943 827 996 asser;
851 926 890 983 de
913 927 1055 999 quolibet
1078 942 1171 983 curru
1196 926 1389 999 plancarum,
1414 924 1505 983 dena·

236 1034 301 1090 rius
326 1035 376 1089 vel
407 1034 530 1102 obulus,
562 1039 689 1105 pensato
721 1033 827 1089 valore
858 1032 968 1090 talium
998 1031 1169 1089 secundum
1202 1032 1302 1089 maius
1333 1040 1362 1089 et
1392 1032 1503 1100 minus

238 1154 362 1211 semper
385 1139 492 1210 previa
516 1139 652 1206 racione;
676 1137 714 1194 de
738 1138 807 1194 aliis
831 1152 906 1195 vero
929 1137 1152 1209 lignaminibus
1180 1136 1217 1193 ad
1243 1135 1365 1194 edificia
1380 1151 1505 1209 compe·

237 1245 371 1299 tentibus
395 1244 443 1299 vel
469 1244 647 1300 necessariis
672 1243 711 1300 ad
735 1259 930 1316 quecumque
953 1242 1097 1300 utensilia
1121 1242 1259 1300 intranea
1282 1244 1334 1299 vel
1350 1249 1504 1310 extranea,

236 1348 273 1404 de
305 1350 434 1420 singulis
467 1350 617 1407 curribus.
641 1349 771 1418 obulus;
803 1350 938 1406 maxime
968 1365 1039 1406 cum
1069 1348 1248 1406 huiusmodi
1277 1348 1447 1422 lignamina
1470 1354 1505 1405 ut

237 1455 410 1527 plurimum
434 1455 473 1511 de
495 1456 608 1513 nostris
632 1455 720 1512 silvis
743 1454 901 1512 ducantur.
934 1455 1020 1525 Item,
1052 1455 1186 1527 quilibet
1213 1470 1302 1512 suam
1326 1456 1424 1512 vitam
1448 1454 1505 1512 du·

239 1577 309 1617 cens
334 1577 404 1617 curn
429 1561 535 1633 aliqua
553 1568 619 1618 arte
642 1561 693 1618 vel
717 1562 904 1633 magisterio
928 1561 993 1618 sive
1017 1562 1056 1618 sit
1087 1561 1266 1618 tabernator
1289 1566 1381 1634 potus
1404 1561 1504 1618 cuius·

219 1682 379 1738 cumque,
403 1668 469 1724 sive
493 1666 631 1739 pellifex,
655 1672 708 1724 aut
730 1666 909 1739 lucifigulus
940 1678 1011 1724 cum
1042 1667 1200 1724 similibus
1233 1673 1354 1724 tenetur
1382 1666 1504 1724 solvere

239 1787 298 1845 pro
321 1772 438 1829 tributo
462 1773 618 1829 annuatim
643 1772 681 1829 ad
707 1772 819 1829 festum
839 1773 1008 1829 nativitatis
1036 1771 1153 1830 domini
1185 1773 1323 1845 quinque
1354 1772 1503 1842 denarios,

241 1883 270 1933 et
294 1878 438 1935 similiter
460 1878 498 1935 ad
524 1878 637 1935 festum
661 1879 896 1935 resurreccionis
923 1877 1070 1948 eiusdem,
1094 1885 1125 1934 et
1148 1877 1257 1935 eodem
1280 1878 1375 1935 modo
1398 1877 1436 1934 ad
1462 1878 1505 1935 le·

239 1988 320 2040 stum
345 1984 428 2040 beati
451 1985 532 2055 regis
555 1983 719 2056 Stephani;
743 1985 814 2055 quia
837 1985 860 2040 si
885 1985 989 2055 alique
1013 2000 1070 2053 res,
1094 1985 1237 2058 superius
1261 1998 1321 2041 non
1350 1999 1504 2056 expresse,

238 2089 390 2146 ducantur
412 2089 628 2162 undecumque
659 2095 688 2146 et
720 2091 749 2147 in
782 2105 979 2162 quocumque
1002 2091 1177 2160 consistant,
1208 2090 1246 2147 de
1278 2090 1392 2162 quibus
1415 2091 1503 2163 quasi

238 2196 349 2266 ignotis
374 2211 434 2251 non
458 2197 654 2252 recolebatur
674 2196 826 2252 tributum
843 2195 937 2253 fuisse
952 2202 1121 2270 receptum,
1138 2196 1324 2269 quandoque
1348 2195 1386 2253 de
1409 2196 1503 2253 rebus

238 2301 414 2356 huiusmodi
440 2302 551 2372 ignotis
583 2302 633 2358 vel
666 2316 726 2358 non
757 2302 909 2358 consvetis
940 2302 1029 2357 valor
1059 2301 1229 2371 atendatur,
1261 2308 1290 2358 et
1323 2302 1366 2359 sic
1398 2303 1504 2359 habita

237 2407 433 2463 estimacione
457 2406 608 2479 condigna
637 2409 768 2477 comuni,
801 2423 873 2481 pars
903 2408 1069 2464 centesima
1099 2409 1267 2482 recipiatur
1298 2423 1355 2481 pro
1387 2408 1503 2466 tributo

237 2512 267 2567 in
292 2511 434 2572 denariis,
459 2512 705 2570 consideracione
729 2514 833 2570 habita
858 2513 974 2570 valoris
998 2513 1204 2582 denariorum,
1229 2523 1261 2570 ut
1285 2531 1395 2587 supra;
1425 2522 1455 2571 et
1479 2515 1503 2570 si

237 2617 368 2673 solventi
393 2617 605 2689 placue1·it.de
629 2618 766 2675 eiusdem
789 2620 882 2675 rebus
907 2627 1027 2691 partem
1051 2621 1250 2677 centesimam
1267 2621 1380 2677 nostris
1405 2621 1504 2677 tribu·

240 2723 324 2779 tariis
348 2724 496 2780 exsolvat.
531 2725 595 2781 lloc
626 2726 723 2780 eciam
756 2726 930 2794 asserimus,
962 2724 1046 2796 quod
1070 2726 1165 2782 nostri
1190 2725 1344 2783 tributarii
1367 2724 1504 2782 adinstar

238 2831 472 2886 tributariorum
498 2830 615 2887 domini
640 2832 735 2887 nostri
759 2832 841 2902 regis
872 2836 1000 2904 possunt
1032 2838 1061 2888 et
1091 2831 1212 2901 debent,
1236 2832 1291 2889 ubi
1315 2832 1359 2888 eis
1383 2847 1504 2889 necesse

239 2935 340 2997 fuerit.
365 2939 430 2993 sive
454 2939 483 2993 in
506 2945 609 2994 monte
633 2938 787 2999 Grecensi,
818 2940 884 2994 sive
916 2939 1001 3007 alias,
1026 2936 1164 3010 inpedire
1194 2953 1242 2994 res
1265 2943 1295 2993 et
1318 2938 1400 2994 bona
1423 2953 1504 2994 mer·

239 3050 386 3111 catorum,
411 3044 464 3114 qui
488 3045 531 3099 eis
555 3043 593 3100 ad
618 3043 766 3099 solvenda
791 3045 907 3100 tributa
934 3044 1121 3114 obligantur,
1146 3060 1207 3114 que
1230 3060 1267 3099 ex
1291 3044 1504 3116 superioribus

239 3150 415 3205 racionibus
437 3151 638 3222 approbatur.
664 3150 695 3205 ln
721 3151 945 3222 premissorum
961 3155 1065 3205 autem
1082 3149 1292 3206 testimonium
1310 3150 1504 3220 presentibus

240 3255 380 3324 sigillum
405 3263 543 3311 nostrum
571 3254 698 3311 lecimus
721 3256 821 3328 aponi.
846 3255 961 3312 Datum
987 3255 1016 3311 in
1039 3255 1156 3311 octavis
1181 3255 1354 3326 Epiphanie
1378 3255 1503 3312 domini.

236 3360 327 3415 Anno
351 3359 487 3416 ciusdem
515 3361 622 3416 llt't'tl
647 3360 885 3432 quadragesimo
907 3362 1010 3418 tercio.

327 3493 466 3558 Originnle
494 3494 519 3543 in
545 3496 703 3549 membrana.
724 3496 822 3558 absque
842 3496 940 3558 sigillo.
965 3495 994 3545 In
1014 3494 1114 3545 archiv.
1134 3511 1190 3545 ven.
1211 3495 1288 3560 capit.
1309 3495 1413 3559 zagrab.
1434 3495 1500 3545 Item

237 3581 334 3630 ibidem
356 3583 381 3630 in
401 3583 471 3632 libro
492 3586 618 3632 statutor.
639 3584 716 3648 capit.
733 3585 837 3647 zagrab.
853 3591 919 3648 part.
944 3584 971 3634 l..
992 3599 1047 3649 cap.
1067 3584 1129 3633 XII.
1143 3585 1216 3650 Joan.
1231 3583 1346 3632 Tkalcic'z
1361 3583 1429 3632 Mon.
1443 3582 1503 3633 hist.

236 3670 314 3733 episc.
329 3672 432 3734 zagralr.
449 3674 498 3719 vol.
515 3671 545 3719 ΙΙ.
562 3688 584 3735 ρ.
601 3682 642 3724 20.
654 3672 698 3720 ubi
715 3673 739 3721 in
754 3674 867 3737 prologo
882 3672 959 3721 huius
973 3672 1168 3722 constitutionis
1188 3672 1222 3721 ita
1235 3678 1357 3720 notatur:
1375 3671 1414 3720 De
1425 3672 1503 3721 modo

236 3758 384 3807 exaracionis
399 3759 559 3807 tributorum
575 3761 692 3824 capituli.
709 3791 738 3798 —
754 3761 895 3810 Tributum
911 3768 994 3810 totum
1012 3763 1141 3810 (irecense
1160 3777 1204 3810 seu
1224 3760 1400 3821 zagrabiense.
1415 3767 1504 3824 preter

237 3846 393 3894 tricesimam
414 3847 518 3895 domine
539 3849 629 3907 regine
643 3850 788 3912 Ilungarie,
802 3851 991 3911 quoquomodo
1010 3856 1125 3899 vocetur.
1144 3849 1292 3898 obtinemus
1306 3848 1332 3896 in
1346 3846 1501 3897 communi.“

827 4045 911 4111 183.

343 4189 417 4233 Anno
442 4194 513 4244 1343,
538 4195 574 4242 13.
595 4185 691 4235 martii.
713 4184 964 4248 Quinqueecclesiis.

243 4296 407 4371 capitulum
426 4295 709 4366 qutitqma'crlesri‘nse
728 4295 762 4350 dr
773 4296 925 4352 statutione
936 4296 1019 4367 capit.
1033 4295 1094 4350 eccl.
1106 4293 1223 4364 sopralr.
1237 4294 1267 4350 r'n
1279 4310 1360 4350 usum
1372 4293 1505 4349 tntnrunis

237 4401 391 4456 (sardonis
415 4401 484 4461 vrin'.
508 4400 588 4455 bladi
608 4408 636 4456 r!
656 4401 840 4456 diuinorum
855 4401 898 4457 ud
909 4409 1033 4458 rostram
1050 4399 1182 4463 Mnhud,
1203 4398 1308 4456 carolo
1326 4398 1505 4471 Hungare'ae

745 4515 792 4564 etc.
814 4508 879 4578 regi
899 4507 994 4581 refert.

326 4631 499 4703 Stephanus
531 4634 707 4705 prepositus
738 4633 1076 4706 quinqueecclesiensis.
1112 4632 1342 4704 colocensisque
1376 4631 1504 4688 ecclesie

238 4736 366 4793 ellectus
390 4744 419 4792 et
443 4738 615 4812 capitulum
648 4740 787 4797 eiusdem
821 4740 948 4797 ecclesie
978 4738 1317 4811 quinqueecclesiensis.
1351 4735 1504 4794 Omnibus

1365 4862 1394 4903 rr
