3488 5242
276 350 334 424 138
692 345 764 406 Doc.
788 343 855 422 156.
883 380 920 389 -
944 347 1000 404 An.
1025 360 1112 424 1532.

268 549 471 623 privilegium
503 546 583 605 dicte
615 549 748 605 civitatis
779 553 882 606 nostre
912 545 951 604 de
978 552 1082 604 moute
1105 546 1259 618 Grecensi,
1283 548 1440 605 continens
1463 548 1532 621 plu·

268 656 364 712 rimos
388 660 509 711 tenores
533 654 706 711 litterarum
728 670 846 727 regum,
871 653 1124 727 predecessorum
1147 660 1324 711 nostrorum
1345 662 1375 712 et
1390 655 1532 724 aliorum,

273 762 302 817 in
335 775 396 832 quo
427 760 641 833 principaliter
671 760 806 818 vidimus
837 761 993 830 contineri,
1025 760 1109 833 quod
1140 760 1265 818 domina
1296 761 1394 833 Nyda,
1425 762 1532 819 relicta

273 867 404 924 Gilionis
440 867 596 938 quondam
632 868 730 924 villici
764 868 979 940 zagrabiensis,
1013 867 1159 925 Nicolaus
1190 873 1219 924 et
1251 868 1439 938 Franciscus,
1474 867 1532 924 filii

268 971 415 1042 eiusdem,
439 971 568 1028 Nicolao
592 979 621 1029 et
645 972 766 1045 prefato
796 972 906 1042 Endre,
933 974 1014 1046 patri
1037 975 1134 1047 ipsius
1159 974 1324 1042 Michaelis
1350 973 1423 1030 filiis
1446 973 1532 1030 vide·

268 1077 339 1134 licet
363 1075 525 1148 Syrgirini,
550 1077 626 1134 duas
651 1079 751 1134 curias
784 1079 921 1152 ipsorum
945 1079 975 1135 in
999 1079 1080 1137 dicta
1104 1080 1227 1137 civitate
1251 1083 1355 1136 nostra
1378 1054 1532 1143 Grecensi,

269 1184 347 1239 inter
370 1184 471 1239 curias
494 1181 650 1256 Stephani,
674 1184 732 1241 filii
755 1185 912 1266 Johannis,
943 1201 1067 1243 murum
1092 1186 1184 1243 castri
1207 1191 1237 1242 et
1259 1187 1375 1243 curiam
1400 1185 1533 1242 fratrum

270 1288 503 1346 Predicatorum
539 1291 711 1360 existentes,
746 1305 815 1346 cum
851 1291 985 1363 pallacio
1020 1290 1157 1348 desolato
1191 1307 1227 1348 ac
1257 1292 1326 1348 aliis
1349 1290 1479 1348 edificiis
1503 1292 1532 1347 in

269 1395 385 1452 eisdem
410 1395 513 1452 sundis
533 1396 689 1452 curiarum
709 1396 890 1466 constitutis
906 1401 1046 1470 optentas
1066 1413 1122 1470 per
1143 1403 1348 1454 memoratum
1367 1395 1531 1468 Gylionem

269 1517 307 1558 ex
343 1508 430 1575 parte
465 1501 701 1574 magnificorum
737 1502 886 1572 virorum,
921 1502 1081 1561 videlicet:
1117 1502 1237 1560 Nicolai
1272 1503 1353 1573 bani,
1392 1503 1531 1572 magistri

269 1607 357 1664 Pauli
373 1613 402 1664 et
415 1605 562 1681 Stephani
579 1609 659 1679 bani,
672 1607 810 1665 filiorum
825 1607 971 1682 Stephani
988 1609 1146 1681 quondam
1162 1610 1234 1666 bani
1247 1609 1345 1666 tocius
1361 1607 1532 1677 Sclauonie,

272 1713 404 1785 receptis
427 1713 467 1769 ab
491 1714 566 1786 ipsis
589 1713 663 1770 filiis
693 1712 844 1786 Syrgirini
872 1715 1029 1786 sexaginta
1052 1715 1164 1772 marcis
1187 1714 1392 1784 denariorum,
1416 1713 1532 1791 eisdem

272 1818 346 1875 finis
369 1817 521 1890 Syrgirini
544 1824 696 1894 perpetuo
719 1821 749 1877 in
772 1819 855 1877 filios
881 1820 1018 1877 filiorum
1047 1820 1263 1877 vendidissent.
1294 1820 1330 1876 Et
1354 1819 1478 1876 tandem
1502 1820 1532 1877 in

270 1929 374 1981 tenore
398 1925 571 1982 litterarum
598 1926 728 1994 Andree,
745 1926 902 1998 quondam
926 1927 1016 1998 regis,
1039 1926 1175 1983 vidimus
1195 1926 1350 1996 contineri,
1368 1925 1450 1997 quod
1468 1941 1533 1982 ma-

270 2031 365 2101 gister
398 2030 521 2101 Paulus,
552 2031 637 2089 filius
668 2031 780 2104 prefati
812 2031 960 2105 Stephani
992 2032 1072 2101 bani,
1097 2031 1254 2104 quoddam
1278 2031 1434 2105 palacium
1459 2031 1533 2089 dicti

271 2134 418 2208 Stephani
442 2137 515 2194 bani
546 2138 643 2210 patris
674 2139 720 2195 sui
750 2145 781 2195 et
811 2154 867 2211 per
890 2153 1079 2210 consequens
1101 2153 1200 2207 suum,
1226 2143 1383 2209 tamquam
1409 2138 1455 2193 ius
1479 2153 1532 2209 pa·

272 2247 404 2313 ternum,
428 2244 561 2332 existens
584 2242 733 2314 Zagrabie
757 2245 786 2300 in
811 2250 915 2301 monte
938 2244 1093 2314 Grecensi,
1117 2243 1199 2315 quod
1224 2243 1328 2299 comiti
1352 2242 1460 2299 Hodus
1483 2258 1533 2299 co-

268 2352 361 2420 gnato
383 2363 439 2404 suo
463 2353 613 2422 perpetuo
637 2349 816 2419 contulerat,
839 2350 879 2406 ab
903 2350 1013 2407 eodem
1037 2349 1145 2407 Hodus
1168 2365 1225 2422 pro
1249 2350 1430 2406 concambio
1458 2365 1532 2422 qua-

266 2452 411 2510 rumdam
446 2455 674 2526 possessionum
709 2471 844 2525 suarum,
876 2455 1021 2512 videlicet
1056 2455 1214 2526 Polkyma,
1245 2456 1275 2512 in
1312 2456 1459 2512 comitatu
1495 2454 1533 2511 de

269 2559 393 2628 Borsad‚
419 2560 490 2616 item
524 2559 638 2631 Bulren,
669 2561 761 2632 Myxe
784 2568 814 2618 et
837 2561 946 2634 Gyurlr
978 2568 1167 2632 vocatarum,
1191 2562 1222 2618 in
1246 2561 1393 2618 comitatu
1417 2560 1454 2617 de
1477 2559 1533 2617 Ζο-

269 2665 371 2722 bouch
404 2666 613 2735 existencium,
637 2667 830 2724 rehabuisset
856 2674 886 2725 et
909 2669 1082 2741 recepisset,
1105 2675 1135 2724 et
1158 2668 1259 2740 ipsum
1285 2667 1453 2740 pallacium
1479 2683 1534 2740 per

269 2771 399 2829 modum
422 2773 594 2829 concambii
618 2774 649 2830 in
672 2789 763 2829 suum
786 2774 834 2830 ius
857 2774 966 2830 iterato
990 2773 1173 2830 devolutum
1192 2772 1313 2846 prefato
1329 2772 1456 2844 Gylioni
1472 2773 1532 2829 civi

267 2875 413 2934 Grecensi
436 2878 477 2933 ob
502 2879 611 2934 merita
641 2879 842 2936 serviciorum
873 2894 1000 2935 suorum
1032 2885 1061 2935 et
1084 2880 1404 2952 recompensacionem
1428 2894 1532 2935 rerum

267 2998 394 3039 suarum
426 2984 485 3040 sibi
516 2990 545 3039 et
577 2982 733 3057 Stephano
765 2984 854 3055 bano,
887 2983 975 3041 fratri
999 3000 1063 3054 sun,
1089 2985 1118 3040 in
1144 2984 1322 3040 necessitate
1346 2999 1453 3040 eorum
1477 2999 1533 3055 per

267 3090 369 3161 ipsum
402 3089 567 3160 Gylionem
599 3090 740 3146 datarum
772 3097 801 3147 et
825 3092 1045 3163 expositarum,
1070 3090 1169 3147 eidem
1194 3066 1320 3160 Gylioni
1344 3089 1479 3146 dedisset
1503 3096 1532 3145 et

269 3193 411 3251 donasset
442 3204 593 3267 perpetuo
625 3197 653 3252 in
679 3195 761 3252 filios
784 3196 920 3253 tiliorum
946 3212 1072 3252 suorum
1096 3203 1125 3252 et
1148 3196 1284 3265 heredes,
1309 3195 1390 3251 dicto
1414 3195 1532 3264 Hodus,

271 3299 424 3370 Ladislao,
460 3300 526 3357 tilio
559 3301 704 3372 eiusdem,
736 3318 771 3358 ac
801 3301 927 3372 Bricci0,
951 3301 1017 3358 filio
1041 3302 1171 3371 Andree,
1196 3302 1254 3375 ipsi
1278 3301 1438 3357 donacioni
1463 3316 1533 3357 con·

272 3421 393 3461 sensum
426 3407 628 3478 prebentibus
659 3413 689 3463 et
717 3423 884 3477 assensum,
916 3414 1008 3479 prout
1032 3407 1089 3463 hoc
1113 3415 1199 3463 tenor
1224 3408 1395 3463 litterarum
1420 3406 1532 3479 prefati

268 3509 376 3566 Hodus
401 3513 581 3569 continebat.
599 3512 700 3569 Tenor
718 3514 815 3570 eciam
833 3514 1005 3570 litterarum
1023 3513 1118 3584 ipsius
1135 3513 1275 3582 magistri
1291 3512 1386 3580 Pauli,
1400 3511 1458 3567 tilii
1471 3510 1536 3568 Ste-

269 3617 365 3689 phani
399 3618 470 3674 bani
502 3617 689 3689 declarabat,
721 3619 803 3691 quod
834 3620 900 3692 ipse
931 3619 1077 3690 magister
1111 3618 1223 3673 Paulus
1247 3617 1415 3690 pallacium
1441 3633 1533 3673 suum

270 3721 441 3793 predictum
474 3724 504 3780 in
535 3723 686 3795 Zagrabia
709 3726 738 3781 in
771 3733 874 3782 monte
898 3726 1017 3783 Gerech
1042 3725 1191 3794 habiturn,
1216 3740 1273 3797 pro
1298 3723 1437 3797 predicto
1461 3739 1531 3780 con-

269 3828 391 3884 cambio
415 3829 455 3885 ab
486 3830 554 3901 ipso
583 3830 691 3887 Hodus
718 3836 906 3901 revocatum,
938 3847 1008 3888 cum
1041 3831 1185 3888 omnibus
1208 3830 1393 3887 utilitatibus
1417 3831 1480 3886 suis
1503 3838 1532 3886 et

269 3934 464 4007 pertinenciis
497 3936 647 3992 universis
679 3937 738 4010 ipsi
769 3936 895 4008 Gylioni
924 3944 1075 4010 perpetuo
1106 3937 1292 3992 contulisset.
1325 3935 1427 3992 Tenor
1458 3952 1532 3992 vero

271 4040 445 4097 litterarum
470 4042 656 4098 serenissimi
680 4043 828 4116 principis
852 4042 969 4099 domini
993 4042 1136 4111 Ladislai,
1162 4042 1248 4114 olym
1269 4043 1349 4113 regis
1366 4042 1533 4114 Hungarie,

269 4144 373 4202 fratris
395 4148 499 4209 nostri.
524 4149 727 4218 exprimebat,
762 4148 843 4221 quod
869 4149 1013 4205 Nicolaus
1037 4150 1143 4220 banus,
1171 4148 1256 4205 filius
1278 4147 1424 4220 Stephani
1451 4149 1532 4218 bani,

269 4257 332 4306 tam
364 4266 422 4323 pro
453 4269 493 4320 se,
526 4268 618 4323 quam
650 4269 707 4326 pro
739 4255 887 4325 magistro
916 4255 1022 4323 Paulo,
1054 4255 1148 4311 tratre
1175 4270 1239 4322 suo,
1264 4255 1294 4310 in
1318 4255 1383 4310 eius
1407 4270 1532 4326 compa·

270 4356 365 4412 rendo
397 4359 563 4430 presencia,
598 4359 765 4431 pallacium
794 4376 899 4416 eorum
932 4360 1105 4417 desolatum
1137 4361 1166 4417 in
1198 4367 1298 4416 castro
1326 4361 1398 4416 novi
1420 4361 1533 4415 montis

270 4461 432 4520 Grecensis
464 4464 613 4534 habitum,
645 4465 909 4536 quemadmodum
937 4465 1110 4538 Stephanus
1133 4468 1239 4534 banus
1265 4465 1359 4522 t'rater
1383 4467 1532 4538 ipsorum.

271 4569 376 4626 comiti
412 4568 537 4642 Gylioni
568 4569 725 4642 sepedicto
757 4572 943 4642 contulisset,
975 4573 1018 4628 sic
1051 4578 1080 4628 et
1104 4572 1163 4644 ipsi
1191 4587 1228 4627 ex
1252 4571 1455 4643 permissione
1478 4587 1532 4627 sue

271 4674 355 4745 regie
387 4675 616 4748 magnitudinis,
648 4676 751 4749 ipsum
782 4676 952 4750 pallacium
984 4677 1065 4736 dicto
1093 4677 1218 4751 Gylioni
1241 4678 1441 4735 contulissent
1465 4693 1533 4751 per·

272 4785 365 4851 petuo
389 4780 611 4855 possidendum
638 4781 789 4839 heredum
815 4799 941 4842 suorum
965 4799 1022 4857 per
1044 4783 1180 4842 heredes.
1212 4783 1300 4843 Unde
1323 4799 1387 4855 nos,
1419 4784 1533 4857 quiex
