3488 5242
263 355 325 415 m
677 333 1101 415 Qm-Mw

261 538 345 597 filius
362 540 450 597 Pauli
465 549 496 597 et
511 540 590 596 alter
605 539 769 622 johannes,
786 537 870 596 filius
884 538 993 622 Jacobi
1010 554 1045 596 ac
1061 539 1176 608 Petrus
1190 538 1274 596 filius
1290 537 1442 611 Gregorii,
1458 553 1528 596 con-

260 646 333 703 dam
350 645 473 717 iudices,
489 646 634 716 civesque
650 645 783 702 civitatis
799 645 913 702 montis
926 644 1110 702 Grechensis
1125 644 1164 702 <le
1176 644 1327 717 Zagrabin
1343 645 1372 702 in
1388 645 1526 718 ipsorum

260 759 290 809 et
309 753 525 809 universorum
548 751 665 808 civium
687 765 723 809 ac
745 751 843 808 tocius
866 750 1096 808 communitatis
1119 749 1157 808 de
1181 749 1288 807 eadem
1317 751 1464 823 personis,
1487 749 1525 806 ad

260 865 397 915 nostram
421 858 625 930 personaliter
647 855 798 913 veniendo
823 856 1023 930 presenciam,
1043 856 1230 924 Ladislaum
1254 855 1354 913 lilium
1372 855 1527 912 Valentini

260 964 299 1021 de
315 964 483 1021 lomnicha
498 968 528 1019 et
543 963 738 1034 Gregorium
763 961 864 1019 tilium
890 962 1021 1028 Martini,
1037 961 1154 1019 dictum
1175 961 1311 1027 Hrelich‚
1328 960 1459 1018 condarn
1476 975 1525 1017 co·

262 1071 351 1126 mites
374 1074 533 1126 terrestres
553 1068 592 1125 tle
609 1083 721 1140 campo
743 1067 942 1139 zagrabiensi‚
967 1082 1082 1123 necnon
1109 1067 1248 1137 Paulum,
1272 1066 1374 1123 filium
1400 1064 1479 1122 Petri
1497 1073 1527 1121 et

261 1175 432 1244 Nicolaum,
445 1174 547 1231 filium
562 1173 680 1230 Nicolai
693 1189 763 1231 cum
778 1188 886 1231 eorum
904 1173 1051 1230 fratribus
1068 1174 1218 1230 universis
1230 1187 1334 1229 coram
1347 1172 1437 1229 nobis
1450 1171 1526 1228 facie

260 1281 298 1337 ad
323 1280 433 1338 faciem
450 1286 597 1353 repertos,
611 1294 726 1336 necnon
740 1278 930 1351 Stephanum
946 1285 974 1336 et
992 1278 1179 1346 ladislaum,
1196 1278 1278 1336 lilios
1292 1277 1525 1346 Benedicti,filii

260 1387 379 1443 Lucasii
401 1401 437 1443 ac
460 1385 655 1457 Gregorium
679 1384 781 1442 filium
816 1385 985 1456 Mychaelis
1008 1384 1047 1442 de
1071 1384 1155 1441 Odra
1177 1401 1213 1441 ac
1237 1385 1360 1441 Petrum
1383 1390 1413 1441 et
1437 1383 1527 1441 Nico-

260 1493 354 1562 laum,
378 1491 460 1548 filios
485 1491 603 1548 Nicolai
626 1490 664 1547 de
689 1491 788 1547 Mlaca
810 1505 846 1546 ac
867 1490 946 1546 alios
976 1489 1133 1562 quoslibet
1163 1490 1203 1546 ab
1227 1467 1523 1563 ulteriori-occupa·

260 1599 355 1669 cione‚
387 1598 591 1670 usurpacione
614 1602 644 1653 et
667 1595 847 1654 detencione
870 1610 1045 1668 usuumque
1074 1610 1110 1652 ac
1141 1594 1299 1653 fructuum
1321 1600 1352 1653 et
1376 1611 1523 1668 quarum-

260 1704 336 1760 libet
359 1704 490 1760 aliarum
515 1702 684 1759 utilitatum
708 1700 914 1774 quarumdam
940 1701 1168 1774 possessionum
1192 1707 1222 1757 et
1246 1701 1427 1774 porcionum
1452 1716 1522 1775 pos-

259 1809 512 1866 sessionariarum
542 1822 649 1864 eorum
684 1807 845 1865 Petrouina
877 1813 906 1864 et
937 1807 1077 1863 llrascha
1103 1812 1282 1876 vocatarum
1314 1807 1525 1880 percepcione,

259 1915 288 1971 in
312 1913 497 1986 easdemque
520 1930 552 1968 se
576 1913 802 1970 intromissione
824 1919 855 1969 et
878 1911 1000 1969 easdem
1025 1912 1084 1968 sibi
1105 1912 1341 1985 perpetuacione
1367 1911 1445 1994 tacta
1469 1912 1519 1968 vel

259 2018 406 2089 facienda,
432 2019 657 2092 prohibuerunt
679 2016 917 2076 contradicendo
940 2024 970 2075 et
993 2017 1244 2075 contradixerunt
1275 2017 1443 2076 inhibendo
1474 2033 1523 2075 co·

257 2139 325 2181 ram
351 2125 448 2194 nobis,
473 2124 648 2180 testimonio
676 2123 869 2196 presencium
902 2121 1062 2179 mediante.
1098 2122 1257 2179 Presentes
1288 2129 1391 2179 autem
1411 2123 1523 2195 sigillis

258 2231 370 2288 nostris
393 2229 581 2300 absentibus,
604 2229 709 2301 sigillo
741 2229 880 2300 magistri
911 2230 1032 2286 Martini
1067 2230 1143 2286 Ders
1176 2230 1316 2287 vicebani
1343 2236 1373 2286 et
1397 2232 1519 2287 comitis

259 2338 354 2394 nostri
378 2336 585 2407 zagrabiensis
607 2334 736 2392 fecimus
759 2335 939 2406 consignari.
962 2335 1077 2393 Datum
1101 2335 1258 2406 Zagrabie‚
1281 2337 1309 2393 in
1327 2335 1406 2393 festo
1421 2345 1523 2394 sancte

260 2443 425 2500 Trinitatis
452 2443 539 2498 Anno
563 2440 679 2497 domini
704 2441 813 2497 MCCC
833 2443 1032 2514 nonagesimo
1056 2444 1171 2514 quinto.

347 2576 488 2642 Originale
507 2576 533 2625 in
552 2575 649 2624 charta.
669 2576 793 2640 Sigillum
812 2591 827 2625 a
847 2582 922 2642 tergo
936 2577 1100 2642 impressum,
1119 2577 1226 2627 decidit.
1241 2577 1270 2626 In
1283 2578 1393 2629 archivo
1407 2579 1453 2628 lib.
1468 2594 1522 2644 reg-
1613 2648 1615 2652 Ι

260 2665 331 2716 civit.
352 2664 536 2730 zagrabiensis.

846 2881 934 2949 376.

345 3023 421 3070 Anno
444 3028 516 3079 1305.
539 3018 851 3085 10.Junii.Zagrabiae.

265 3147 427 3222 Capitulum
458 3147 574 3219 narrati.
606 3149 757 3204 nonnullos
787 3148 900 3217 nabiles,
930 3149 983 3222 qui
1009 3149 1162 3207 stertuttimr'
1190 3150 1337 3207 crriusdam
1354 3152 1521 3224 particulae

255 3263 351 3312 terrac
364 3254 470 3311 ciuibus
492 3252 699 3310 Grechennlns
707 3254 811 3328 suclnc
834 3254 1077 3322 contradixerant,
1106 3255 1148 3311 ad
1170 3256 1304 3312 riulr'ct'um
1321 3258 1425 3313 banule
1440 3259 1517 3314 catut.

348 3415 510 3488 Magnihco
534 3416 601 3472 viro
617 3415 743 3473 domino
760 3417 884 3474 Detrico
902 3416 1015 3486 Bubeln
1032 3417 1117 3488 regni
1134 3417 1295 3475 Sclauonie
1313 3419 1402 3484 banc,
1419 3420 1519 3476 amico

257 3537 366 3578 eorum
390 3521 577 3590 honorando
602 3521 771 3593 capitulum
795 3523 922 3579 ecclesie
953 3522 1159 3594 zagrabiensis
1182 3523 1354 3580 amiciciam
1379 3531 1518 3596 paratam

258 3643 328 3684 cum
353 3627 477 3683 honore.
502 3625 630 3683 Noverit
654 3636 757 3684 vestra
780 3627 1015 3699 magnificentia,
1040 3626 1121 3700 quod
1147 3644 1218 3684 cum
1242 3643 1297 3683 nos
1321 3629 1405 3684 iuxta
1426 3630 1520 3685 conti·

256 3734 378 3790 nencias
404 3733 578 3788 litterarum
601 3733 786 3790 serenissimi
809 3733 958 3806 principis
981 3732 1099 3790 domini
1122 3733 1321 3805 Sigismundi,
1347 3733 1395 3791 dei
1412 3737 1515 3806 gracia

258 3838 459 3895 illustrissimi
475 3838 556 3909 regis
577 3838 742 3907 Hungarie
758 3838 927 3909 Dalmacie‚
943 3839 1070 3895 Croacie
1085 3846 1139 3896 etc.
1157 3840 1405 3911 marchionisque
1427 3840 1520 3897 Bran-

256 3943 500 4015 demburgensis,
517 3949 571 3999 etc.
589 3943 706 4000 domini
723 3945 817 4000 nostri
834 3945 983 4000 naturalis
999 3945 1320 4015 reambulatoriarum‚
1338 3947 1446 4002 maiori
1464 3963 1520 4003 suo

256 4050 361 4121 sigillo
374 4049 590 4120 sigillatarum
604 4064 661 4120 pro
673 4048 781 4110 iudice.
798 4050 905 4106 iuratis
922 4058 952 4106 et
964 4050 1114 4106 universis
1127 4051 1247 4107 civibus
1260 4052 1392 4108 civitatis
1407 4054 1520 4111 montis

257 4154 440 4212 Grechensis
465 4161 676 4210 emanaturum
706 4155 857 4226 nobisque
880 4155 1076 4223 directarum,
1100 4171 1231 4212 unacum
1262 4155 1426 4230 Stephane,
1454 4157 1520 4216 filio

256 4260 362 4318 Chmlr
385 4260 434 4328 de*
448 4260 611 4329 Koznicha,
635 4261 759 4317 homine
784 4261 878 4333 regio,
896 4261 926 4317 in
942 4261 1157 4318 dictis'litteris
1173 4262 1424 4319 reambulatoriis
1441 4263 1520 4320 inter

256 4367 334 4423 alios
364 4366 504 4423 homines
533 4367 634 4437 regios
665 4366 855 4439 conscriptos
886 4382 1029 4440 expresse
1055 4367 1221 4436 nominato,
1245 4372 1384 4423 nostrum
1421 4369 1519 4425 homi·

256 4488 336 4541 men,
368 4471 512 4528 videlicet
543 4472 756 4528 honorabilem
787 4478 817 4528 et
843 4470 1009 4529 discretum
1034 4471 1136 4529 virum
1161 4470 1322 4528 dominum
1345 4472 1517 4554 Johannem

257 4579 423 4644 lanceloti
446 4578 564 4634 socium
587 4582 617 4634 et
640 4578 879 4635 concanonicum
903 4585 1042 4635 nostrum
1066 4578 1105 4634 ad
1130 4577 1358 4650 infrascriptam
1375 4580 1519 4636 reambu-

255 4683 406 4742 lacionem
424 4683 596 4740 faciendam
620 4688 725 4740 nostro
748 4699 806 4757 pro
822 4684 998 4742 testimonio
1018 4685 1292 4741 transmisissemus
1309 4683 1518 4757 fidedignum;

256 4790 309 4863 qui
333 4789 534 4867 postmodum
558 4789 597 4846 ad
620 4804 675 4847 nos
699 4790 823 4860 reversi,
845 4791 936 4848 nobis
952 4789 1144 4848 concorditer
1161 4790 1339 4852 retulerunt.
1356 4790 1440 4864 quod
1456 4791 1517 4867 ipsi
