3488 5242
666 336 739 393 Doc.
762 347 829 412 257.
858 369 894 379 —
919 335 1085 414 An.1375·
1449 358 1507 421 245

249 533 338 589 nobis
362 538 392 589 et
415 533 542 591 ecclesie
566 544 669 592 nostre
693 534 811 609 prefate
834 537 996 607 subiectos
1020 537 1242 610 cuiuscumque
1257 544 1354 595 status
1370 540 1420 595 vel
1438 556 1510 598 con-

247 636 375 695 dicionis
398 637 530 695 existant
542 639 681 696 homines
697 656 754 713 pro
766 640 846 698 dicte
859 641 1110 716 deprehensionis
1121 658 1212 700 causa
1228 643 1409 715 certificetis,
1426 645 1509 717 quod

247 743 285 800 de
309 748 410 801 cetero
433 745 522 801 nobis
545 761 600 802 nec
615 746 713 803 eciam
737 749 848 805 nostris
872 749 1120 821 quibuscumque
1144 749 1322 807 hominibus
1341 751 1428 807 nulla
1444 767 1510 810 mo·

248 850 335 907 lestia
359 866 410 906 seu
434 866 601 922 gravamen
626 853 750 910 oriatur.
775 852 917 922 scientes,
941 869 997 911 nos
1021 855 1156 911 multum
1180 855 1296 926 mirari,
1320 856 1402 928 quod
1420 858 1509 914 nobis

247 970 305 1028 pro
328 956 506 1014 huiusmodi
530 956 609 1014 facto
635 958 814 1016 litteratorie
830 960 924 1017 nichil
949 960 1121 1030 intimastis,
1145 962 1289 1032 quamvis
1305 967 1407 1019 tamen
1422 964 1511 1021 inviti

247 1060 417 1118 viderimus
440 1077 496 1118 vos
519 1069 571 1119 aut
597 1056 690 1120 unum
715 1064 753 1121 de
776 1067 997 1123 communitate
1021 1072 1124 1123 vestra
1148 1081 1204 1139 per
1226 1067 1366 1124 homines
1389 1076 1508 1126 nostros

248 1167 373 1223 turbare
397 1184 450 1224 seu
475 1168 505 1224 in
528 1184 686 1242 quoquam
710 1171 876 1229 molestari.
893 1172 1007 1228 Datum
1025 1170 1216 1246 Strazzburg‚
1233 1179 1333 1230 castro
1349 1179 1462 1244 nostro,
1478 1175 1509 1232 in

247 1272 355 1343 vigilia
381 1272 479 1330 Pasce.
502 1275 592 1331 Anno
615 1274 732 1333 domini
757 1277 925 1335 millesimo
950 1279 1163 1335 trecentesimo
1187 1279 1269 1335 LXX
1293 1280 1408 1352 quinto

336 1407 476 1473 Originale
496 1409 523 1458 in
540 1410 637 1459 charta.
658 1413 681 1459 Α
702 1417 777 1477 tergo
797 1411 954 1477 impressum
973 1419 1011 1462 est
1031 1412 1157 1478 sigillum.
1178 1413 1190 1463 l
1207 1413 1306 1464 archiv.
1320 1416 1400 1463 Acad.
1415 1415 1509 1465 Scient.

247 1494 315 1544 Slav.
336 1496 427 1545 merid.

835 1694 918 1761 257.

353 1835 428 1883 Anno
450 1842 525 1891 1375,
545 1845 585 1894 24.
606 1835 707 1899 aprilis.
728 1833 757 1883 In
776 1834 914 1900 Visegrad.

246 1958 409 2015 ludovicus
432 1961 608 2033 Hungariae
632 1968 680 2018 etc.
706 1980 767 2029 rex,
794 1963 981 2034 possessiones
1009 1963 1147 2020 Paolis'ae
1176 1964 1277 2020 iudicis
1306 1965 1367 2021 sine
1391 1963 1512 2022 haerede

246 2063 351 2133 donati,
374 2084 448 2139 quus
475 2066 644 2140 quibusdam
674 2067 807 2123 Andreae
836 2075 865 2123 ct
893 2067 988 2142 Elyac
1016 2068 1184 2137 ‹latraverae
1215 2071 1336 2143 inspecto
1352 2071 1510 2144 privilegio

404 2171 521 2230 ct'vitalt'
540 2190 673 2240 concesso,
696 2172 806 2229 easdem
828 2175 1027 2230 corninum'tati
1051 2174 1247 2247 disponendos,
1270 2175 1349 2233 cedit.

336 2332 397 2388 Nos
420 2332 591 2390 Lodouicos
615 2332 663 2390 dei
687 2335 792 2406 gracia
815 2350 869 2391 rex
900 2335 1065 2407 Hungarie‚
1097 2336 1232 2406 Polonie‚
1263 2336 1424 2394 Dalmacie
1455 2342 1509 2395 etc.

247 2438 394 2494 liemorie
417 2438 667 2496 commendantes
691 2445 795 2497 tenore
813 2441 1005 2513 presencium
1030 2440 1241 2512 significamus
1257 2442 1370 2513 quibus
1386 2442 1511 2515 expedit

247 2544 405 2614 universis,
430 2543 512 2616 quod
537 2544 608 2601 licet
631 2560 686 2602 nos
710 2544 750 2601 ad
772 2545 984 2603 humillimam
1007 2547 1271 2620 supplicacionem
1295 2563 1369 2618 ymo
1403 2548 1510 2621 pocius

248 2649 428 2721 peticionem
463 2651 658 2724 inportunam
692 2650 813 2708 Andree
844 2652 980 2721 litterati,
1015 2650 1073 2708 filii
1110 2651 1231 2722 Mathei,
1267 2652 1344 2709 civis
1377 2653 1510 2710 civitatis

246 2760 348 2810 nostre
376 2756 590 2827 zagrabiensis,
622 2757 706 2813 curie
730 2763 832 2814 nostre
855 2757 974 2828 notarii,
992 2772 1049 2830 pro
1072 2757 1169 2829 ipsius
1192 2757 1330 2814 serviciis
1354 2756 1510 2830 quandam

246 2859 374 2916 domum
399 2861 474 2917 olim
510 2862 614 2919 Paulis
638 2862 747 2920 iudicis
778 2863 911 2920 civitatis
934 2867 1037 2919 nostre
1060 2861 1221 2920 Grecensis
1245 2861 1283 2919 de
1305 2861 1456 2934 Zagrabia
1479 2864 1511 2921 in

246 2966 353 3023 eadem
386 2968 510 3025 civitate
541 2967 695 3041 Grecensi,
728 2970 807 3027 inter
837 2968 946 3026 domos
980 2971 1084 3026 Manen
1116 2975 1146 3025 et
1175 2969 1252 3026 olim
1280 2968 1413 3027 Simonis
1437 2968 1510 3026 dicti

245 3070 410 3143 Scrinicha‚
441 3074 555 3132 civium
580 3074 660 3132 dicte
684 3076 817 3133 civitatis
840 3076 1055 3148 zagrabiensis,
1078 3083 1147 3132 ante
1171 3074 1253 3132 fores
1277 3075 1404 3131 ecclesie
1428 3076 1510 3132 beati

246 3181 350 3250 llarcy
374 3180 563 3253 evangeliste
586 3182 616 3237 in
641 3198 696 3238 suo
722 3182 856 3239 vicinatu
880 3182 1028 3252 habitam,
1057 3181 1223 3238 simulcum
1247 3181 1344 3237 vineis
1367 3185 1397 3237 et
1421 3181 1510 3237 terris

246 3285 418 3342 arabilibus
442 3285 518 3342 olim
542 3286 616 3344 dicti
641 3287 744 3344 Paulis
771 3286 871 3344 eidem
897 3286 1019 3344 Andree
1044 3287 1178 3344 litterato
1204 3290 1331 3359 propter
1355 3284 1510 3343 defectum

247 3391 384 3464 prolium
407 3392 504 3464 ipsius
530 3392 640 3462 Paulis,
662 3393 700 3449 ad
725 3398 862 3450 nostram
887 3395 1078 3450 maiestatem
1095 3391 1222 3449 devolvi
1245 3397 1274 3449 et
1298 3396 1400 3448 nostre
1416 3391 1511 3447 colla-

247 3497 330 3558 cion't
349 3496 415 3553 fore
439 3499 592 3570 pertinere
615 3500 777 3556 asserentis
800 3505 830 3556 et
853 3515 909 3572 per
933 3514 1004 3555 eum
1020 3499 1104 3570 Elye,
1122 3496 1209 3555 fratri
1226 3511 1291 3567 suu,
1308 3497 1511 3569 ipsorumque

245 3603 411 3660 heredibus
443 3610 472 3661 et
505 3605 736 3678 posteritatibus
768 3605 918 3662 universis
947 3609 1099 3678 perpetuo
1126 3602 1303 3660 dederimus
1326 3603 1385 3658 sub
1407 3602 1510 3660 condi·

246 3710 385 3766 sionibus
409 3717 438 3766 et
463 3712 561 3784 pactis
585 3711 614 3767 in
639 3711 709 3767 aliis
735 3710 845 3768 litteris
868 3710 980 3767 nostris
1003 3708 1171 3766 donatoriis
1194 3709 1379 3781 expressatis
1413 3710 1510 3780 possi·

246 3813 369 3871 dendas.
386 3815 502 3872 Tamen
519 3817 592 3889 quia
611 3816 734 3874 tandem
752 3832 807 3873 nos
822 3832 860 3873 ex
882 3822 986 3873 tenore
1003 3816 1160 3889 privilegii
1176 3814 1306 3872 condam
1324 3813 1510 3871 serenissimi

245 3927 275 3976 et
297 3921 453 3993 magnifici
485 3924 634 3996 principis
665 3922 782 3980 domini
810 3922 890 3992 Bele,
913 3922 990 3979 olim
1024 3921 1121 3979 incliti
1145 3921 1226 3992 regis
1250 3920 1415 3992 Hungarie,
1440 3935 1510 3992 pro·

245 4027 330 4084 thavi
362 4032 391 4084 et
424 4027 649 4101 predecessoris
680 4029 777 4085 nostri
810 4029 969 4099 carissimi,
1000 4026 1154 4085 laudande
1185 4025 1419 4095 recordacionis,
1455 4041 1510 4098 per

245 4133 538 4207 serenissimumque
569 4134 743 4208 principem
778 4133 909 4191 condam
937 4133 1099 4190 dominum
1123 4132 1274 4189 Karolum
1298 4130 1443 4189 similiter
1466 4131 1510 4188 in·

245 4239 354 4296 clitum
386 4255 489 4312 regem
522 4241 688 4313 lIungarie,
720 4241 891 4312 genitorem
922 4245 1062 4297 nostrum
1093 4238 1297 4307 carissimum,
1326 4236 1424 4294 felicis
1446 4252 1510 4293 me·

246 4346 352 4416 morie,
376 4352 406 4402 et
429 4346 553 4404 tandem
578 4362 633 4419 per
656 4351 793 4403 nostram
824 4346 1020 4403 serenitatem
1042 4343 1217 4401 confirmati
1239 4349 1270 4399 et
1293 4342 1431 4400 innovati
1455 4358 1510 4415 per

245 4451 394 4524 providos
425 4452 509 4509 viros
538 4452 681 4534 Jalromel
714 4450 856 4522 iudicem,
894 4451 1061 4521 Donatum,
1093 4450 1231 4506 Francha
1265 4454 1295 4506 et
1329 4448 1510 4529 johannem,

246 4557 328 4614 cives
349 4562 470 4615 nostros
493 4557 602 4614 fideles
626 4543 706 4615 dicte
730 4557 864 4615 civitatis
887 4562 991 4614 nostre
1013 4555 1174 4614 Grecensis
1197 4554 1236 4612 de
1259 4553 1418 4627 Zagrabia,
1438 4555 1510 4624 suis,

245 4679 362 4721 necnon
385 4664 602 4721 universorum
625 4662 767 4720 fidelium
790 4663 906 4719 civium
930 4668 959 4719 et
980 4661 1139 4735 hospitum
1153 4665 1332 4718 nostrorum
1346 4658 1385 4716 de
1401 4658 1510 4716 eadem

245 4769 369 4827 civitate
399 4775 504 4827 nostra
535 4767 681 4827 Grecensi
703 4768 742 4826 de
765 4767 915 4842 Zagrabia
938 4768 969 4826 in
992 4767 1133 4842 personis
1156 4780 1262 4825 coram
1284 4766 1397 4824 nostris
1418 4765 1511 4838 regiis
