3488 5242
638 326 711 384 Doc.
735 340 804 384 222.
832 360 868 368 -
895 327 950 384 Aa.
975 338 1059 402 1351.
1432 345 1493 405 199

228 526 391 583 tinenciam
414 524 546 599 predicti
570 523 689 582 domini
712 524 784 580 bani
815 522 889 580 dare
922 528 952 580 et
982 525 1104 581 solvere
1132 528 1300 595 teneantur,
1324 525 1419 582 salvis
1442 524 1495 582 de·

232 632 319 689 cimis
342 630 573 704 episcopalibus
596 634 625 687 et
649 629 777 703 capituli
800 630 918 703 absque
949 622 1061 708 (mora)
1092 629 1131 686 ad
1154 629 1281 687 cellaria
1314 629 1496 687 eorumdem

229 737 367 810 episcopi
391 742 420 793 et
443 735 572 809 capituli
596 736 627 793 in
650 734 752 807 specie
775 733 960 794 debentibus
984 737 1155 809 provenire.
1176 737 1292 794 Datum
1310 736 1402 807 uude,
1419 736 1495 795 feria

229 842 363 900 secunda
386 842 530 916 proxima
542 847 614 915 post
629 839 816 898 dominicam
832 842 928 899 ramis
943 842 1129 916 palmarum.
1143 844 1232 900 Anno
1248 842 1367 901 domini
1383 842 1493 900 MCCC
1573 876 1576 881 >

230 949 487 1022 quinquagesimo
510 947 620 1020 primo.

317 1064 429 1115 Elibro
449 1065 575 1115 Statutor.
596 1079 651 1130 cap.
671 1066 775 1131 zagrab.
802 1081 826 1130 p.
851 1065 897 1115 IV.
924 1080 943 1114 c.
969 1064 989 1114 1.
1010 1065 1083 1131 Joan.
1107 1064 1223 1115 Thalete.
1243 1064 1312 1114 Mon.
1333 1064 1393 1114 hist.
1414 1063 1493 1131 episc.

229 1155 333 1219 zagrab.
353 1152 387 1202 ΙΙ.
407 1169 431 1218 p.
455 1162 598 1212 tot-103.

821 1333 906 1399 222.

338 1495 414 1541 Anno
438 1501 511 1549 1351,
533 1500 571 1546 17.
592 1491 662 1541 maii.
684 1491 838 1557 Zagrabiae.

234 1640 376 1696 lti'coloees
399 1639 479 1710 episc.
502 1638 619 1710 zagrab.
643 1639 777 1694 Blasium
804 1640 931 1712 primum
954 1640 1111 1712 plebanum
1142 1640 1356 1696 nooooe'llanum
1386 1640 1500 1712 eiusque

232 1763 409 1812 successores,
428 1753 485 1817 pro
510 1744 695 1818 „specialibus
722 1745 898 1817 capellom's“
929 1746 1009 1817 episc.
1031 1745 1148 1818 aagrab.
1172 1745 1315 1801 habendos
1340 1763 1398 1801 esse
1422 1745 1495 1802 dicit.

318 1905 465 1962 Nicolaus
498 1904 547 1962 dei
577 1910 607 1961 et
637 1905 806 1977 apostolice
837 1906 919 1963 sedis
956 1908 1059 1980 gracia
1092 1908 1255 1980 episcopus
1283 1907 1497 1978 zagrabiensis.

231 2012 391 2070 Universis
415 2011 607 2083 presencium
632 2010 778 2067 noticiam
809 2011 969 2082 habituris,
1001 2012 1133 2069 salutern
1165 2012 1195 2069 in
1229 2011 1356 2069 domino
1385 2013 1498 2084 sempi-

233 2127 359 2174 ternam.
383 2117 433 2186 Ea,
458 2132 518 2188 que
542 2117 571 2173 in
595 2122 795 2188 augmentum
821 2119 946 2175 honoris
969 2123 1071 2176 nostre
1100 2117 1226 2175 ecclesie
1250 2122 1280 2174 et
1303 2116 1341 2173 ad
1366 2117 1498 2191 subpor-

232 2223 360 2280 tandum
392 2221 487 2279 officii
519 2222 613 2279 nostri
642 2221 782 2279 debitum
816 2230 945 2297 possunt
976 2223 1099 2297 disponi
1129 2223 1256 2293 utiliter,
1280 2228 1351 2280 sunt
1374 2222 1498 2295 procul-

232 2328 328 2385 dubio
352 2329 502 2400 sagaciter
532 2327 728 2385 advertenda.
761 2329 987 2402 Perpendentes
1020 2330 1122 2401 igitur,
1153 2330 1226 2401 quia
1255 2327 1415 2401 usquead
1440 2329 1496 2385 hcc

234 2441 375 2508 tempora
398 2450 455 2507 per
478 2440 598 2490 nostros
622 2434 853 2507 predecessores
885 2451 946 2493 non
977 2435 1132 2493 invenitur
1157 2434 1251 2492 fuisse
1275 2435 1437 2508 provisum
1460 2433 1499 2491 de

233 2545 315 2596 certa
341 2554 472 2612 persona
496 2538 623 2610 ydonea‚
647 2556 707 2612 que
731 2540 761 2596 in
785 2540 887 2598 missis
910 2541 1104 2598 celebrandis
1119 2541 1150 2599 in
1167 2547 1271 2598 nostra
1287 2541 1416 2597 ecclesia
1434 2556 1499 2597 ma·

234 2646 290 2702 iori
314 2645 400 2701 iuxta
422 2644 653 2701 ordinacionem
677 2647 836 2718 antiquam
859 2647 1057 2720 subportaret
1089 2647 1300 2721 episcopalem
1324 2662 1498 2720 personam,

233 2751 286 2808 sed
312 2752 502 2808 invitabatur
525 2750 711 2824 quandoque
734 2768 812 2809 unus
844 2759 873 2809 et
902 2752 1092 2825 aliquociens
1122 2754 1253 2810 alteret
1277 2751 1431 2810 interdum
1455 2753 1499 2809 iu·

234 2858 390 2915 sufficiens
413 2857 556 2915 sacerdos
573 2857 611 2914 ad
629 2858 796 2915 servandas
813 2857 1003 2915 ebdomadas
1023 2859 1214 2931 episcopales
1231 2859 1261 2915 in
1279 2858 1370 2914 misse
1386 2856 1499 2927 officio

235 2981 295 3036 que
327 2964 416 3021 uobis
447 2963 574 3020 minime
602 2965 792 3037 placuerunt
825 2963 897 3020 Ideo
928 2979 991 3033 nos,
1024 2964 1162 3021 volentes
1193 2964 1302 3021 honori
1329 2963 1500 3036 episcopali

237 3070 366 3143 provide
390 3071 548 3126 consulere
573 3072 602 3127 in
626 3070 684 3127 hac
708 3076 804 3142 parte,
827 3069 996 3127 discretum
1032 3070 1135 3126 virum
1163 3069 1325 3126 dominum
1354 3069 1499 3137 Blasium‚

236 3177 372 3248 primum
397 3177 566 3248 plebanum
592 3176 719 3233 ecclesie
743 3176 925 3233 sanctissimi
950 3176 1085 3249 baptiste
1107 3175 1263 3256 Johannis‚
1285 3174 1323 3231 de
1339 3174 1499 3246 Zagrabia‚

235 3284 264 3338 in
289 3290 428 3338 nostrum
452 3282 619 3355 specialem
650 3282 825 3355 recepimus
855 3281 1062 3354 capellanum,
1095 3282 1258 3354 ipsumque
1284 3287 1313 3336 et
1337 3295 1408 3336 suos
1432 3295 1499 3335 suc·

235 3405 370 3445 cessores
394 3404 449 3460 per
473 3395 622 3460 tempora,
648 3387 702 3444 tali
726 3387 922 3460 prerogativa
950 3387 1028 3444 inter
1052 3392 1153 3443 cetera
1177 3385 1323 3443 duximus
1347 3386 1499 3442 honoran-

235 3495 299 3563 dos,
325 3500 474 3576 quatenus
497 3495 563 3567 ipse
588 3493 706 3550 Blasius
731 3493 881 3565 plebanus
905 3499 935 3550 et
955 3493 1004 3549 sui
1027 3507 1218 3549 successores
1237 3508 1292 3564 pro
1311 3491 1501 3564 specialibus
1526 3518 1529 3522 ‡

236 3600 405 3674 capellanis
429 3601 589 3673 presulum
612 3599 818 3671 zagrabiensis
834 3599 961 3656 ecclesie
977 3597 1015 3655 de
1031 3603 1132 3655 cetero
1153 3598 1333 3665 habeantur,
1358 3597 1501 3670 ipsasque

236 3706 426 3764 ebdomadas
450 3706 652 3778 episcopales,
677 3707 821 3778 quociens
852 3712 1013 3761 occurrent
1043 3703 1193 3760 servande
1217 3703 1247 3759 in
1272 3703 1364 3759 misse
1388 3700 1501 3770 ostici0,

238 3818 395 3869 teneantur
418 3827 488 3867 cum
513 3811 679 3868 devocione
703 3811 808 3868 debita
839 3813 1013 3868 observare.
1046 3811 1078 3867 ln
1110 3824 1243 3882 quorum
1276 3808 1501 3881 premissorum

238 3918 446 3974 testimonium
471 3923 627 3989 presentes
644 3916 790 3974 duximus
810 3916 1027 3974 concedendas.
1044 3916 1160 3973 Datum
1177 3915 1270 3972 xvtt.
1288 3914 1403 3971 mensis
1420 3913 1501 3970 maii.

239 4027 326 4081 Auno
350 4023 467 4080 domini
492 4023 627 4079 MCCCL
650 4024 760 4096 prim0.

324 4160 346 4207 E
365 4158 437 4207 libro
457 4160 622 4209 Statutorum
641 4159 718 4224 capit.
738 4160 842 4224 zagrab.
862 4176 886 4225 p.
907 4159 952 4209 tv.
973 4175 992 4209 c.
1015 4158 1103 4208 XXV.
1123 4159 1197 4224 Joan.
1219 4156 1334 4206 Tkattie.
1351 4155 1420 4204 Mon.
1441 4154 1501 4203 hist.

239 4249 316 4313 episc.
338 4249 442 4312 zagrab.
463 4247 495 4297 ll.
516 4264 540 4311 p.
568 4256 623 4308 143.

323 4355 365 4403 Fr.
386 4354 549 4418 Augustinus
581 4354 721 4418 episcopus
746 4353 924 4419 zagrabiensis
943 4354 1146 4418 (1303-1322)
1167 4352 1194 4401 in
1222 4349 1332 4399 ecclesia
1358 4348 1504 4398 cathedrali

237 4460 286 4508 pro
305 4442 437 4491 sacrificio
456 4443 550 4491 missac
571 4445 723 4508 peragendo
743 4447 802 4492 octo
824 4441 1045 4493 hebdomadarios
1064 4457 1118 4490 esse
1136 4439 1229 4490 voluit.
1244 4438 1280 4488 Hi
1295 4437 1349 4487 suis
1363 4437 1504 4485 hebdoma-

236 4531 314 4580 dibus
332 4547 436 4580 sacrum
455 4530 575 4594 quotidie
595 4547 674 4597 agere
700 4533 856 4582 tenebantur
879 4530 1030 4594 etquidem
1051 4530 1193 4587 cantando;
1219 4532 1310 4592 postea
1328 4541 1393 4575 vero
1412 4523 1504 4573 missas

237 4621 304 4670 ritus
323 4619 432 4669 minoris
458 4621 499 4668 vel
525 4621 558 4668 de
583 4620 658 4678 scria,
683 4635 749 4683 quas
773 4619 974 4669 hebdomadarii
999 4617 1050 4683 ipsi
1069 4618 1209 4667 absolvere
1228 4613 1367 4671 debebant,
1386 4611 1446 4662 aliis
1465 4626 1503 4660 sa-

237 4708 389 4758 cerdotibus
417 4708 621 4767 committebant,
651 4709 697 4772 qui
717 4709 752 4758 ob
774 4708 824 4758 hoc
852 4724 945 4758 munus
970 4706 1136 4757 commissum
1154 4719 1248 4755 nomeu
1275 4699 1504 4767 „supportantium

237 4799 279 4848 vel
299 4798 512 4863 capellanorumu
527 4813 590 4847 mox
609 4796 697 4848 sortiti
714 4803 781 4847 suut.
800 4797 841 4846 De
860 4795 908 4845 hac
927 4811 956 4846 re
973 4793 1128 4845 constitutio
1159 4791 1276 4843 eiusdem
1294 4787 1412 4855 episcopi
1425 4802 1505 4852 quam
