3488 5242
656 363 729 420 Dec.
748 359 826 438 308.
854 397 890 404 -
916 364 972 420 An.
995 359 1085 441 1380.
1436 383 1495 443 293

236 562 369 619 iusmodi
401 563 645 635 possessionibus
672 567 812 634 respectu
844 561 997 618 uberioris
1027 562 1168 619 utilitatis
1201 578 1258 634 pro
1289 564 1352 619 alia
1381 581 1414 620 re
1446 565 1496 621 vel

235 668 426 741 possessione
449 666 487 724 de
510 681 659 724 consensu
682 666 873 724 confratrum
897 666 978 724 dicte
1001 668 1252 739 congregacionis
1279 668 1441 741 contigerit
1467 671 1497 727 in

234 774 449 830 concambium
475 772 541 830 dari
558 789 612 829 seu
628 774 806 845 permutari.
823 772 976 843 Ceterum,
993 788 1031 829 ne
1047 771 1190 829 videatur
1212 781 1246 829 ut
1266 758 1379 844 aliquis
1396 775 1497 831 minor

232 880 283 935 vel
307 878 443 947 inferior,
467 880 557 952 inops
580 885 632 935 aut
656 894 776 951 pauper
798 878 889 935 huius
907 878 988 935 beati
1004 877 1154 934 consorcii
1171 878 1273 935 calore
1288 884 1398 949 careat,
1414 894 1497 936 corn·

232 984 392 1053 mittimus,
416 991 449 1039 ut
473 984 573 1040 omnis
597 985 676 1040 hanc
699 984 877 1041 societatem
900 983 1077 1051 intraturus
1099 983 1237 1056 exceptis
1253 988 1346 1057 prout
1369 984 1496 1057 premit-

232 1090 315 1158 titur,
338 1090 428 1146 nobis
451 1096 504 1146 aut
530 1089 677 1146 fratribus
701 1089 813 1145 nostris
837 1088 1051 1145 consimilibus
1080 1087 1159 1145 datis
1183 1095 1213 1145 et
1236 1089 1345 1145 solutis
1370 1088 1496 1147 domino

232 1196 348 1252 decano
379 1196 488 1268 viginti
520 1195 652 1252 denariis
685 1195 844 1252 usualibus
875 1195 972 1268 possit
1003 1211 1128 1266 presens
1160 1196 1352 1252 consorcium
1383 1197 1497 1253 intrare

232 1302 330 1359 libere
354 1308 445 1374 atque
469 1302 571 1358 valeat
600 1302 749 1374 presentis
781 1300 937 1374 privilegii
971 1301 1180 1373 prerogativa.
1201 1316 1326 1374 semper
1349 1302 1379 1358 in
1403 1318 1496 1358 evum

233 1408 403 1479 gavisurus
428 1407 568 1479 Quorum
600 1407 740 1463 omnium
771 1400 920 1484 (nom)ina
952 1407 1017 1479 ipse
1049 1405 1192 1462 dominus
1224 1406 1356 1463 decanus
1387 1407 1416 1463 in
1440 1423 1496 1465 suo

233 1515 347 1585 registo
378 1513 505 1570 debebit
538 1515 651 1570 habere
675 1529 798 1586 semper
830 1513 966 1569 seriatim
1000 1514 1180 1585 conscripta.
1212 1512 1366 1569 Volumus
1390 1514 1495 1584 eciam,

233 1618 315 1690 quod
343 1625 520 1690 prenotatus
543 1617 688 1675 dominus
711 1618 845 1675 decanus
868 1626 937 1675 ante
961 1617 1206 1690 complecionem
1232 1617 1397 1674 cuiuslibet
1426 1620 1496 1675 anni

232 1723 356 1781 sindicis
380 1740 436 1796 per
460 1723 615 1795 predictos
639 1723 809 1781 confratres
833 1723 988 1797 deputatis
1019 1723 1057 1780 de
1087 1723 1231 1780 omnibus
1260 1723 1355 1780 rebus
1378 1730 1407 1780 et
1431 1725 1497 1796 qui-

233 1830 369 1886 buslibet
392 1831 482 1887 bonis
505 1837 597 1902 atque
621 1831 763 1904 expensis
786 1830 882 1903 ipsius
906 1830 1067 1898 societatis,
1090 1844 1207 1886 necnon
1231 1829 1329 1885 eciam
1360 1828 1398 1885 de
1423 1844 1496 1901 aug·

232 1942 335 1993 mento
359 1952 413 1993 seu
435 1952 530 2010 super
552 1936 761 1993 excrescencia
784 1935 936 1992 dictarum
959 1950 1062 1991 rerum
1079 1933 1117 1991 de
1133 1934 1258 1991 denario
1274 1934 1313 1991 ad
1334 1934 1494 1992 denarium

232 2041 388 2098 racionem
411 2041 485 2098 dare
509 2048 538 2098 et
561 2042 717 2113 assignare
741 2041 861 2110 debeat,
893 2047 923 2098 et
953 2039 991 2096 ad
1023 2040 1261 2109 restitucionem
1285 2039 1312 2095 si
1336 2039 1366 2096 in
1390 2040 1496 2112 aliquo

231 2147 354 2204 debitor
375 2148 566 2216 remanserit,
591 2147 747 2219 obligatus
770 2153 916 2204 teneatur.
940 2145 1109 2203 Statuimus
1137 2145 1357 2202 nichilominus
1380 2146 1496 2203 delibe-

232 2259 341 2322 rantes,
366 2260 400 2310 ut
423 2254 556 2325 quilibet
579 2260 720 2310 nostrum
744 2255 774 2310 in
806 2253 862 2309 hac
894 2251 1038 2309 videlicet
1069 2267 1156 2308 sacra
1188 2253 1332 2309 societate
1360 2251 1496 2308 kalendi-

232 2374 341 2416 narum
366 2360 555 2428 constitutus,
580 2359 706 2415 domino
730 2358 846 2416 decano
870 2373 928 2431 pro
952 2365 1092 2431 tempore
1115 2358 1282 2414 constituto
1305 2358 1336 2414 in
1352 2357 1496 2414 omnibus

233 2464 323 2522 licitis
347 2471 377 2521 et
400 2466 534 2522 honestis
558 2464 709 2521 mandatis
733 2480 859 2537 presens
885 2465 1000 2521 scilicet
1025 2464 1188 2535 negocium
1210 2463 1413 2535 tangentibus
1438 2465 1497 2520 sub

234 2587 312 2643 pena
335 2572 443 2642 viginti
468 2570 639 2627 solidorum
665 2588 720 2644 per
744 2570 924 2627 mandatum
949 2571 1046 2644 ipsius
1070 2569 1176 2626 decani
1208 2568 1309 2624 eidem
1333 2568 1496 2626 solvendo-

234 2693 302 2734 rum
328 2676 454 2734 obedire
477 2677 587 2732 debeat
611 2685 640 2733 et
665 2684 809 2734 teneatur.
836 2676 897 2732 Nos
920 2675 1083 2747 siquidem,
1109 2676 1162 2747 qui
1188 2677 1266 2731 inter
1289 2675 1366 2730 alios
1391 2690 1496 2748 pecca·

233 2789 314 2839 tores
336 2765 513 2839 nostrorum
537 2790 679 2839 reatuum
699 2789 916 2854 cognoscentes
932 2797 1074 2837 excessus
1090 2782 1348 2852 severitatemque
1366 2782 1496 2837 extremi

232 2887 337 2945 iudicii
361 2889 474 2944 obnixe
498 2888 756 2961 pertimescentes,
780 2888 834 2943 ubi
859 2894 932 2943 teste
957 2887 1127 2957 ewangelio
1151 2887 1208 2943 erit
1229 2885 1316 2942 fletus
1332 2887 1495 2943 oculorum

233 3000 263 3049 et
286 2993 400 3050 stridor
423 2993 575 3063 dencium,
600 2991 652 3049 ubi
677 2993 774 3049 eciam
798 2993 961 3064 unicuique
986 3001 1077 3065 prout
1102 2993 1130 3048 in
1156 3007 1285 3064 corpore
1313 2992 1407 3063 gessit
1430 2991 1495 3048 sive

232 3099 347 3155 bonum
372 3100 410 3155 sit
434 3099 499 3155 sive
524 3099 642 3155 malum
661 3099 890 3171 comprobetur,
913 3097 998 3154 omni
1014 3098 1079 3154 sine
1102 3096 1197 3154 dubio
1216 3098 1390 3166 revicietur,
1407 3098 1496 3153 vobis

233 3205 384 3260 universis
408 3212 509 3260 nostre
533 3205 683 3276 presentis
707 3204 956 3274 congregacionis
987 3202 1195 3260 confratribus
1218 3210 1248 3259 et
1272 3204 1421 3259 consociis
1444 3203 1496 3260 de·

234 3314 305 3365 vote
321 3317 349 3365 et
368 3310 514 3366 instanter
537 3310 761 3381 supplicamus,
778 3314 928 3380 quatenus
946 3307 1049 3364 divine
1067 3309 1188 3381 pietatis
1211 3314 1351 3381 respectu
1370 3309 1496 3380 eiusque

232 3415 442 3471 misericordie
466 3416 577 3472 intuitu
601 3417 696 3472 nostri
720 3422 750 3472 et
772 3414 904 3472 fratrum
928 3420 1105 3472 nostrorum
1122 3420 1295 3488 presentem
1318 3414 1494 3470 societatem

232 3520 465 3576 kalendinarum
493 3522 701 3591 ingressorum
726 3521 836 3577 vestris
861 3521 890 3577 in
914 3519 1110 3576 oracionibus
1134 3519 1253 3576 devotis
1271 3526 1299 3575 et
1316 3519 1496 3576 salubribus

233 3626 410 3682 continuam
434 3627 616 3682 memoriam
640 3642 731 3698 agere
763 3626 865 3683 velitis
897 3634 927 3682 et
959 3627 1081 3695 habere,
1114 3632 1146 3683 ut
1170 3632 1344 3682 vestrarum
1367 3640 1496 3698 precum

232 3738 261 3786 et
284 3732 462 3787 oracionum
498 3731 646 3788 beneficio
676 3733 796 3789 suffulti
825 3739 917 3805 atque
948 3731 1045 3789 adiuti
1077 3747 1134 3805 pro
1165 3732 1310 3804 perituris
1340 3738 1444 3787 eterna
1466 3739 1496 3788 et

232 3852 289 3908 pro
322 3838 450 3894 terrenis
481 3838 605 3894 celestia
636 3837 756 3895 facilius
787 3837 916 3910 adipisci
948 3839 1114 3894 valeamus.
1146 3837 1304 3894 Presentes
1328 3844 1433 3893 autem
1455 3836 1494 3894 ad

231 3936 432 4019 ub(eriorem)
456 3951 485 4001 et
508 3937 703 4022 (firmiorem)
727 3945 817 4000 huius
833 3944 1038 4002 ordinacionis
1055 3944 1256 4000 stabilitatem
1273 3943 1370 3999 nostri
1393 3949 1423 3999 et
1446 3959 1494 4000 ca·

232 4049 322 4121 pituli
354 4049 507 4106 dictorum
542 4048 672 4106 fratrum
709 4055 886 4107 nostrorum
916 4050 1092 4122 sigillorum
1130 4049 1318 4122 appensione
1350 4047 1495 4106 duximus

232 4155 460 4226 consignandas.
478 4156 594 4212 Datum
610 4155 640 4211 in
658 4155 735 4212 festo
753 4155 834 4212 beati
855 4156 1023 4227 Mychaelis
1040 4155 1224 4226 archangeli.
1258 4156 1346 4211 Anno
1378 4153 1495 4212 domini

233 4260 341 4317 MCCC
366 4261 583 4332 octuagesimo.

322 4395 462 4459 Originale
482 4395 507 4443 in
521 4395 679 4452 membrana,
705 4410 798 4459 parum
821 4395 948 4445 attritum.
979 4394 1244 4460 Sigilladesunt.1n
1266 4393 1336 4442 arch.
1360 4410 1416 4443 ven.
1438 4407 1494 4458 cap.

234 4482 337 4547 zagrab.
358 4481 419 4531 fasc.
439 4484 479 4541 83.
500 4498 538 4532 nr.
558 4496 599 4545 49.
