3488 5242
265 363 324 422 342
681 343 754 401 Doc.
773 338 849 418 362.
876 375 913 384 -
939 342 1109 418 An.1592.

215 583 218 597 ι
263 542 402 599 rivulum
426 540 465 598 ad
490 547 611 615 partem
635 539 920 614 septemtrionalem
952 526 1083 597 tenen'do
1114 544 1144 596 et
1175 554 1231 611 per
1259 552 1368 594 verum
1393 543 1529 593 meatum

263 653 293 705 et
316 648 476 720 antiquum
501 662 625 703 cursum
649 661 706 719 per
730 646 846 702 bonum
863 646 1003 718 spacium
1020 645 1117 719 ipsius
1137 643 1232 700 rivuli
1255 641 1365 713 eundo,
1389 643 1531 715 pervenit

263 752 302 810 ad
326 752 404 810 duas
424 757 522 809 metas
546 759 668 822 terreas,
698 751 729 807 in
761 751 875 823 quibus
905 751 995 807 metis
1026 748 1147 822 lapides
1179 763 1237 822 pro
1267 749 1356 820 signo
1385 748 1478 820 positi
1501 755 1530 804 et

263 859 402 933 deputati
425 860 595 916 extitissent
618 859 648 915 in
674 857 734 915 fine
757 856 917 913 cuiusdam
950 856 1057 913 fossati
1087 855 1212 913 secundi
1243 870 1261 911 a
1286 854 1422 927 quadam
1445 860 1530 910 turre

263 973 368 1023 nostra
391 965 423 1022 in
446 971 550 1021 monte
574 963 719 1021 Grecensi
744 962 849 1019 habita
873 962 902 1018 in
927 967 1011 1018 tanto
1042 961 1156 1034 spacia,
1188 961 1219 1017 in
1246 966 1363 1032 quanto
1384 960 1530 1031 sagittare

263 1071 362 1128 solent
385 1068 424 1126 ad
448 1070 542 1141 signa.
568 1067 836 1142 Quarumquidem
860 1067 992 1124 duarum
1016 1072 1170 1124 metarum
1195 1066 1453 1139 supradictarum,
1470 1080 1530 1121 una

263 1181 392 1249 aparte
416 1175 559 1232 orientali
583 1181 628 1231 est
652 1189 708 1247 pro
731 1173 821 1231 nobis
854 1172 1001 1245 deputata
1031 1179 1061 1229 et
1091 1173 1152 1230 alia
1183 1188 1201 1229 a
1234 1181 1323 1245 parte
1347 1171 1529 1228 occidentali

263 1282 384 1339 civibus
408 1282 584 1354 prenotatis,
608 1280 663 1337 tali
687 1280 812 1337 vinculo
837 1279 1057 1336 moderaminis
1084 1279 1265 1336 introsertoz
1289 1284 1323 1335 ut
1346 1294 1364 1335 a
1386 1276 1528 1350 predicto

263 1392 332 1443 orto
356 1385 488 1442 fratrum
512 1384 742 1442 Predicatorum
766 1401 864 1457 usque
888 1383 1041 1456 predictas
1064 1383 1141 1440 duas
1166 1391 1263 1440 metas
1287 1391 1403 1440 terreas
1420 1385 1450 1441 in
1466 1384 1528 1441 fine

265 1491 338 1548 dicti
363 1490 468 1548 fossati
491 1497 615 1560 erectas,
639 1505 694 1546 nec
716 1504 780 1559 nos,
805 1489 921 1546 scilicet
944 1490 1128 1561 capitulum,
1151 1506 1207 1546 nec
1230 1490 1290 1562 ipsi
1313 1490 1396 1546 cives
1422 1489 1528 1561 aliqua

263 1597 442 1655 molendina
464 1597 515 1653 vel
538 1597 601 1653 alia
625 1595 775 1666 hedificia‚
799 1611 859 1668 que
890 1611 946 1667 per
976 1611 1099 1652 cursum
1127 1610 1206 1667 aque
1229 1596 1326 1668 ipsius
1349 1594 1436 1652 fluvii
1458 1611 1528 1668 pos-

263 1710 329 1760 sent
353 1703 424 1759 duci
447 1718 500 1759 seu
524 1701 716 1771 ducerentur,
741 1700 848 1769 iacere,
872 1708 1049 1757 construere
1073 1709 1103 1757 et
1126 1699 1271 1757 edificare
1289 1700 1449 1774 'possimus
1476 1697 1528 1757 vel

264 1808 391 1882 possint,
415 1814 467 1864 aut
491 1808 652 1863 valeamus
675 1822 727 1863 seu
752 1807 875 1863 valeant
905 1805 998 1862 modo
1029 1807 1147 1878 aliquli.
1176 1805 1352 1863 Molendina
1375 1822 1450 1863 vero
1473 1806 1527 1863 do·

263 1914 339 1971 mini
363 1913 485 1970 abbatis
508 1913 636 1970 claustri
660 1913 749 1969 beate
772 1913 868 1969 Marie
890 1912 1020 1984 virginis
1037 1911 1172 1969 dedicta
1189 1911 1339 1984 Zagrabia
1363 1913 1441 1968 inter
1460 1928 1529 1985 pre·

264 2019 361 2076 dictas
385 2025 482 2075 metas
505 2025 535 2075 et
558 2019 645 2089 signa
670 2018 793 2075 metalia
818 2018 990 2082 existencia,
1014 2033 1069 2074 nos
1090 2025 1119 2074 et
1144 2019 1202 2091 ipsi
1229 2019 1311 2074 cives
1327 2018 1357 2075 in
1374 2033 1430 2075 suo
1446 2026 1527 2074 statu

265 2125 394 2200 pacifico
417 2126 622 2198 relinquimus
646 2131 676 2182 et
697 2125 921 2194 commisimus;
943 2125 1001 2181 hoc
1024 2124 1153 2194 adiect0,
1177 2124 1260 2197 quod
1277 2125 1302 2182 si
1318 2125 1384 2197 ipse
1407 2124 1528 2181 rivulus

264 2231 440 2303 Cyrlruenik
462 2231 552 2288 nobis
575 2231 626 2287 vel
649 2230 796 2303 predictis
820 2231 940 2288 civibus
963 2230 1001 2287 de
1026 2246 1101 2287 vero
1116 2240 1220 2287 meatu
1242 2237 1271 2286 et
1286 2231 1413 2302 antiquo
1436 2246 1528 2286 cursu

265 2344 394 2411 propter
417 2335 655 2394 innundaciones
679 2352 831 2409 aquarum
856 2337 906 2393 vel
929 2337 991 2393 alio
1016 2335 1225 2409 inpedimento
1243 2337 1440 2409 preveniente
1460 2352 1528 2393 exe

265 2443 347 2500 undo
382 2442 518 2516 dampna
546 2443 597 2498 vel
621 2443 682 2499 alia
703 2450 886 2500 nocumenta
908 2442 1020 2499 inferre
1044 2442 1209 2513 videretur,
1233 2443 1284 2499 vel
1307 2442 1397 2499 aliter
1420 2457 1528 2499 cursus

263 2549 360 2621 ipsius
393 2545 479 2604 ssuvii
515 2547 553 2604 de
586 2563 662 2604 vero
687 2554 798 2605 meatu
834 2548 1012 2618 violaretur,
1048 2555 1119 2606 tunc
1153 2563 1208 2605 nos
1243 2565 1281 2604 ex
1308 2555 1395 2621 parte
1431 2549 1529 2605 nostri

264 2654 410 2712 territorii
447 2659 476 2710 et
510 2653 569 2727 ipsi
600 2653 683 2710 cives
709 2654 853 2711 similiter
881 2669 918 2711 ex
950 2660 1038 2726 parte
1065 2655 1203 2726 ipsorum
1233 2654 1386 2723 territorii,
1424 2654 1528 2727 ipsum

263 2775 388 2816 cursum
412 2759 498 2816 fluvii
522 2758 651 2833 predicti
675 2760 878 2817 violentatum
903 2760 1066 2817 claudendi
1090 2770 1119 2816 et
1141 2760 1327 2818 fortificandi
1343 2760 1529 2818 habebimus

264 2866 396 2923 liberam
421 2864 606 2923 facultatem.
644 2867 765 2922 Abhinc
796 2867 862 2938 ipse
893 2882 999 2922 cursus
1032 2867 1153 2923 metalis
1185 2883 1241 2939 per
1272 2875 1408 2923 meatum
1431 2868 1528 2939 ipsius

265 2971 359 3028 rivuli
383 2988 477 3045 supra
500 2971 539 3028 ad
563 2979 683 3044 partem
712 2973 997 3045 septemtrionalem
1031 2971 1192 3042 tendendo,
1224 2974 1365 3045 pervenit
1389 2974 1427 3030 ad
1452 2975 1528 3032 alias

264 3075 340 3133 duas
375 3085 473 3134 metas
506 3084 619 3134 terreas
652 3093 749 3151 prope
781 3077 939 3150 quoddam
972 3078 1184 3134 molendinum
1221 3079 1358 3136 filiorum
1392 3080 1528 3152 Chupor,

264 3184 367 3256 ipsum
391 3183 605 3240 molendinum
636 3184 674 3240 ad
708 3185 836 3256 plagam
867 3185 1096 3256 acquilonarem
1126 3184 1336 3258 relinquend0,
1361 3187 1390 3242 in
1415 3186 1528 3258 quibus

264 3288 384 3344 duabus
410 3290 498 3345 metis
521 3288 714 3361 supradictis,
738 3288 832 3345 modo
863 3304 925 3360 quo
955 3305 1057 3360 supra,
1089 3289 1211 3361 lapides
1244 3291 1336 3363 positi
1360 3308 1414 3347 seu
1437 3291 1530 3349 locati

265 3395 442 3453 extitissent.
467 3395 606 3467 Quarum
631 3394 763 3452 duarum
788 3403 942 3452 metarum
965 3412 1024 3451 una
1048 3412 1065 3451 a
1088 3397 1183 3468 plaga
1214 3398 1356 3453 orientali
1379 3397 1527 3468 predicta,

265 3508 369 3557 nostra
392 3517 457 3558 esse
477 3501 646 3558 dinoscitur
669 3508 699 3557 et
722 3502 783 3557 alia
807 3517 825 3557 a
848 3509 936 3573 parte
960 3501 1141 3558 occidentali
1166 3503 1281 3559 civium
1315 3503 1427 3559 montis
1451 3502 1528 3560 Gre-

266 3607 363 3663 censis
387 3606 606 3679 predictorum,
631 3606 672 3663 ita
697 3615 808 3675 tamen,
833 3614 865 3662 ut
889 3607 949 3679 ipsi
972 3608 1054 3663 cives
1079 3609 1109 3664 in
1134 3608 1202 3679 ipso
1227 3609 1330 3665 rivulo
1355 3607 1441 3663 nulla
1465 3606 1528 3663 edi·

266 3712 335 3769 ficia
357 3719 409 3769 aut
440 3712 617 3769 molendina
640 3729 700 3784 que
725 3728 928 3785 percussum
953 3714 1049 3785 ipsius
1073 3713 1176 3782 rivuli,
1203 3721 1235 3770 ut
1262 3716 1448 3786 premissum
1473 3722 1529 3783 est,

264 3819 335 3876 duci
359 3826 483 3891 possent
507 3820 558 3874 vel
583 3819 767 3875 ducerentur
787 3834 805 3875 a
830 3818 975 3890 predictis
1000 3819 1120 3875 duabus
1144 3821 1233 3876 metis
1258 3835 1356 3892 prope
1379 3821 1529 3878 molendi·

263 3940 338 3981 num
363 3925 499 3980 filiorum
524 3924 652 3996 Chupor
676 3923 859 3997 predictum,
891 3926 999 3997 positis
1030 3933 1059 3981 et
1092 3927 1201 3982 erectis
1233 3926 1406 3999 incipiendo
1431 3943 1528 3999 usque

264 4029 419 4103 predictas
442 4028 518 4086 duas
543 4038 640 4086 metas
661 4045 761 4103 prope
784 4030 885 4102 ipsam
919 4031 1029 4086 turrim
1062 4039 1200 4088 nostram
1224 4048 1316 4104 penes
1341 4033 1444 4104 ipsum
1469 4032 1528 4088 los-

265 4142 366 4192 satum
390 4135 513 4208 positas,
538 4134 638 4192 facere
661 4143 690 4192 et
714 4142 890 4192 construere
914 4151 972 4192 non
999 4137 1117 4209 possint
1141 4154 1195 4194 nec
1221 4138 1343 4194 valeant
1361 4138 1455 4194 modo
1473 4139 1528 4194 ali·

264 4242 366 4314 quali;
388 4240 441 4297 sed
466 4257 529 4312 noS,
553 4241 671 4299 scilicet
694 4242 865 4314 capitulum
882 4250 910 4298 et
927 4243 964 4299 ad
983 4259 1037 4299 nos
1063 4244 1247 4315 pertinentes
1272 4245 1350 4300 inter
1374 4242 1529 4315 predictas

264 4354 361 4402 metas
384 4362 401 4402 a
426 4355 512 4418 parte
535 4348 677 4404 orientali
700 4347 817 4403 scilicet
841 4349 936 4404 nostri
965 4349 1109 4405 territorii
1130 4349 1160 4404 in
1185 4350 1399 4422 prenominato
1424 4350 1528 4406 rivulo

264 4451 440 4523 Cyrlruenik
463 4463 581 4523 vocato,
607 4454 783 4511 molendina
814 4462 844 4510 et
875 4456 936 4511 alia
967 4455 1106 4527 quelibet
1136 4454 1256 4511 edificia
1278 4454 1474 4512 construendi
1498 4465 1528 4512 et

266 4557 396 4614 faciendi
419 4575 454 4615 ac
479 4559 643 4617 edificandi
667 4568 757 4632 atque
782 4576 895 4632 aquam
919 4577 971 4617 seu
997 4577 1120 4617 cursum
1145 4577 1223 4633 aque
1246 4562 1343 4634 ipsius
1372 4563 1466 4618 rivuli
1490 4562 1529 4619 de

265 4678 341 4720 vero
364 4679 455 4720 cursu
489 4665 520 4722 in
548 4666 624 4723 locis
654 4667 832 4723 necessariis
863 4666 1035 4739 excipiendi
1067 4667 1198 4724 liberam
1223 4667 1407 4724 habebimus
1431 4667 1529 4724 facul·

265 4775 368 4827 tatem.
391 4769 510 4828 Deinde
536 4770 602 4844 ipse
625 4787 732 4829 cursus
755 4771 880 4829 metalis
903 4788 961 4846 per
984 4779 1120 4829 meatum
1144 4787 1198 4829 seu
1221 4787 1329 4829 verum
1347 4788 1473 4831 cursum
1488 4773 1528 4831 ri·
