3488 5242
674 339 748 399 Doc.
772 353 839 418 231.
866 374 902 382 —
928 339 984 398 An.
1011 351 1096 417 1355.

837 553 919 619 231.

353 699 430 747 Anno
451 705 526 755 1355,
550 706 569 745 l.
589 695 687 745 martii.
706 694 804 745 Budae.

276 841 475 914 Murgantia
497 841 619 910 ducissa,
641 842 715 898 cives
744 839 919 898 Greclaeenses
941 840 971 895 in
994 858 1092 897 cortem
1115 837 1291 895 libertatibus
1313 835 1489 902 conservari,

799 947 952 1020 praecipit.

336 1112 529 1182 Margaretha
552 1109 602 1167 dei
625 1110 728 1182 gracia
751 1124 918 1181 regnorum
948 1106 1118 1176 Sclauonie‚
1147 1102 1274 1163 Croacie
1298 1112 1327 1162 et
1351 1103 1511 1162 Dalmacie

246 1215 374 1274 ducissa.
398 1216 557 1273 Fidelibus
581 1216 643 1273 suis
667 1216 818 1272 universis
842 1214 978 1288 prelatis,
1002 1213 1180 1280 baronibus,
1204 1212 1378 1279 comitibus,
1400 1210 1508 1267 castel·

248 1323 325 1379 lanis
342 1329 371 1379 et
387 1322 469 1379 vices
486 1321 667 1379 eorumdem
683 1323 869 1393 gerentibus,
885 1321 994 1378 aliisve
1010 1319 1164 1377 iudicibus
1180 1324 1210 1376 et
1226 1318 1400 1375 iusticiariis
1416 1316 1511 1373 dicto-

244 1443 314 1485 rum
337 1443 505 1501 regnorum
528 1435 705 1485 nostrorum
725 1434 787 1484 tam
811 1427 1003 1484 secularibus
1026 1440 1121 1498 quam
1150 1424 1364 1482 ecclesiasticis
1387 1437 1510 1496 presen-

245 1534 328 1590 tibus
351 1539 381 1590 et
404 1535 434 1590 in
458 1532 598 1591 futurum
622 1533 851 1604 constituendis,
876 1533 989 1605 quibus
1013 1537 1169 1606 presentes
1197 1529 1438 1599 ostenderentur,
1462 1544 1508 1585 sa-

245 1639 342 1696 lutem
365 1644 395 1696 et
418 1639 566 1711 graciam.
591 1638 754 1709 Noveritis,
778 1638 863 1712 quod
885 1638 1062 1696 accedentes
1086 1637 1127 1695 ad
1155 1645 1295 1695 nostram
1319 1635 1509 1709 presenciam

247 1745 419 1802 Anthonius
443 1744 545 1808 iudex.
568 1745 717 1817 magister
740 1745 855 1814 Petrus,
879 1744 963 1801 filius
979 1745 1082 1816 Ligeri
1101 1751 1131 1802 et
1148 1745 1231 1801 lwan
1248 1744 1408 1811 litteratus,
1425 1740 1509 1798 filius

242 1851 400 1932 johannis,
423 1852 505 1908 cives
529 1851 706 1920 Grecenses,
722 1852 752 1909 in
770 1851 907 1925 propriis
924 1866 1032 1908 eorum
1057 1867 1093 1907 ac
1108 1851 1325 1907 universorum
1349 1847 1508 1920 hospitum

242 1963 420 2015 nostrorum
444 1957 483 2015 de
506 1958 614 2014 eadem
638 1958 762 2014 civitate
785 1955 931 2014 Grecensi
947 1957 1095 2029 personis,
1112 1964 1214 2012 nostre
1230 1953 1396 2027 querulose
1412 1953 1505 2024 signi·

243 2061 375 2119 ficarunt
398 2063 560 2133 maiestati,
584 2062 666 2136 quod
694 2063 752 2135 ipsi
769 2078 787 2119 a
803 2063 914 2120 nostris
930 2062 1119 2120 officialibus
1135 2068 1241 2119 contra
1257 2061 1397 2134 ipsorum
1415 2060 1507 2115 liber·

242 2174 336 2224 tatem
360 2184 416 2241 per
439 2183 494 2225 nos
518 2169 664 2241 ignotam,
688 2168 806 2241 pluries
830 2167 958 2226 fuissent
981 2151 1136 2225 molestati
1152 2174 1182 2225 et
1199 2165 1334 2224 infestati
1357 2163 1505 2232 indebite,

241 2279 378 2345 petentes
401 2288 465 2342 nos,
488 2279 523 2330 ut
547 2274 630 2346 ipsos
650 2275 680 2330 in
704 2289 811 2331 eorum
835 2274 1034 2331 libertatibus
1058 2289 1076 2330 a
1099 2272 1370 2347 predecessoribus
1394 2270 1506 2328 nostris

242 2378 380 2437 felicium
403 2379 657 2436 recordacionum
680 2380 724 2436 eis
747 2380 884 2451 graciose
912 2381 1062 2437 concessis
1094 2380 1294 2451 dignaremur
1317 2386 1346 2435 et
1370 2393 1425 2434 nos
1450 2377 1507 2433 mi-

240 2484 436 2542 sericorditer
459 2499 649 2541 conservare.
673 2485 752 2541 Cum
777 2485 869 2557 igitur
893 2501 948 2542 nos
972 2486 1119 2559 inspectis
1141 2501 1250 2542 eorum
1267 2485 1353 2541 iustis
1377 2490 1407 2540 et
1430 2483 1507 2554 legi-

240 2591 323 2648 timis
345 2590 489 2663 precibus
521 2590 657 2648 libertati
689 2607 707 2647 a
740 2593 852 2648 sanctis
883 2592 1153 2665 predecessoribus
1183 2591 1295 2649 nostris
1329 2591 1404 2663 ipsis
1435 2603 1505 2645 con-

240 2713 322 2754 cesse
353 2696 503 2767 derogare
533 2711 595 2752 non
627 2696 768 2767 velimus,
800 2697 852 2754 sed
886 2699 993 2770 pocius
1033 2699 1164 2770 benigne
1199 2697 1355 2765 adherere,
1391 2695 1505 2751 idcirco

239 2803 380 2860 fidelitati
406 2809 507 2859 vestre
531 2800 663 2860 tirmiter
694 2803 859 2875 preciendo
891 2803 1083 2873 mandamus,
1116 2810 1266 2876 quatenus
1301 2802 1426 2859 eosdem
1451 2801 1505 2857 ho-

238 2909 334 2983 spites
357 2916 478 2966 nostros
509 2913 615 2965 contra
646 2909 787 2982 ipsorum
817 2909 994 2966 libertatem
1026 2909 1257 2981 privilegiatam
1288 2908 1338 2964 vel
1370 2907 1504 2964 cuiusvis

239 3013 463 3087 preeminencie
488 3014 719 3086 prerogativam
743 3014 773 3070 in
797 3015 892 3071 nullis
923 3015 1022 3071 causis
1045 3031 1098 3071 seu
1121 3029 1284 3071 causarum
1311 3013 1449 3070 articulis
1473 3012 1504 3068 in

238 3119 350 3177 iudicio
370 3135 424 3176 seu
447 3123 533 3175 extra
557 3118 705 3176 iudicium
730 3122 922 3193 perturbare,
946 3135 1104 3191 agravare,
1131 3121 1295 3177 molestare
1312 3127 1364 3176 aut
1382 3127 1502 3192 pertur-

238 3226 307 3283 bari
329 3223 430 3282 facere
453 3226 647 3297 aliquatenus
679 3228 930 3298 presumpmatis‚
963 3228 1036 3298 quia
1068 3228 1213 3284 volumus
1237 3234 1266 3284 et
1290 3228 1502 3301 promittimus

238 3332 433 3405 presencium
456 3348 512 3404 per
536 3338 674 3388 tenorem
698 3331 825 3388 eosdem
846 3332 983 3407 hospites
1008 3334 1037 3390 in
1062 3334 1254 3406 quibuslibet
1276 3349 1384 3391 eorum
1408 3335 1501 3390 libcr-

238 3439 352 3496 tatibus
375 3454 455 3494 nunc
479 3444 509 3494 et
539 3437 652 3494 amodo
684 3444 714 3494 et
744 3452 851 3495 eorum
881 3440 1076 3512 posteritates
1098 3441 1127 3497 in
1151 3438 1292 3496 futurum
1320 3455 1502 3496 conservare

237 3543 445 3616 indempniter
468 3550 496 3599 et
521 3544 616 3600 illese.
643 3543 731 3600 Unde
756 3543 909 3613 volumus,
940 3552 974 3601 ut
1008 3561 1063 3617 per
1087 3547 1242 3618 quoslibet
1266 3545 1305 3602 ad
1329 3561 1384 3603 nos
1408 3548 1501 3618 perti-

238 3657 343 3707 nentes
368 3650 398 3705 in
422 3649 620 3705 libertatibus
645 3650 784 3723 ipsorum
808 3657 1037 3722 conserventur,
1054 3660 1083 3708 et
1100 3653 1275 3726 specialiter
1299 3654 1380 3710 bano
1397 3662 1501 3710 nostro

237 3762 267 3812 et
291 3756 439 3828 magistro
464 3756 693 3811 tavarnicorum
718 3763 894 3813 nostrorum
912 3763 941 3813 et
957 3757 1102 3831 deinceps
1117 3759 1187 3814 aliis
1207 3760 1320 3830 quibus
1346 3767 1501 3832 presentes

237 3860 478 3931 ostenderentur,
503 3860 595 3917 firmo
619 3859 729 3918 damus
753 3862 812 3918 sub
836 3862 944 3932 edicto,
968 3870 1002 3919 ut
1026 3864 1103 3920 nibil
1127 3871 1232 3920 contra
1250 3865 1389 3937 ipsorum
1408 3866 1501 3922 liber-

236 3973 330 4024 tatem
354 3983 444 4039 agere
478 3973 531 4023 aut
554 3984 591 4023 ex
616 3968 659 4023 eis
683 3968 845 4039 quitquam
878 3967 1071 4041 confringere
1102 3969 1234 4026 debeant
1261 3978 1314 4027 aut
1338 3987 1500 4044 presump-

236 4080 320 4130 mant
344 4073 438 4130 modo
461 4073 598 4145 aliquali.
622 4073 739 4130 Datum
763 4073 855 4145 Bude,
875 4075 905 4131 in
922 4074 1055 4131 secunda
1077 4075 1231 4132 dominica
1254 4076 1499 4148 quadragesime,

235 4195 296 4251 qua
319 4184 458 4237 cantatur
487 4179 701 4236 Reminiscere.
725 4181 815 4237 Anno
839 4180 955 4237 domini
979 4179 1115 4236 MCCCL
1137 4183 1253 4254 quinto.

324 4330 463 4396 Originale
485 4333 512 4381 in
537 4331 695 4382 membrana.
723 4335 745 4381 Α
771 4338 847 4396 tergo
866 4349 881 4381 a
899 4333 984 4398 ligula
1004 4335 1169 4383 membraneo
1190 4333 1307 4400 fragmen
1327 4336 1446 4400 appressi
1466 4336 1498 4384 si-

233 4417 302 4482 gilli.
322 4418 351 4467 ln
370 4419 469 4469 archiv.
489 4421 569 4469 Acad.
590 4420 684 4470 Scient.
708 4422 778 4471 Slav.
798 4421 890 4470 merid.
