3488 5242
645 354 718 411 Doc.
742 366 816 429 299.
842 387 879 396 -
902 353 959 410 An.
983 349 1075 430 1380.
1429 352 1489 426 283

225 553 310 609 viros
341 551 513 623 Nicolaum,
546 550 648 608 filium
678 551 842 621 Dominici,
868 566 963 608 unum
984 566 1023 607 ex
1044 551 1135 608 nobis
1158 548 1312 607 iudicibus
1337 548 1492 606 nobilium

227 672 263 715 ac
278 656 490 727 laurencium,
508 657 610 715 filium
626 657 736 715 Bedew
754 656 792 714 de
809 657 1015 727 Breztouicha,
1032 655 1172 713 homines
1189 660 1308 712 nostros
1324 653 1363 711 ad
1381 669 1494 726 queru-

227 763 326 820 losam
343 767 372 820 et
389 764 552 820 instantem
568 764 752 836 peticionem
769 761 886 833 iudicis,
910 763 1082 820 iuratorum
1098 767 1128 817 et
1143 760 1359 817 universorum
1377 758 1493 815 civium

229 884 282 926 seu
298 869 456 943 hospitum
477 869 591 926 montis
614 867 797 926 Grechensis
821 868 859 926 de
882 868 1032 940 Zagrabia
1055 866 1093 924 ad
1118 865 1314 940 infrascripta
1336 864 1494 923 rescienda

225 975 377 1047 legittime
395 973 651 1044 destinassemus;
676 974 799 1032 tandem
816 974 911 1033 iidem
926 974 967 1031 ad
982 989 1038 1031 nos
1055 973 1165 1030 exinde
1180 973 1296 1030 reversi
1313 971 1404 1029 nobis
1423 986 1494 1027 con-

226 1078 360 1138 corditer
384 1081 563 1151 retulerunt,
585 1081 667 1153 quod
692 1081 752 1154 ipsi
767 1081 808 1137 ab
823 1081 968 1138 omnibus
984 1095 1002 1136 a
1018 1079 1133 1152 quibus
1148 1078 1299 1135 decuisset
1314 1082 1344 1134 et
1360 1077 1496 1134 licuisset

226 1186 322 1243 talem
353 1185 392 1243 de
423 1185 626 1260 infrascriptis
657 1186 819 1243 scivissent
850 1186 1021 1255 veritatem,
1049 1183 1133 1258 quod
1157 1184 1233 1241 dum
1257 1182 1426 1255 Gregorius
1450 1182 1495 1239 in-

227 1293 325 1349 clinus
350 1292 489 1366 ipsorum
514 1293 631 1349 civium
656 1291 732 1350 feria
756 1301 841 1349 sexta
861 1293 1005 1365 proxima
1021 1297 1091 1347 ante
1107 1288 1271 1347 meridiem
1286 1287 1403 1345 scilicet
1419 1287 1495 1344 duo·

227 1397 350 1455 decimo
367 1398 416 1454 die
433 1398 640 1455 concussionis
656 1413 787 1455 ovorum
806 1399 836 1454 in
851 1413 931 1455 anno
948 1396 1066 1455 domini
1084 1396 1252 1453 millesimo
1268 1386 1495 1471 CCCLXX(X),

227 1504 383 1577 preterita,
414 1504 452 1560 ad
485 1503 619 1576 quedam
643 1503 724 1561 facta
754 1519 809 1560 sua
840 1502 1015 1576 peragenda
1042 1518 1098 1576 per
1121 1503 1205 1558 viam
1228 1517 1281 1558 seu
1304 1499 1496 1558 territorium

229 1608 397 1666 eorundem
419 1610 533 1666 civium
558 1610 741 1679 accessisset,
767 1608 889 1666 tandem
914 1609 1042 1681 quidam
1065 1608 1128 1665 duo
1155 1607 1334 1679 iobagiones
1367 1605 1495 1678 capituli

228 1715 355 1772 ecclesie
378 1715 584 1787 zagrabiensis
607 1714 645 1771 de
668 1715 757 1772 Nova
781 1715 859 1772 villa
883 1729 982 1789 prope
1006 1714 1057 1771 vei
1073 1715 1155 1772 circa
1169 1714 1313 1770 ecclesias
1332 1714 1494 1769 beatorum

227 1821 375 1903 Johanuis
398 1821 532 1893 baptiste
555 1829 585 1878 et
608 1820 744 1893 Zakarye
766 1823 832 1891 sita,
853 1821 970 1878 scilicet
991 1822 1155 1904 johannes,
1178 1819 1316 1891 Zagorcb
1340 1817 1441 1875 dictus
1465 1824 1495 1875 et

213 1925 308 1982 0alter
341 1925 521 1983 Benedictus
556 1926 730 1983 nominatus
761 1926 864 1999 ipsum
896 1925 1082 1998 Gregorium
1118 1925 1253 1983 letaliter
1286 1924 1495 1992 wlnerassent,

232 2031 286 2087 ubi
309 2031 453 2114 spiritum
477 2032 506 2088 in
531 2032 696 2089 continenti
723 2032 883 2102 exalasset,
915 2041 944 2089 et
967 2033 1011 2090 sic
1035 2033 1138 2105 ipsum
1162 2036 1321 2088 mortuum
1344 2028 1383 2086 ad
1408 2029 1497 2086 terri·

231 2137 344 2194 torium
369 2137 443 2194 dicti
467 2137 595 2210 capituli
626 2137 735 2194 defferi
768 2146 797 2194 et
825 2153 886 2210 quo
910 2139 1049 2211 ipsorum
1074 2137 1242 2212 placuisset
1266 2135 1419 2192 voluntati
1442 2135 1496 2191 ab·

230 2242 337 2300 scondi
360 2242 518 2313 fecissent;
540 2244 594 2300 lite
617 2250 719 2300 tamen
742 2244 821 2301 inter
843 2243 947 2318 ipsum
969 2243 1142 2317 capitulum
1166 2248 1196 2299 et
1218 2242 1301 2299 cives
1317 2247 1496 2314 prenotatos

229 2347 389 2421 pendente.
413 2349 529 2406 Datum
552 2349 652 2419 Crisii‚
676 2347 753 2406 feria
772 2350 865 2406 tercia
889 2350 1033 2423 proxima
1053 2355 1122 2406 ante
1142 2347 1256 2405 festum
1272 2346 1353 2403 beati
1370 2344 1497 2417 Georgii

233 2456 376 2513 martiris.
400 2457 490 2513 Anno
513 2455 640 2513 domiuo
663 2457 832 2513 millesimo
856 2455 934 2513 CCC
957 2455 1174 2528 octuagesimo.

321 2589 460 2655 Originale
479 2590 506 2640 in
526 2591 617 2640 charta
635 2591 713 2640 valde
733 2605 847 2640 exesum.
870 2589 900 2640 ln
919 2589 989 2639 arch.
1009 2591 1090 2640 Acad.
1110 2588 1205 2641 Scient.
1225 2589 1294 2640 Slav.
1314 2586 1408 2637 merid.

818 2879 908 2946 299.

338 3040 414 3086 Anno
437 3037 510 3094 1280,
534 3044 570 3090 17.
591 3036 691 3101 aprilis.
713 3035 802 3085 Crisii.

234 3165 339 3220 Peiros
367 3146 450 3222 Cirkc
474 3167 623 3223 ru'cebonus
645 3176 673 3224 et
685 3169 798 3243 jorle'ccs
818 3166 953 3222 nobilium
976 3167 1124 3221 comitatus
1145 3164 1288 3220 crisiensis
1311 3162 1344 3218 dc
1373 3160 1498 3233 Georgia

446 3279 541 3328 sutore
563 3274 642 3329 iusm
665 3274 786 3347 capituli
802 3273 938 3345 graviter
961 3271 1121 3340 vulnerato,
1144 3270 1281 3344 referunt.

322 3415 385 3472 Nos
408 3414 516 3471 Petrus
539 3415 663 3488 Chyrke
687 3418 862 3486 vicebanus,
894 3430 997 3472 comes
1021 3414 1184 3487 crisyensis
1210 3429 1246 3470 ac
1269 3412 1384 3471 iudices
1407 3389 1519 3470 nobi?

233 3521 312 3577 lium
335 3520 471 3577 eiusdem
496 3522 667 3579 comitatus.
697 3523 844 3580 Memorie
875 3519 1138 3590 commendamus,
1162 3517 1245 3591 quod
1270 3534 1341 3575 cum
1365 3533 1420 3576 nos
1443 3533 1497 3575 no·

234 3626 313 3682 biles
337 3627 421 3683 viros
445 3627 617 3698 Nicolaum,
649 3628 751 3686 filium
782 3628 946 3697 Dominici
974 3641 1071 3684 unum
1094 3642 1132 3682 ex
1155 3625 1245 3682 nobis
1267 3623 1422 3682 iudicibus
1445 3640 1498 3682 no-

234 3731 346 3787 bilium
370 3747 404 3787 ac
428 3732 639 3803 Laureucium,
664 3734 765 3791 filium
790 3733 901 3790 Bedew
924 3731 962 3789 de
985 3730 1215 3800 Brezthouicha‚
1235 3744 1330 3787 unum
1353 3729 1392 3786 de
1411 3731 1499 3802 regni

234 3837 401 3907 nobilibus,
436 3838 575 3895 homines
606 3845 736 3910 nostros,
767 3839 807 3895 ad
835 3837 1035 3911 querulosam
1066 3842 1096 3894 et
1126 3837 1291 3893 instantem
1314 3836 1498 3910 peticionem

234 3941 351 4013 iudicis
375 3944 545 4000 iuratorum
570 3949 599 4001 et
622 3946 838 4002 universorum
863 3944 979 4002 civium
1002 3943 1115 4001 montis
1137 3941 1320 4000 Grechensis
1343 3941 1383 3999 ad
1406 3940 1500 3999 infra-

235 4049 382 4122 scriptam
420 4050 654 4122 inquisicionem
685 4050 858 4108 faciendam
889 4050 927 4107 de
957 4049 1030 4106 sede
1060 4054 1164 4106 nostra
1196 4047 1333 4106 iudiciali
1363 4047 1500 4119 legitime

235 4153 489 4224 destinassemus;
513 4156 637 4213 tandem
661 4156 754 4214 iidem
778 4155 816 4213 ad
839 4172 895 4213 nos
919 4154 1029 4212 exinde
1052 4155 1177 4224 reversi,
1201 4155 1291 4212 nobis
1307 4152 1500 4211 concorditer

235 4260 416 4330 retulerunt,
441 4260 524 4333 quod
549 4262 607 4334 ipsi
632 4264 673 4319 ab
697 4263 842 4320 omnibus
865 4262 979 4334 quibus
1003 4259 1154 4317 decuisset
1184 4267 1214 4317 et
1245 4260 1381 4317 licuisset
1405 4259 1500 4315 talem

236 4366 274 4422 de
298 4365 501 4439 infrascriptis
524 4368 684 4425 scivissent
708 4368 880 4437 veritatem,
903 4366 987 4440 quod
1011 4365 1129 4424 domini
1153 4365 1191 4423 de
1213 4366 1352 4438 capitulo
1372 4364 1500 4422 ecclesie

235 4471 449 4542 zagrabiensis
481 4471 558 4529 feria
590 4479 699 4545 quarta
731 4473 874 4546 proxima
905 4478 976 4546 post
1007 4478 1132 4529 octavas
1157 4470 1226 4529 festi
1257 4486 1349 4544 pasce
1374 4469 1500 4536 domini,

235 4593 315 4634 nunc
337 4578 479 4650 proxime
494 4579 650 4651 preterita,
667 4578 769 4635 missis
785 4593 892 4635 eorum
909 4576 1116 4650 complicibus
1132 4582 1162 4633 et
1177 4575 1394 4644 familiaribus,
1407 4589 1500 4632 manu
1522 4614 1526 4622 .

237 4691 357 4740 armata
380 4688 410 4739 et
433 4683 631 4757 potenciaria,
655 4685 749 4741 simul
773 4699 845 4740 cum
868 4682 1046 4740 hominibus
1062 4682 1176 4739 Mathei
1200 4687 1231 4739 et
1255 4679 1385 4750 Andree‚
1402 4679 1501 4737 archi-

236 4788 436 4845 diaconorum
461 4789 491 4845 in
515 4789 644 4846 ecclesia
678 4789 825 4864 predicta,
850 4788 1019 4862 quemdam
1048 4787 1257 4846 habitatorem
1283 4787 1424 4861 ipsorum
1448 4800 1501 4843 no·
