3488 5242
655 340 728 396 Doc.
748 336 823 397 268.
850 373 887 382 -
913 340 1080 417 An.1577.
1438 357 1498 418 ²59

236 543 342 596 nostro
372 537 439 594 illic
468 534 642 593 accedendo
672 536 712 592 ab
742 536 887 594 omnibus
917 536 1077 594 nobilibus
1108 541 1139 595 et
1161 537 1352 618 ignobilibus
1375 553 1410 595 ac
1433 537 1502 594 aliis

236 644 371 701 cuiusvis
394 647 499 713 status,
524 641 712 699 condicionis
743 641 885 714 parcium
911 642 1038 700 illarum
1061 642 1248 713 hominibus,
1272 657 1291 698 a
1313 642 1427 714 quibus
1450 640 1503 699 de-

235 751 332 807 cuerit
355 753 385 806 et
407 749 529 806 licuerit
559 748 665 821 palam
688 752 718 804 et
742 747 852 818 oculte,
875 746 1039 820 diligenter
1069 763 1105 805 ac
1126 748 1348 805 conscienciose
1378 748 1501 805 investi·

235 856 345 928 gando,
370 855 467 911 sciant
489 858 520 911 et
543 853 699 925 inquirant
722 851 761 910 de
784 852 944 926 premissis
962 853 1176 911 omnimodam
1194 853 1365 924 veritatem,
1384 860 1414 910 et
1430 859 1502 927 post

236 961 292 1017 hec
316 967 410 1034 prout
433 960 524 1016 vobis
548 958 658 1015 exinde
681 958 796 1015 veritas
819 959 997 1030 constiterit,
1020 959 1148 1016 domino
1165 965 1271 1016 nostro
1287 960 1353 1032 regi
1368 958 1504 1017 fideliter

235 1066 419 1123 rescribatis.
442 1065 559 1121 Datum
584 1065 615 1120 in
638 1062 748 1133 Crisio,
769 1064 900 1121 sabbato
928 1064 1073 1138 proximo
1097 1071 1167 1137 post
1189 1064 1364 1138 predictum
1389 1065 1503 1122 festum

235 1172 420 1228 ascensionis
443 1170 569 1227 domini.
595 1171 683 1226 Anno
707 1169 845 1227 eiusdem
868 1168 1064 1226 MCCCLXX
1086 1171 1227 1244 septimo.

323 1288 346 1336 E
364 1287 493 1337 relatione
512 1286 616 1336 Nicolai
635 1287 668 1335 de
680 1287 786 1344 Ventus
799 1286 902 1335 comitis
916 1286 1101 1352 zagrabiensis‚
1123 1292 1152 1335 ut
1171 1285 1212 1335 ins
1242 1327 1248 1340 .

825 1518 914 1584 268.

340 1645 417 1692 Anno
441 1650 515 1700 1377,
536 1643 575 1690 18.
596 1640 667 1690 maii.
686 1640 840 1706 Zagrabiae.

244 1769 344 1826 Vertus
366 1787 453 1826 comcs
475 1769 591 1842 aogrob.
614 1776 643 1824 ct
661 1768 765 1825 indt'ces
787 1768 931 1836 nobilium,
954 1768 988 1825 dc
998 1769 1185 1843 facinoribus
1207 1777 1350 1827 annuente
1376 1773 1500 1844 copimlo

403 1876 520 1948 zogrob.
544 1876 615 1931 oclis
637 1875 741 1931 bonum
764 1871 882 1931 Petrum
908 1873 1018 1944 Zudor,
1041 1882 1185 1932 certantem
1208 1876 1337 1933 redirent.

325 2019 592 2076 Excellentissimo
615 2018 742 2075 domino
766 2034 872 2075 eorum
908 2018 1072 2090 Lodouico‚
1096 2020 1146 2078 dei
1170 2022 1273 2092 gracia
1307 2022 1413 2080 inclito
1436 2023 1503 2095 regi
1562 2056 1567 2064 ·

236 2128 403 2198 Hungarie,
427 2127 576 2199 magister
599 2125 745 2182 Nicolaus
768 2125 806 2181 de
830 2126 945 2195 VirtuS,
962 2141 1064 2182 comes
1084 2128 1299 2198 zagrabiensis,
1316 2126 1499 2218 Stephanus,

235 2232 319 2289 filius
342 2229 738 2303 Mykech‚Mykech,fi1ius
762 2229 910 2299 Cerhenlr‚
933 2232 1096 2314 Johannes,
1121 2231 1206 2289 filius
1230 2232 1355 2306 Georgii
1379 2240 1408 2291 et
1424 2234 1501 2293 Gre-

236 2339 349 2410 gorius,
373 2337 458 2395 filius
492 2337 633 2404 Irethlen‚
665 2335 781 2392 iudices
811 2337 964 2393 nobilium
997 2338 1159 2394 comitatus
1189 2340 1396 2410 zagrabiensis
1431 2356 1502 2397 cum

236 2444 386 2515 obsequio
418 2443 574 2500 servitutis
604 2458 640 2497 ac
671 2448 820 2515 perpetua
847 2441 1004 2499 fidelitate.
1043 2442 1173 2500 Noverit
1209 2451 1313 2502 vestra
1346 2447 1501 2516 serenitas,

236 2563 291 2606 nos
314 2550 467 2622 recepisse
491 2549 610 2605 litteras
633 2546 790 2617 magnifici
813 2547 872 2604 viri
897 2546 1015 2605 domini
1045 2548 1127 2605 Petri
1158 2548 1278 2620 dear,
1303 2552 1390 2622 regni
1414 2550 1499 2609 Scla-

235 2656 326 2711 uonie
351 2656 433 2724 bani,
458 2656 574 2711 honore
598 2668 660 2725 quo
683 2653 786 2709 decuit
810 2654 839 2710 in
864 2653 920 2709 hec
943 2654 1056 2710 verba:
1081 2648 1155 2731 (vid.
1179 2672 1223 2711 nr.
1249 2655 1319 2726 ²⁶7,
1338 2672 1384 2714 an.
1406 2673 1416 2713 r
1425 2671 1498 2730 3¹17,

237 2777 264 2833 9.
290 2754 382 2836 maii).
406 2760 468 2816 Nos
492 2762 594 2831 itaque
619 2758 771 2815 mandatis
794 2759 891 2832 ipsius
914 2758 1032 2816 domini
1056 2760 1127 2815 bani
1159 2760 1307 2818 hobedire
1330 2764 1497 2836 cupientes,

237 2872 270 2922 ut
294 2874 442 2937 tenemur,
467 2866 544 2921 duos
568 2881 605 2921 ex
636 2865 734 2934 nobis,
766 2864 925 2921 videlicet:
957 2863 1158 2938 Stephanum,
1182 2864 1284 2924 filium
1315 2869 1445 2940 Mykech
1468 2875 1498 2926 et

237 2971 376 3043 Mykech,
400 2972 501 3028 filium
525 2969 676 3040 Cerhenlr,
693 2985 824 3027 unacum
841 2969 980 3042 predicto
995 2969 1095 3041 Petro,
1111 2969 1178 3027 filio
1198 2971 1318 3030 Nicolai
1334 2972 1373 3030 de
1388 2973 1500 3044 Mlaka,

237 3078 362 3134 homine
386 3078 483 3150 ipsius
506 3076 624 3133 domini
648 3076 720 3132 bani
744 3074 783 3130 ad
809 3075 960 3147 premissa
983 3075 1158 3148 peragenda
1178 3092 1236 3149 pro
1252 3078 1429 3135 testimonio
1445 3078 1501 3135 du·

237 3185 340 3240 ximus
365 3181 624 3251 transmittendos
651 3181 704 3253 qui
728 3180 851 3236 tandem
875 3180 985 3236 exinde
1017 3180 1056 3237 ad
1088 3196 1143 3237 nos
1170 3184 1295 3254 reversi,
1318 3184 1409 3241 nobis
1429 3198 1501 3242 con·

237 3289 372 3347 corditer
394 3296 423 3345 et
446 3288 642 3345 uniformiter
665 3287 845 3356 retulerunt,
869 3285 951 3358 quod
982 3287 1042 3359 ipsi
1074 3287 1104 3344 in
1135 3289 1253 3345 octavis
1277 3288 1345 3346 sesti
1368 3288 1500 3363 predicti

236 3395 420 3451 ascensionis
452 3394 570 3451 domini
594 3393 712 3450 illicet
736 3392 812 3448 alias
835 3390 1040 3464 procedendo
1065 3392 1105 3448 ab
1132 3394 1278 3450 omnibus
1308 3395 1423 3467 quibus
1445 3395 1497 3452 de·

237 3502 299 3558 cuit
322 3506 352 3557 et
376 3502 463 3559 licuit
486 3500 709 3557 conscienciose
729 3497 942 3570 investigando
958 3513 977 3554 a
991 3498 1151 3555 nobilibus
1174 3505 1203 3555 et
1224 3500 1414 3572 ignobilibus
1429 3501 1500 3558 illa·

238 3624 309 3665 rum
340 3607 480 3680 parcium
511 3605 691 3662 hominibus
722 3604 815 3660 talem
846 3603 885 3660 de
916 3604 1074 3676 premissis
1106 3604 1266 3662 scivissent
1289 3605 1501 3664 omnimodam

236 3713 409 3782 veritatem,
433 3710 516 3784 quod
541 3710 664 3783 pridem
695 3709 771 3766 feria
801 3710 909 3781 quinta
932 3709 1076 3782 proxima
1099 3714 1168 3767 ante
1195 3709 1308 3767 festum
1333 3711 1415 3769 beati
1442 3711 1501 3770 Ge·

237 3818 315 3889 orgii
347 3817 483 3874 martiris
512 3814 694 3889 predictum,
718 3815 889 3888 capitulum
922 3815 1050 3871 ecclesie
1080 3815 1287 3887 zagrabiensis
1317 3830 1426 3874 eorum
1450 3834 1501 3875 ne·

236 3923 338 3993 quicia
361 3923 559 3995 precogitata,
583 3921 687 3977 animo
711 3919 888 3991 furibundo,
910 3920 1088 3977 hominibus
1108 3921 1248 3993 ipsomm
1265 3922 1501 3981 transmittendo

236 4027 274 4084 ad
299 4027 421 4084 Novam
444 4027 554 4083 villam
578 4026 795 4095 Grechensem,
819 4032 921 4082 vestre
952 4025 1093 4097 civitatis,
1125 4042 1224 4100 prope
1258 4025 1386 4084 tluvium
1409 4027 1498 4097 Zaue,

237 4133 463 4190 habitatoribus
488 4133 518 4189 in
542 4133 609 4204 ipsa
643 4131 852 4201 existentibus,
876 4130 960 4187 clara
991 4130 1067 4201 luce,
1100 4132 1180 4189 recia
1210 4132 1344 4205 piscaria
1365 4133 1501 4191 abstule-

237 4247 308 4296 runt
330 4245 360 4295 et
383 4239 596 4295 demactarunt
620 4244 649 4293 et
673 4235 825 4309 quosdam
848 4251 886 4292 ex
910 4236 985 4309 ipsis
1008 4237 1175 4294 crudeliter
1203 4237 1411 4295 verberarimt
1433 4239 1501 4296 Hiis

237 4359 297 4400 non
321 4345 463 4413 contenti,
486 4343 580 4400 iidem
605 4343 745 4399 homines
769 4341 842 4398 dicti
858 4342 989 4415 capituli
1003 4342 1035 4398 in
1050 4342 1159 4413 vigilia
1175 4342 1338 4399 beatorum
1361 4343 1501 4418 Philippi

237 4457 267 4505 et
278 4450 388 4531 Jacobi
400 4449 624 4522 apostolorum,
639 4448 783 4506 similiter
798 4448 940 4520 proxime
953 4448 1108 4521 preterita,
1121 4448 1176 4506 ubi
1188 4448 1335 4505 mulieres
1354 4455 1384 4506 et
1395 4450 1502 4524 puelle

237 4556 275 4612 de
299 4555 408 4613 eadem
431 4556 520 4613 Nova
543 4556 622 4612 villa
645 4554 684 4611 ad
709 4569 815 4611 earum
840 4553 1069 4625 negociacioues
1084 4555 1223 4627 ipsarum
1247 4553 1446 4613 mercimonia
1461 4556 1501 4613 ad

238 4659 339 4717 torum
364 4666 531 4735 portarent,
556 4661 638 4733 ipsas
661 4661 692 4716 in
716 4658 843 4733 publica
872 4659 923 4716 via
954 4664 1093 4732 repertas
1115 4658 1299 4731 invadendo,
1328 4660 1502 4734 spoliarunt

235 4772 266 4824 et
286 4768 418 4841 turpiter
441 4771 674 4841 pertractarunt.
698 4765 744 4822 De
775 4765 922 4839 predictis
952 4780 1013 4823 non
1043 4764 1235 4838 sufficiendo,
1264 4765 1375 4824 eodem
1397 4767 1447 4825 die
1470 4775 1501 4828 et
