3488 5242
250 374 309 432 232
669 358 742 415 Dec.
766 369 834 435 247.
862 391 898 400 -
920 358 975 415 An.
1000 354 1090 434 1564.

248 563 311 613 tere
335 556 498 626 noluerint,
523 557 627 628 sigilla
659 572 775 626 eorum,
809 573 916 629 ymmo
946 559 1049 614 verius
1075 558 1231 615 munimen
1257 563 1286 614 et
1311 557 1438 613 ecclesie
1462 571 1515 612 sue

250 661 401 731 decorem,
433 678 489 733 per
520 679 581 734 que
611 663 678 719 iura
708 663 794 734 regni
827 664 904 720 tueri
936 663 1085 731 solebant,
1119 663 1295 719 novissimis
1322 662 1515 735 temporibus

250 768 435 837 amitterent,
460 774 489 824 et
513 776 576 825 tam
604 784 692 825 suam
716 784 810 840 quam
835 769 962 826 ecclesie
986 784 1094 825 eorum
1119 768 1235 825 famam
1256 768 1445 841 sempiterno
1461 767 1515 824 ob·

253 873 382 945 probrio
407 873 604 930 macularent.
622 873 701 930 Cum
719 874 812 945 igitur
828 874 899 931 illos
917 874 1021 931 felices
1037 874 1192 931 describat
1208 875 1375 945 antiquitas
1402 874 1516 945 quibus

249 995 288 1035 ex
312 978 413 1035 alieno
438 985 592 1051 prestatur
623 979 742 1036 cautela
775 980 922 1052 periculo
959 980 1098 1037 volentes
1129 979 1243 1036 dictam
1273 979 1434 1035 ecclesiam
1464 994 1516 1035 no-

250 1090 347 1141 stram
370 1084 602 1156 zagrabiensem
632 1085 690 1154 cui,
722 1091 846 1142 auctore
877 1084 943 1156 deo,
976 1085 1048 1142 licet
1082 1085 1216 1142 inmeriti
1247 1084 1450 1157 presidemus,
1474 1085 1517 1141 sic

251 1188 386 1261 undique
410 1205 475 1246 esse
499 1190 673 1261 regulatam
696 1191 792 1262 etsie
816 1195 923 1261 tutam,
947 1198 980 1248 ut
1004 1191 1098 1247 nichil
1122 1191 1169 1261 sit,
1194 1190 1276 1263 quod
1305 1190 1366 1246 sibi
1394 1197 1424 1247 et
1454 1191 1517 1246 suis

252 1295 402 1352 ministris
425 1296 523 1366 possit
546 1296 641 1352 affere
672 1296 878 1368 incommoda,
909 1313 964 1354 nec
996 1296 1081 1353 locus
1112 1297 1216 1353 timori
1246 1296 1446 1366 relinquatur.
1470 1295 1517 1351 De

253 1416 328 1458 sano
351 1406 381 1457 et
404 1407 526 1458 maturo
551 1401 680 1459 consilio
704 1402 868 1459 statuimus
892 1401 1153 1474 inrefragabiliter
1169 1402 1362 1471 sanccientes‚
1379 1400 1461 1472 quod
1478 1400 1516 1456 ad

251 1507 466 1564 execucionem
491 1506 657 1563 cuiuslibet
679 1508 799 1579 negocii
822 1508 1060 1580 regnicolarum,
1084 1507 1168 1580 quod
1192 1508 1285 1578 longo
1317 1523 1374 1563 usu
1398 1506 1517 1563 fideidi-

252 1613 359 1686 gnitali
386 1618 591 1685 nuncupatur,
615 1612 690 1670 dum
716 1613 826 1671 fratres
849 1615 946 1672 nostri
970 1613 1008 1670 de
1039 1614 1177 1686 capitulo
1211 1629 1268 1686 per
1290 1628 1395 1684 regem
1420 1619 1449 1668 et
1472 1629 1518 1669 re-

250 1719 363 1790 ginam,
387 1716 519 1775 iudicem
543 1719 626 1775 curie
650 1734 766 1791 eorum,
792 1720 961 1792 palatinum
979 1725 1009 1776 et
1027 1720 1141 1776 banum
1162 1719 1248 1790 regni
1272 1718 1434 1775 Sclauonie
1466 1716 1515 1773 vel

250 1839 307 1896 per
329 1824 467 1896 aliquem
490 1825 729 1882 iusticiariorum
752 1827 911 1898 Hungarie
933 1832 963 1883 et
989 1825 1150 1883 Sclauonie
1172 1839 1342 1896 regnorum
1359 1823 1397 1880 de
1414 1824 1519 1895 aliqua

248 1946 297 1999 -re,
321 1931 439 1988 nunciis
462 1937 515 1988 aut
539 1931 649 1988 litteris
683 1931 794 1989 fuerint
825 1933 973 2004 requisiti,
999 1932 1077 1989 tales
1099 1931 1247 2004 deputent
1270 1935 1300 1986 et
1324 1929 1458 2001 dirigant
1481 1947 1518 1986 er

254 2036 407 2093 canonicis
431 2037 481 2093 vel
506 2036 719 2110 prebendariis
743 2036 822 2094 dicte
846 2038 973 2095 ecclesie
996 2043 1108 2106 nostre,
1141 2052 1198 2110 pro
1222 2036 1369 2092 varietate
1392 2037 1518 2107 negocii,

254 2143 308 2214 qui
332 2141 414 2199 fame
438 2143 544 2210 nitore,
569 2143 755 2201 consciencie
786 2145 920 2217 puritate
951 2152 981 2201 et
1005 2158 1128 2201 morum
1152 2143 1310 2198 honestate
1334 2141 1519 2214 prefulgent,

254 2253 285 2305 et
307 2254 413 2305 contra
437 2264 515 2321 quos
539 2249 615 2306 alias
638 2248 726 2306 nulla
757 2250 940 2322 suspicionis
971 2265 1062 2307 causa
1093 2250 1124 2306 in
1155 2248 1310 2305 similibus
1332 2248 1433 2305 extitit
1456 2248 1519 2319 agi-

253 2360 324 2410 tata.
349 2355 411 2426 Qui
443 2361 607 2426 antequam
640 2370 717 2411 onus
747 2355 917 2427 exequendi
949 2355 1068 2427 negocii
1099 2361 1322 2426 assumpmant,
1359 2353 1458 2409 iurent
1481 2352 1518 2409 ad

254 2465 375 2516 sanctos
397 2459 456 2529 dei,
477 2459 564 2516 tactis
584 2457 762 2531 euangeliis
782 2462 991 2538 sacrosanctis,
1005 2459 1086 2533 quod
1102 2477 1156 2517 nec
1170 2475 1260 2532 prece
1273 2476 1328 2515 nec
1340 2459 1453 2531 precio,
1467 2474 1521 2515 nec

254 2564 326 2622 odio
349 2581 404 2622 nec
426 2564 532 2622 favore
548 2580 565 2621 a
582 2565 719 2622 veritatis
736 2567 859 2623 tramite
874 2566 1080 2636 reflectuntur,
1106 2565 1158 2622 sed
1183 2565 1344 2638 negocium
1362 2564 1421 2620 sibi
1438 2580 1520 2620 com·

258 2671 387 2727 missum
405 2671 522 2742 absque
542 2671 772 2728 machinacione
792 2673 868 2729 mall
890 2673 955 2729 sine
973 2672 1047 2729 dolo
1064 2679 1262 2743 exequentur,
1278 2678 1308 2727 et
1326 2670 1408 2743 quod
1425 2670 1518 2727 nichil

258 2781 372 2849 petant,
396 2777 446 2833 vel
478 2777 627 2850 recipiant
657 2784 857 2859 acausante,
889 2778 972 2850 quod
1004 2778 1128 2835 dantem
1161 2776 1321 2834 manifeste
1353 2777 1444 2845 ledat,
1470 2775 1519 2832 vel

255 2882 425 2938 clamorem
450 2883 574 2938 suscitet
595 2882 661 2939 sive
685 2898 845 2952 murmur;
868 2883 920 2940 sed
946 2883 1089 2941 habendo
1120 2883 1307 2957 pacienciam
1333 2883 1361 2938 in
1387 2882 1521 2949 dantem,

257 2987 384 3058 ylariter
408 2987 674 3060 recipiantquod
696 2988 834 3046 offertur.
859 2989 890 3046 ln
916 3006 1019 3046 casum
1045 2996 1158 3058 autem,
1183 2989 1236 3045 ubi
1261 2988 1340 3045 forte
1363 2988 1454 3044 labor
1478 2993 1521 3044 ta·

257 3093 336 3149 lium
361 3108 420 3149 non
452 3110 530 3165 eque
563 3095 638 3150 bene
670 3102 926 3164 remuneraretur,
959 3102 1003 3151 tot
1035 3111 1165 3168 persone
1196 3111 1233 3151 ex
1265 3093 1347 3150 dicto
1375 3094 1520 3166 capitul0,

259 3197 341 3269 quod
374 3199 512 3269 sigillare
536 3205 768 3270 consueverunt,
802 3202 950 3257 taxabunt
981 3202 1204 3257 conscienciose
1232 3206 1380 3271 quantum
1411 3200 1522 3256 debeat

260 3312 387 3376 pensata
411 3304 528 3361 laboris
551 3312 578 3362 et
603 3322 693 3362 cause
717 3306 879 3378 qualitate3
904 3307 1033 3380 pecunia
1057 3321 1130 3363 vero
1162 3307 1204 3362 sic
1236 3311 1370 3378 optenta,
1395 3307 1522 3377 inpensa

258 3410 346 3482 prius
369 3410 450 3467 dicta
474 3411 679 3468 retribucione
703 3412 741 3468 de
765 3413 871 3469 labore
899 3412 1026 3468 illorum
1043 3413 1095 3484 qui
1114 3410 1290 3467 huiusmodi
1311 3411 1436 3481 negocia
1453 3425 1522 3466 exe-

258 3521 398 3586 quentur,
423 3531 515 3587 quam
540 3517 736 3588 disposicioni
755 3517 934 3574 eorumdem
959 3517 1090 3574 fratrum
1107 3524 1281 3573 nostrorum
1307 3516 1521 3586 relinquimus,

258 3620 326 3675 usui
351 3622 581 3678 communitatis
605 3622 677 3679 dicti
701 3624 828 3696 capituli
853 3638 909 3695 per
933 3625 1036 3679 omnia
1060 3622 1233 3695 deputetur,
1258 3639 1317 3693 que
1338 3622 1453 3677 scilicet
1471 3637 1522 3694 pe·

258 3725 347 3781 cunia
371 3726 506 3798 reposita
529 3727 558 3782 in
582 3728 675 3784 archa
706 3728 744 3784 ad
777 3729 835 3785 hoc
867 3735 940 3802 apta
971 3729 1029 3785 sub
1060 3728 1165 3799 sigillo
1197 3728 1426 3784 communitatis
1450 3726 1522 3782 dicti

260 3831 388 3902 capituli
412 3840 626 3902 conservetur;
651 3841 680 3890 et
703 3840 870 3907 postquam
894 3835 978 3891 iuxta
1010 3849 1174 3890 numerum
1202 3833 1420 3888 canonicorum
1443 3831 1523 3888 dicte

260 3936 386 3993 ecclesie
417 3944 520 3995 nostre
551 3938 758 4011 fideidignitas
789 3940 856 4013 ipsa
880 3939 1091 3997 circumducta
1113 3943 1322 4007 consumatur,
1346 3939 1453 3995 eadem
1472 3954 1524 4011 pe·

260 4043 348 4099 cunia
379 4043 418 4099 de
449 4044 529 4101 dicta
562 4046 655 4102 archa
688 4051 817 4119 excepta
848 4047 926 4103 inter
957 4061 1104 4119 personas
1135 4052 1164 4101 et
1194 4045 1355 4101 canonicos
1386 4044 1522 4101 eiusdem

259 4149 387 4205 ecclesie
403 4158 505 4206 nostre
522 4151 674 4223 equaliter
690 4150 856 4221 dividatur,
880 4152 943 4209 illis
967 4152 1128 4208 dumtaxat
1144 4151 1290 4223 exceptis
1307 4150 1360 4222 qui
1377 4166 1436 4206 non
1454 4158 1522 4206 sunt

260 4254 291 4309 in
315 4256 409 4312 sacris
432 4256 594 4314 ordinibus
617 4259 782 4327 constituti,
807 4259 922 4330 quique
945 4265 1031 4314 extra
1060 4256 1174 4313 dictam
1197 4256 1357 4313 ecclesiam
1386 4263 1523 4313 nostram

260 4360 379 4431 absque
401 4361 563 4419 manifesta
594 4368 623 4420 et
655 4365 835 4421 racionabili
860 4379 951 4421 causa
984 4367 1223 4419 commorantur.
1248 4361 1402 4417 Volumus
1426 4363 1523 4418 eciam

261 4471 290 4521 et
312 4466 371 4522 sub
395 4482 474 4539 pena
496 4467 691 4543 infrascripta
715 4470 913 4543 precipimus,
937 4476 970 4526 ut
990 4470 1148 4542 antiquam
1165 4474 1194 4524 et
1215 4468 1420 4541 prescriptam
1445 4467 1524 4524 dicte

262 4572 389 4629 ecclesie
412 4578 515 4630 nostre
531 4574 562 4631 in
578 4576 701 4649 scriptis
717 4575 882 4646 redactam,
899 4593 960 4649 qua
976 4580 1111 4644 cavetur,
1126 4580 1160 4631 ut
1176 4573 1281 4630 nullus
1297 4573 1478 4630 admittatur
1494 4574 1524 4629 in

262 4677 425 4735 consilium
449 4684 479 4736 et
501 4680 628 4752 agendis
651 4682 788 4755 capituli,
812 4683 949 4754 quinon
973 4687 1019 4739 est
1042 4681 1071 4738 in
1095 4681 1190 4738 sacris
1205 4680 1395 4749 constitutus,
1418 4694 1524 4736 omnes

263 4783 399 4841 canonici
422 4790 453 4842 et
474 4801 606 4859 persone
628 4786 709 4845 dicte
732 4787 860 4845 ecclesie
889 4792 992 4845 nostre
1016 4787 1161 4844 innovent
1184 4794 1213 4843 et
1237 4787 1337 4843 iurent
1361 4785 1525 4842 inviolabi-
