3488 5242
627 330 700 387 Doc.
724 326 791 387 161.
819 364 855 372 -
880 331 936 388 An.
962 344 1048 407 1333.
1427 349 1482 408 14¹

218 436 593 443 ——-.-—-.--—..-—
602 435 726 442 ———-
735 435 900 442 ..----

218 529 317 586 moria
348 528 554 600 significantes
578 533 683 585 tenore
707 527 902 601 presencium
926 528 1040 601 quibus
1067 527 1192 600 expedit
1215 528 1375 599 universis,
1399 527 1482 601 quod

222 634 399 691 accedentes
429 635 459 691 in
492 635 587 692 nostri
617 635 806 707 presenciam
843 633 940 690 Lucas
971 641 1000 691 et
1040 634 1160 703 Paulus,
1192 633 1249 690 filii
1277 633 1416 692 Heidrici
1447 633 1486 692 de

220 739 335 797 Thuria
359 739 582 797 confessisunt
607 756 711 797 coram
735 741 834 810 nobis,
858 739 978 796 dedisse
1010 746 1039 797 et
1071 740 1238 797 contulisse
1262 740 1418 813 quandam
1441 741 1485 798 vi-

217 861 306 903 neam
329 847 467 919 ipsorum
493 847 709 904 hereditariam
734 847 883 904 iacentem
907 847 937 903 in
962 852 1066 903 monte
1088 845 1198 915 Grech,
1223 863 1283 919 que
1306 845 1364 904 fuit
1389 861 1485 919 quon-

218 950 289 1007 dam
314 951 403 1008 vinea
429 951 549 1021 Prihod,
575 952 670 1008 Paulo
694 951 799 1009 comiti
831 952 976 1021 terrestri,
1008 950 1075 1007 filio
1105 951 1220 1019 Daach,
1244 957 1375 1024 cognato
1398 953 1481 1025 ipso·

217 1073 296 1125 rum,
321 1065 450 1131 propter
481 1059 782 1130 consaguineitatem,
814 1065 876 1114 tam
909 1058 968 1114 sibi
1000 1073 1093 1129 quam
1125 1059 1187 1113 suis
1210 1057 1376 1115 heredibus
1399 1058 1485 1115 here·

218 1162 355 1234 dumque
379 1179 505 1220 suorum
530 1164 758 1221 successoribus
790 1165 856 1220 iure
888 1168 1040 1237 perpetuo
1073 1163 1291 1238 possidendam
1316 1170 1344 1221 et
1369 1164 1486 1221 baben·

218 1268 298 1326 dam.
323 1270 355 1325 ln
379 1271 465 1326 cuius
481 1271 527 1326 rei
544 1271 752 1327 testimonium
770 1276 862 1342 atque
879 1268 1092 1327 certitudinem
1114 1269 1290 1342 sigillorum
1308 1278 1486 1327 nostrorum

218 1375 363 1432 duximus
395 1384 552 1449 presentes
583 1377 752 1433 roboratas.
785 1376 900 1433 Datum
936 1376 966 1432 in
1001 1376 1108 1447 vigilia
1144 1376 1328 1433 ascensionis
1360 1376 1485 1434 domini.

219 1484 307 1538 Anno
331 1482 448 1539 domini
480 1483 647 1538 millesimo
671 1481 749 1539 CCC
771 1481 927 1538 tricesimo
951 1482 1053 1538 tercio.

307 1635 446 1700 Originale
466 1636 492 1684 in
512 1635 670 1692 membrana,
689 1651 703 1684 a
723 1635 821 1685 sericea
840 1635 923 1684 rubra
942 1642 966 1684 et
985 1635 1047 1684 alba
1065 1649 1129 1684 zona
1158 1635 1289 1699 appendet
1307 1634 1434 1697 sigillum.
1454 1634 1485 1684 ln

220 1725 318 1773 archiv.
339 1726 418 1773 ncne.
440 1724 534 1774 Scient.
555 1724 623 1774 slav.
644 1723 735 1773 merid.

813 1935 891 2000 161.

327 2081 400 2127 Anno
424 2088 496 2136 1333.
521 2087 557 2125 11.
577 2076 658 2142 Junii.
678 2076 830 2142 Zagrabiae.

224 2187 346 2245 Carolus
374 2190 551 2261 Hunguriae
582 2196 628 2245 etr.
653 2207 706 2244 rex
721 2189 839 2244 -litteres
861 2186 1102 2243 reambulateriar
1123 2189 1245 2260 capituli
1264 2187 1395 2251 albensis,
1418 2196 1487 2260 por-

439 2296 572 2351 sessiones
595 2296 657 2363 ercl,
680 2294 796 2365 aagrab.
821 2312 895 2367 quac
916 2294 1077 2366 respicient,
1101 2295 1258 2368 confirmat.

306 2437 369 2495 Nos
403 2438 536 2495 Karolus
567 2438 616 2495 dei
647 2439 749 2510 gracia
781 2454 835 2494 rex
866 2438 1032 2510 Hungarie.
1063 2438 1212 2495 Memorie
1235 2436 1486 2495 commendantes

219 2550 323 2600 tenore
354 2544 547 2616 presencium
581 2543 800 2616 significamus,
829 2544 943 2616 quibus
966 2542 1091 2618 expedit
1114 2544 1274 2600 universis.
1299 2542 1390 2616 Quod
1414 2558 1483 2600 cum

218 2665 273 2706 nos
304 2649 341 2706 ad
373 2651 557 2722 peticionem
590 2651 777 2706 venerabilis
800 2651 830 2707 in
854 2649 978 2707 Christo
1003 2650 1099 2722 patris
1124 2650 1258 2707 ladizlai
1282 2650 1331 2706 dei
1355 2657 1385 2705 et
1407 2665 1481 2722 apo·

219 2757 325 2811 stolice
349 2756 429 2813 sedis
453 2757 555 2827 gracia
580 2755 718 2829 episcopi
741 2756 947 2827 zagrabiensis
971 2760 1000 2813 et
1024 2756 1253 2812 honorabilium
1279 2757 1419 2812 virorum
1437 2771 1486 2812 ca·

220 2862 310 2934 pituli
335 2862 472 2919 eiusdem
498 2863 625 2918 ecclesie
650 2861 791 2919 fidelium
816 2868 1001 2931 nostrorum,
1019 2841 1104 2919 iuxta
1128 2863 1213 2935 regni
1237 2864 1333 2920 nostri
1357 2878 1483 2920 consve-

218 2968 356 3024 tudinem
382 2969 495 3025 bonam
520 2975 550 3025 et
573 2969 732 3039 antiquam
756 2973 785 3025 et
809 2969 849 3025 ab
873 2969 1000 3040 antiquo
1015 2970 1232 3042 approbatam,
1249 2969 1334 3026 iuxta
1351 2967 1485 3026 formam

220 3074 392 3130 litterarum
417 3082 596 3131 nostrarum
619 3075 811 3146 generalium
835 3089 893 3147 pro
909 3074 1141 3131 reambulandis
1158 3074 1403 3147 possessionibus
1419 3077 1485 3132 uni·

219 3181 315 3235 versis
333 3186 467 3252 pretacte
483 3181 610 3236 ecclesie
625 3181 831 3251 zagrabiensis
849 3186 878 3236 et
892 3185 1046 3237 metarum
1063 3179 1243 3237 earumdem
1257 3181 1484 3254 possessionum

220 3287 436 3353 ereccionibus‚
454 3285 599 3342 fidelibus
618 3287 729 3343 nostris
746 3262 882 3359 capitulo
899 3287 1026 3343 ecclesie
1042 3287 1186 3355 albensis,
1203 3294 1235 3343 ut
1252 3287 1311 3360 ipsi
1327 3287 1485 3345 hominem

219 3406 326 3446 eorum
351 3391 413 3447 fide
436 3391 563 3463 dignum
591 3407 648 3464 pro
663 3392 839 3449 testimonio
855 3392 893 3449 ad
910 3392 1146 3465 requisicionem
1160 3399 1402 3450 memoratorum
1419 3395 1483 3468 epi·

219 3498 305 3569 scopi
329 3505 358 3554 et
383 3499 509 3570 capituli
535 3497 674 3554 fidelium
692 3504 868 3554 nostrorum
884 3514 1016 3555 unacum
1032 3499 1149 3581 Jacobo
1165 3499 1237 3555 aule
1253 3507 1359 3556 nostro
1374 3498 1486 3575 juvene

221 3604 408 3672 thavarnicO,
424 3605 474 3660 vel
492 3605 653 3666 lwaehino,
682 3603 747 3660 filio
771 3604 898 3672 Thome,
922 3604 968 3661 fili
993 3604 1131 3676 Beriuoy,
1156 3605 1253 3662 altero
1271 3605 1405 3673 absente,
1433 3607 1486 3663 ho-

220 3710 301 3765 mine
318 3717 430 3778 nostro,
444 3710 482 3766 ad
500 3710 740 3766 reambulandas
756 3710 963 3783 possessiones
975 3709 1113 3767 eiusdem
1129 3710 1264 3781 ecclesie,
1281 3710 1484 3769 contradicto·

221 3816 314 3884 ribus,
331 3817 356 3871 si
372 3817 424 3887 qui
442 3816 549 3872 fierent
566 3815 603 3872 ad
622 3828 757 3872 nostram
779 3816 967 3888 presenciam
987 3816 1123 3886 legitime
1140 3817 1282 3884 evocatis
1299 3817 1487 3873 transmitte·

220 3927 295 3989 rent,
312 3927 342 3976 et
359 3921 482 3977 tandem
508 3920 578 3977 facti
599 3921 710 3977 seriem
734 3921 823 3977 nobis
846 3921 1016 3977 rescribere
1033 3920 1225 3989 debentibus,
1243 3921 1411 3978 scribentes
1431 3921 1483 3980 de-

222 4025 373 4082 dissemus
399 4028 427 4083 in
455 4027 623 4096 mandatis;
640 4033 709 4099 post
733 4027 789 4083 hec
812 4026 928 4083 dictum
945 4027 1126 4099 capitulum,
1144 4025 1253 4083 fideles
1268 4029 1374 4097 nostri,
1391 4044 1485 4101 super

220 4133 278 4188 hoc
296 4134 384 4189 nobis
401 4135 624 4205 rescripserunt
637 4134 667 4189 in
681 4134 736 4189 hec
751 4133 863 4189 verba:
877 4127 950 4210 (vid.
967 4149 1010 4189 nr.
1031 4131 1099 4206 146.
1115 4148 1161 4189 an.
1182 4132 1273 4206 1328,
1292 4150 1316 4192 1.
1330 4128 1483 4210 Augusti).

221 4238 283 4295 Nos
310 4240 411 4310 itaque
435 4256 472 4295 ex
497 4247 602 4295 tenore
627 4239 785 4295 literarum
810 4239 1096 4311 rescripcionalium
1112 4239 1339 4311 prelibatorum
1356 4241 1484 4313 capituli

220 4344 347 4402 ecclesie
371 4346 505 4402 albensis
530 4344 669 4401 fidelium
694 4352 870 4402 nostrorum
894 4361 988 4417 super
1011 4345 1261 4402 reambulacione
1284 4353 1314 4403 et
1331 4354 1483 4404 metarum

220 4451 375 4506 ereccione
400 4457 632 4523 pronotatarum
659 4452 885 4523 possessionum
911 4456 941 4507 et
959 4450 1106 4508 villarum
1124 4450 1197 4508 dicti
1213 4452 1341 4524 capituli
1357 4452 1485 4509 ecclesie

220 4556 425 4627 zagrabiensis
457 4562 597 4628 tempore
629 4557 741 4629 prioris
771 4565 801 4612 et
831 4556 1010 4613 immediate
1040 4556 1232 4630 precedentis
1262 4557 1358 4629 sigilli
1388 4558 1484 4616 nostri

221 4660 301 4718 facta
333 4662 427 4718 modo
457 4663 609 4733 premisso
640 4661 806 4729 informati,
842 4667 993 4734 quatenus
1022 4663 1112 4719 nobis
1147 4678 1203 4735 per
1237 4670 1484 4737 promemoratos

220 4766 328 4824 fideles
351 4776 471 4825 nostros
495 4768 667 4841 capitulum
690 4767 818 4824 ecclesie
848 4767 984 4826 albensis
1006 4766 1195 4825 antedictum
1218 4784 1313 4843 super
1338 4770 1482 4827 reambu·
