3488 5242
637 354 709 412 Dor.
733 366 786 432 79.
814 387 850 395 —
876 354 931 410 An.
956 367 1043 428 1291.
1439 355 1478 427 67

219 461 457 469 --—-.-—-

215 552 342 610 donavit
365 559 395 610 et
418 553 547 611 contulit
571 553 637 609 iure
661 556 810 625 perpetuo
826 551 857 608 in
873 550 956 608 filios
971 550 1109 609 filiorum
1126 550 1349 625 possidendum
1372 567 1478 608 coram

216 658 313 715 nobis.
336 658 374 715 Et
398 658 456 731 ipsi
479 657 642 716 collacioni
665 672 719 713 seu
742 655 904 713 donacioni
927 655 1097 727 Ladizlaus,
1115 656 1199 714 filius
1222 657 1343 715 comitis
1359 655 1479 725 Hodus,

216 778 275 837 pro
298 779 337 823 se¹
354 769 383 820 et
407 778 465 836 pro
488 762 598 820 eodem
622 761 738 833 Ilodus,
770 768 857 834 patre
889 776 953 831 suo,
992 777 1028 819 ac
1058 763 1206 834 magister
1229 761 1372 820 Briccius.
1398 760 1482 818 filius

216 868 346 938 Andree,
371 875 519 941 cognatus
543 867 616 925 dicti
640 867 761 924 comitis
784 865 901 937 Hodus,
925 867 1070 925 similiter
1092 882 1199 925 coram
1221 868 1311 925 nobis
1334 882 1480 940 persona·

216 972 287 1031 liter
310 979 451 1043 astantes,
476 989 635 1031 assensum
658 973 849 1047 prebuerunt
872 978 902 1030 et
925 987 1117 1043 consensum,
1141 971 1285 1043 dicentes,
1308 972 1412 1047 ipsum
1429 988 1483 1046 pa·

218 1080 331 1137 lacium
358 1081 387 1137 in
411 1081 458 1136 ius
482 1086 511 1136 et
535 1080 756 1152 proprietatem
789 1077 862 1135 dicti
893 1079 1034 1150 magistri
1065 1078 1153 1136 Pauli
1180 1093 1237 1151 per
1259 1076 1390 1135 modum
1413 1092 1484 1135 con-

216 1186 330 1242 cambii
366 1184 459 1242 suisse
482 1186 669 1242 revolutum.
694 1183 743 1241 Ad
768 1185 918 1241 maiorem
941 1185 1040 1241 eciam
1063 1184 1109 1241 rei
1132 1183 1348 1241 'certitudinem
1366 1184 1483 1241 litteras

216 1291 289 1348 dicti
314 1291 435 1348 comitis
462 1290 577 1360 Hodus,
602 1289 696 1347 iidem
718 1288 890 1360 Ladizlaus‚
913 1289 998 1346 tilius
1021 1303 1094 1347 suus
1114 1294 1143 1346 et
1172 1288 1320 1360 magister
1339 1288 1483 1358 Briccius,

217 1397 275 1453 sub
299 1396 404 1468 sigillo
442 1397 562 1453 notorio
594 1395 731 1453 eiusdem
763 1395 884 1452 comitis
914 1394 1024 1452 Hodus
1054 1409 1235 1458 consensum
1267 1402 1296 1451 et
1326 1409 1486 1451 assensum

217 1518 310 1576 super
331 1502 498 1560 donacione
522 1501 661 1576 predicta
684 1510 715 1559 et
738 1502 920 1559 concambio
950 1501 1030 1558 inter
1061 1501 1165 1575 ipsum
1195 1501 1236 1557 ab
1259 1515 1320 1558 una
1344 1506 1431 1573 parte
1455 1505 1485 1556 et

217 1610 401 1679 magistrum
426 1609 555 1665 Paulum
580 1608 620 1664 ab
643 1608 741 1665 altera
764 1608 960 1676 continentes
992 1612 1209 1681 presentarunt
1231 1608 1262 1664 in
1289 1608 1346 1663 hec
1370 1606 1484 1680 verba;

218 1707 291 1789 (vid.
316 1730 358 1771 nr.
385 1728 432 1786 73.
456 1712 494 1770 de
521 1728 600 1770 anno
626 1705 728 1788 1291).
759 1712 823 1770 Nos
848 1713 951 1785 itaque
974 1712 1013 1770 ad
1038 1713 1223 1786 peticionem
1247 1717 1278 1770 et
1302 1712 1483 1769 instanciam

219 1818 291 1875 dicti
316 1820 456 1889 magistri
480 1818 568 1876 Pauli
591 1824 620 1874 et
644 1817 776 1876 Gilionis
799 1818 875 1875 civis
898 1817 1069 1888 Grecensis‚
1092 1833 1210 1876 necnon
1233 1818 1354 1875 comitis
1377 1815 1486 1875 Hodus

219 1924 356 1998 sepefati,
391 1924 593 1982 donacionem
625 1923 755 1997 predicti
786 1924 899 1996 palacii
929 1939 985 1996 per
1014 1925 1116 1997 ipsum
1145 1925 1330 1995 magistrum
1352 1922 1486 1979 Paulum

219 2030 277 2102 ipsi
302 2029 418 2087 Gilioni
442 2029 563 2097 factam,
588 2030 699 2086 nostris
723 2029 898 2102 patentibus
932 2029 1043 2086 litteris
1066 2028 1212 2102 predictis
1235 2027 1389 2097 Ladizla0,
1418 2027 1485 2085 filio

219 2135 327 2192 Hodus
344 2142 373 2192 et
398 2135 546 2206 magistro
570 2133 695 2203 Briccio,
719 2135 921 2206 presentibus,
938 2133 1084 2191 duximus
1101 2133 1354 2192 confirmandam.
1370 2133 1486 2191 Datum

220 2241 250 2298 in
273 2241 441 2309 Kamarun,
464 2243 494 2297 in
518 2239 680 2312 quindenis
704 2240 787 2297 beati
809 2240 958 2322 Johannis
981 2240 1123 2313 baptiste.
1148 2241 1238 2297 Anno
1260 2238 1379 2297 domini
1403 2237 1486 2296 MCC

219 2347 418 2418 nonagesimo
440 2346 551 2418 primo.

306 2464 328 2511 E
347 2468 511 2527 transumpto
531 2463 700 2527 magistratus
719 2462 792 2513 civit.
813 2463 976 2521 Grechensis‚
996 2477 1064 2513 anno
1086 2472 1160 2526 1291.

823 2697 885 2765 79.

326 2841 401 2887 Anno
423 2847 497 2898 1291,
518 2847 556 2885 11.
578 2836 700 2900 Augusti.
723 2836 876 2899 Zagrabiae.

228 2965 358 3023 divitatis
381 2967 482 3022 inentis
511 2965 682 3023 Grechenst's
703 2965 737 3022 de
754 2964 903 3038 Zograbia
918 2966 1105 3023 cominum'tas
1118 2966 1214 3038 sigillo
1229 2967 1352 3039 proprio
1375 2967 1486 3024 litteras

222 3090 324 3139 omnes,
339 3073 517 3128 ‹lorratrhnem
533 3073 643 3145 palatii
663 3070 777 3129 Gilioni
790 3072 881 3127 comm
890 3071 1014 3144 factam,
1030 3089 1103 3144 quae
1119 3072 1280 3143 respiciunt,
1296 3074 1484 3130 transunrmit.

311 3216 373 3274 Nos
397 3217 583 3273 Katharinus
607 3215 706 3290 major
729 3216 813 3282 ville,
838 3215 953 3273 iudices
976 3221 1006 3272 et
1030 3215 1204 3287 consiliarii,
1234 3215 1365 3272 scilicet:
1391 3215 1484 3286 Benlr,

223 3323 338 3389 Nicola,
363 3322 489 3392 Puneth,
513 3322 658 3391 Thomas,
681 3321 837 3394 Rodolph‚
861 3321 977 3389 Petrus,
1001 3320 1098 3403 Jacob
1121 3326 1151 3377 et
1174 3321 1248 3377 Iuan
1278 3336 1314 3377 ac
1348 3323 1485 3379 universi

222 3430 304 3485 cives
328 3427 366 3483 de
388 3435 492 3484 monte
516 3428 643 3484 lireech.
668 3426 884 3498 significamus
908 3427 1022 3499 quibus
1044 3426 1169 3499 expedit
1192 3427 1344 3484 universis
1360 3443 1485 3503 presen-

223 3535 305 3591 cium
329 3549 386 3606 per
409 3540 555 3601 tenorem,
588 3532 670 3604 quod
703 3533 825 3604 Gilyon,
857 3531 1015 3606 quondam
1047 3533 1147 3589 maior
1177 3532 1253 3588 ville
1281 3534 1393 3602 nostre,
1417 3548 1488 3590 con·

224 3640 300 3695 civis
326 3644 437 3707 noster,
462 3638 579 3694 litteras
603 3639 736 3711 preclari
758 3637 875 3695 domini
906 3639 1002 3695 nostri
1034 3636 1166 3708 Andree,
1198 3636 1247 3694 dei
1279 3638 1382 3710 gracia
1407 3653 1486 3694 sere-

223 3746 340 3802 nissimi
364 3746 445 3816 regis
471 3745 635 3816 ilungarie,
659 3750 798 3818 patentes
830 3743 973 3801 videlicet
1003 3750 1032 3801 et
1063 3744 1184 3800 clausas
1215 3743 1355 3800 exhibuit
1390 3743 1488 3805 nobis.

224 3860 359 3907 tenorem
384 3850 561 3907 huiusmodi
586 3852 788 3907 continentes:
812 3844 885 3927 (vid.
909 3866 954 3906 nr.
980 3848 1028 3918 78.
1053 3848 1092 3906 de
1116 3864 1195 3905 anno
1224 3864 1313 3922 1291,
1342 3847 1368 3906 8.
1392 3842 1488 3931 Julii).

223 3956 323 4012 Tenor
347 3962 450 4013 autem
475 3957 648 4013 litterarum
673 3956 859 4027 clausarum,
883 3971 960 4028 quas
984 3955 1129 4012 dominus
1152 3960 1257 4012 noster
1280 3955 1412 4012 illustris
1435 3970 1489 4011 rex

223 4063 313 4118 nobis
336 4063 365 4118 in
392 4061 472 4118 lacto
495 4062 604 4118 eodem
628 4061 801 4133 destinavit,
826 4062 897 4119 talis
921 4067 982 4120 est:
1006 4056 1080 4140 (vid.
1104 4078 1148 4119 nr.
1178 4060 1488 4133 76.deann01291‚

226 4184 272 4225 21.
298 4161 412 4241 martii)
447 4168 596 4224 Exhibuit
620 4169 718 4224 eciam
743 4169 906 4241 proprium
931 4168 1131 4242 privilegium
1162 4166 1325 4223 memorati
1351 4166 1490 4235 magistri

226 4274 310 4331 Pauli
334 4280 363 4329 et
385 4274 503 4330 litteras
526 4289 597 4330 cum
621 4273 759 4330 eiusdem
783 4273 887 4346 sigillo
915 4274 1117 4347 consignatas,
1142 4273 1173 4330 in
1197 4272 1252 4329 hec
1279 4272 1391 4329 verba:
1415 4265 1496 4355 (vid,

224 4396 267 4436 nr.
294 4393 331 4447 77
357 4379 395 4435 de
419 4395 498 4436 anno
527 4395 616 4452 rapi.
646 4393 691 4447 17.
708 4380 801 4462 Junii‚
825 4386 854 4437 et
877 4397 922 4437 nr.
949 4394 986 4448 75
1014 4379 1052 4436 de
1075 4394 1155 4436 anno
1183 4371 1285 4453 1291).
1311 4377 1423 4434 Attulit
1447 4377 1491 4433 in-

224 4501 316 4558 super
340 4491 527 4542 memoratus
550 4486 655 4541 Gilion
681 4485 799 4542 litteras
820 4485 950 4560 predicti
966 4487 1070 4544 comiti
1087 4484 1204 4555 Hodus,
1222 4484 1281 4541 sub
1299 4484 1357 4540 hac
1373 4481 1490 4539 forma:

225 4584 298 4667 (vid.
313 4606 356 4646 nr.
371 4603 418 4663 74.
433 4589 471 4646 de
485 4604 564 4647 anno
586 4582 687 4664 1291).
704 4589 849 4648 Ceterum
866 4592 905 4649 ad
923 4593 1074 4650 maiorem
1089 4593 1134 4649 rei
1150 4588 1364 4648 certitudinem
1378 4593 1407 4645 et
1421 4603 1491 4645 cau·

225 4695 320 4751 telam
340 4695 494 4769 sepefatus
515 4695 619 4753 Gilion
641 4695 758 4754 litteras
778 4697 923 4767 ladizlai,
941 4696 991 4755 dei
1014 4698 1118 4769 gracia
1134 4694 1291 4768 quondam
1307 4694 1390 4766 regis
1406 4693 1492 4750 Hun-

225 4801 309 4873 garie
326 4802 409 4859 clare
421 4801 654 4872 recordacionis,
667 4801 784 4861 domini
800 4804 898 4861 nostri
912 4803 1107 4874 serenissimi,
1121 4817 1198 4876 quas
1216 4816 1310 4876 super
1321 4799 1490 4858 collacione
