3488 5242
589 337 662 394 Du.
684 331 755 413 283.
779 330 853 413 284.
880 366 917 376 -
943 334 999 392 An.
1023 329 1113 411 1378.
1423 352 1480 407 271

218 534 271 591 vel
295 534 372 591 duos
396 551 434 591 ex
458 535 548 591 vobis
571 534 796 604 transmittatis,
820 533 874 606 qui
896 533 937 590 ab
957 533 1102 590 omnibus
1125 533 1239 605 quibus
1255 532 1342 590 decet
1358 539 1388 590 et
1404 532 1485 604 licet,

218 640 383 712 diligenter
405 639 443 697 de
466 640 626 713 premissis
658 638 880 712 investigand0,
912 639 1009 695 sciant
1040 644 1069 695 et
1092 639 1249 711 inquirant
1272 637 1484 695 omnimodam

218 746 390 816 veritatem,
422 752 451 803 et
483 754 553 819 post
585 746 642 802 hec
664 750 759 819 prout
781 745 871 802 vobis
894 745 1004 802 exinde
1028 745 1142 802 veritas
1165 745 1335 802 constiterit
1358 743 1485 801 domino

218 857 323 908 nostro
346 853 412 924 regi
434 851 570 909 fideliter
593 851 778 909 rescribatis.
801 851 917 908 Datum
941 850 1099 923 Zagrabie,
1122 850 1197 906 feria
1214 855 1323 922 quarta
1341 851 1484 923 proxima

218 963 288 1013 ante
311 955 425 1014 festum
448 958 538 1015 beate
560 958 653 1015 Elene
676 958 789 1029 regine.
814 958 903 1013 Anno
927 956 1044 1013 domini
1070 954 1264 1011 MCCCI.XX
1287 962 1404 1011 octavo.

307 1091 329 1140 E
347 1091 445 1141 litteris
465 1090 643 1156 inquisitoriis
663 1090 735 1140 Petri
755 1091 871 1157 Chyrke,
890 1099 919 1140 ut
938 1090 1014 1140 inira.

815 1340 902 1406 283.

325 1486 400 1533 Anno
422 1484 495 1541 1378,
518 1492 538 1531 1.
558 1482 638 1549 Junii.
659 1481 747 1532 Crisii.

247 1610 342 1667 Cunus
368 1611 510 1667 crunnus
545 1629 579 1667 ac
613 1611 716 1668 iudices
750 1610 886 1667 nobilium
912 1617 1036 1683 peracta
1071 1609 1253 1683 inquisitione
1285 1609 1318 1665 dc
1347 1609 1471 1683 nefariis

355 1717 463 1774 actibus
485 1718 610 1773 Domnii
630 1718 766 1791 officialis
788 1718 916 1790 capimli,
939 1717 1013 1773 bano
1037 1715 1195 1773 Slaooniae
1216 1717 1353 1790 referunt.

307 1861 575 1919 Excellentissimo
605 1862 731 1919 domino
755 1876 863 1918 eorum
890 1860 1055 1930 Lodouico,
1078 1858 1128 1916 dei
1150 1859 1255 1931 gracia
1282 1859 1388 1916 inclito
1421 1860 1485 1932 regi

219 1967 385 2038 Hungarie‚
417 1967 543 2024 domino
574 1968 713 2040 ipsorum
744 1968 886 2037 naturali,
918 1966 1065 2037 magister
1095 1965 1202 2021 Petrus
1234 1964 1356 2033 Chirlre,
1380 1980 1484 2022 comes

219 2073 372 2129 crisiensis
411 2081 441 2130 et
470 2073 586 2130 iudices
610 2074 764 2130 nobilium
795 2071 933 2129 eiusdem
957 2072 1129 2131 comitatus,
1157 2070 1389 2127 inclinacionem
1414 2086 1485 2127 cum

219 2184 369 2251 perpetua
393 2177 550 2235 fidelitate.
575 2178 703 2234 Noverit
724 2176 875 2234 celsitudo
899 2184 1009 2244 vestra,
1034 2192 1089 2233 nos
1111 2176 1262 2248 recepisse
1286 2176 1404 2232 litteras
1421 2191 1485 2232 ma·

219 2283 323 2354 gnifici
356 2285 413 2340 viri
446 2283 564 2341 domini
596 2283 677 2340 Petri
701 2283 810 2349 Zudar,
841 2283 926 2354 regni
951 2281 1113 2339 Sclauonie
1137 2282 1218 2350 bani,
1242 2282 1323 2338 hunc
1346 2289 1485 2339 tenorem

219 2391 422 2446 continentes:
446 2384 519 2466 (vid.
543 2406 586 2446 nr.
614 2388 683 2446 282.
707 2405 786 2446 anuo
814 2389 905 2461 1378,
938 2405 984 2462 19.
1016 2381 1098 2463 mai.)
1131 2387 1193 2444 Nos
1230 2388 1332 2460 itaque
1360 2388 1485 2460 peticio·

219 2495 311 2551 nibus
341 2496 439 2569 ipsius
469 2496 586 2552 domini
619 2496 692 2552 bani
722 2500 897 2564 annuentes,
929 2493 1101 2563 Nicolaum,
1133 2494 1236 2550 filium
1267 2495 1423 2553 Dominici
1456 2502 1485 2552 et

221 2600 355 2671 Petrum,
377 2601 480 2658 filium
507 2601 633 2672 Nicolai,
657 2602 734 2657 duos
758 2617 795 2658 ex
819 2601 909 2657 nobis
932 2599 1085 2657 iudicibus
1109 2600 1261 2657 nobilium
1279 2600 1318 2657 ad
1335 2601 1486 2673 premissa

220 2705 394 2779 indaganda
418 2723 475 2781 pro
499 2708 674 2765 testimonio
698 2707 845 2764 duximus
867 2706 1126 2776 transmittendos,
1151 2707 1205 2779 qui
1227 2706 1353 2763 demum
1375 2707 1485 2765 exinde

220 2813 257 2869 ad
283 2829 338 2870 nos
362 2814 477 2870 reversi
501 2814 592 2871 nobis
615 2813 811 2870 uniformiter
838 2819 868 2869 et
891 2811 1084 2870 concorditer
1106 2813 1286 2880 retulerunt,
1318 2812 1403 2885 quod
1425 2814 1485 2886 ipsi

220 2919 351 2975 sabbato
376 2920 519 2992 proximo
543 2923 613 2991 post
637 2917 749 2975 festum
772 2919 956 2975 ascensionis
983 2917 1110 2988 domini,
1140 2934 1219 2974 nunc
1251 2917 1393 2991 proxime
1416 2934 1486 2992 pre·

220 3026 354 3095 teritum,
378 3027 408 3082 in
424 3027 561 3099 capitulo
577 3026 767 3097 zagrabiensi
784 3031 812 3082 et
829 3026 859 3083 in
877 3040 988 3098 campo
1004 3024 1142 3082 eiusdem
1159 3023 1362 3097 procedendo,
1380 3027 1484 3098 palam

220 3136 250 3187 et
273 3132 375 3188 oculte
391 3133 431 3188 ab
448 3132 593 3188 omnibus
609 3132 766 3188 nobilibus
785 3135 815 3187 et
830 3130 1029 3201 ignobilibus,
1046 3131 1166 3187 clericis
1182 3136 1211 3187 et
1228 3131 1322 3201 laicis,
1338 3146 1356 3187 a
1372 3132 1486 3203 quibus

221 3235 371 3293 decuisset
403 3243 432 3293 et
465 3238 600 3294 licuisset
631 3237 668 3293 de
699 3237 857 3310 premissis
889 3235 1101 3293 omnimodam
1130 3236 1289 3293 scivissent
1313 3238 1484 3312 veritatem,

221 3346 312 3413 prout
336 3343 429 3398 series
453 3358 509 3415 per
532 3343 635 3399 omnia
659 3342 831 3398 litterarum
867 3341 940 3398 dicti
964 3341 1082 3398 domini
1116 3342 1188 3398 bani
1220 3342 1392 3398 continetur
1416 3358 1485 3415 pre·

221 3445 380 3504 dictarum.
405 3448 519 3505 Datum
544 3448 643 3518 Crisii,
668 3446 744 3504 feria
768 3448 862 3504 tercia
886 3448 1029 3520 proxima
1046 3453 1116 3503 ante
1133 3447 1245 3504 testum
1263 3446 1484 3505 Pentheeostes

221 3553 310 3609 Anno
334 3553 481 3623 eiusdem,
505 3555 646 3626 superius
669 3558 822 3610 annotate.

310 3686 450 3751 Originale
470 3687 496 3736 in
521 3688 618 3737 charta.
639 3688 668 3737 In
687 3688 787 3738 archiv.
807 3689 886 3736 dead.
907 3688 1001 3738 Scient.
1022 3689 1091 3738 slav.
1111 3687 1203 3736 merid.

809 3937 898 4003 284.

325 4079 401 4127 Anno
424 4079 497 4137 1378,
517 4080 557 4127 26.
576 4078 657 4144 Junii.
677 4078 830 4143 Zagrabiae.

264 4187 427 4246 Lodouicus
449 4190 626 4263 ffierrguriae
648 4198 695 4247 etc.
720 4209 781 4257 rex,
804 4188 943 4246 cambium
965 4189 1130 4245 Heremitas
1152 4190 1228 4246 inter
1248 4197 1276 4246 ct
1289 4190 1446 4261 plebanum

554 4297 770 4353 novovillunum
795 4296 969 4368 Zagrabiae,
992 4296 1149 4370 confirmat.

309 4439 481 4496 Lodouicus
505 4441 555 4498 dei
577 4442 681 4512 gracia
711 4457 765 4498 rex
797 4440 963 4511 Hungarie‚
987 4439 1122 4509 Polonie,
1155 4440 1324 4509 Dalmacie‚
1348 4439 1484 4510 Croacie,

222 4544 327 4615 Rame,
350 4544 464 4616 Seruie,
488 4545 629 4616 Gallicie,
654 4545 846 4616 Lodomerie,
863 4544 1021 4616 Cumanie,
1038 4544 1243 4617 Bulgarieque
1259 4560 1323 4615 rex,
1339 4545 1484 4619 princeps

221 4649 444 4708 Sallernitanus
467 4659 496 4708 et
520 4652 661 4720 Honoris,
685 4643 745 4729 (ac)
769 4651 881 4708 montis
904 4651 1000 4707 sancti
1026 4651 1136 4722 Angeli
1160 4650 1311 4708 dominus.
1331 4650 1484 4708 Omnibus

221 4754 335 4813 Christi
359 4756 505 4814 fidelibus
528 4758 725 4831 presentibus
755 4758 871 4830 pariter
901 4763 931 4813 et
961 4755 1081 4828 tuturis,
1111 4757 1306 4831 presencium
1332 4756 1483 4814 noticiam
