3488 5242
646 303 718 360 Duc.
743 316 811 378 130.
839 335 875 344 -
901 303 957 359 An.
982 315 1068 379 1325·

815 494 902 560 130.

328 621 411 674 Anno,
434 627 507 676 1325,
528 618 551 667 6.
569 617 693 682 januarii.
712 616 742 666 In
762 617 900 682 Viiegrad.

250 728 371 784 Carolus
401 728 577 801 Hunguriue
599 735 646 784 etc.
670 745 723 784 rcx
751 726 859 783 ciuibus
888 725 1104 795 Grrclrunst'bus,
1128 725 1175 786 ius
1204 729 1322 786 tiedricus
1345 731 1470 802 eligendi

372 842 457 908 atque
479 834 585 891 iudicia
609 834 759 892 exercendi
779 852 799 889 o
823 834 897 891 Belo
920 833 976 890 IV.
999 851 1169 902 rutecrmmu,
1191 837 1348 910 confirmat.

312 961 446 1019 Karolus
469 961 518 1018 dei
541 962 644 1033 gracia
668 978 722 1018 rex
746 961 911 1031 Hungarie.
945 960 1104 1018 Fidelibus
1128 962 1191 1018 suis
1215 963 1363 1034 magistro
1387 969 1488 1023 tavar-

222 1068 362 1126 nicorum
386 1083 522 1130 suornm,
546 1067 651 1125 iudicii
675 1067 758 1124 curie
789 1082 850 1136 sue,
884 1066 964 1124 bano
994 1067 1091 1124 tocius
1122 1065 1294 1137 Sclauonic,
1323 1071 1490 1127 comitibus

224 1174 466 1248 parochyalibus
496 1189 550 1230 seu
578 1173 832 1247 provincialibus,
863 1173 1047 1242 castellanis,
1072 1174 1145 1231 item
1177 1174 1390 1247 quarumlibet
1413 1176 1487 1233 civi·

224 1286 322 1337 tatum
346 1286 376 1337 et
399 1279 547 1337 villarum
571 1278 725 1336 iudicibus
746 1267 801 1336 'seu
825 1279 938 1336 villicis
961 1294 997 1336 ac
1013 1279 1249 1353 qualiscumque
1265 1281 1491 1353 preeminencie

224 1392 254 1443 et
277 1391 373 1443 status
397 1385 583 1455 hominibus,
608 1399 777 1456 eorumque
797 1385 880 1442 vices
896 1385 1081 1457 gerentibus
1098 1387 1293 1459 presentibus
1317 1393 1346 1444 et
1370 1386 1491 1458 futuris,

225 1494 336 1564 quovis
359 1493 483 1549 nomine
513 1491 694 1562 vocitentur,
727 1491 840 1563 quibus
872 1497 1029 1565 presentes
1058 1491 1270 1564 ostenduntur,
1301 1493 1435 1551 salutem
1462 1499 1493 1550 et

226 1599 370 1670 graciam.
394 1598 475 1655 Cum
497 1598 626 1654 libertas
649 1596 791 1654 fidelium
816 1597 931 1654 civium
946 1604 1124 1655 nostrorum
1144 1597 1182 1655 de
1199 1605 1302 1656 monte
1325 1598 1492 1671 Grecyensi

225 1719 278 1760 seu
301 1704 509 1774 zagrabyensi‚
534 1719 591 1777 per
613 1702 774 1761 dominum
799 1702 914 1762 Belam.
938 1702 1096 1774 quondam
1119 1704 1263 1762 inclitum
1285 1720 1390 1778 regern
1407 1706 1492 1763 Hun-

226 1811 320 1880 garie,
343 1825 498 1882 proavum
520 1816 661 1867 nostrum
686 1809 893 1878 karissimum,
911 1808 994 1865 clare
1010 1810 1168 1880 memorie,
1184 1809 1339 1869 mediante
1355 1826 1411 1868 suo
1428 1813 1491 1886 pri-

228 1917 341 1989 vilegio
364 1916 436 1973 data
459 1917 502 1973 eis
526 1923 556 1973 et
579 1931 731 1985 concessa,
755 1931 812 1989 per
834 1929 952 1987 nosque
976 1919 1040 1972 tam
1063 1915 1160 1988 priori
1183 1923 1213 1973 et
1235 1917 1370 1989 antiquo,
1395 1933 1489 1991 quam

227 2038 308 2079 novo
332 2028 362 2079 et
385 2023 538 2080 autentico
562 2028 667 2079 nostro
683 2021 787 2093 sigillo
803 2021 879 2094 ipsis
895 2021 1085 2092 confirmata,
1110 2020 1142 2078 id
1165 2022 1314 2094 requirat,
1338 2028 1371 2079 ut
1388 2023 1494 2080 nullus

227 2134 390 2187 extraneus
413 2145 465 2185 seu
491 2127 629 2185 eiusdem
653 2128 787 2185 civitatis
810 2128 905 2184 homo
928 2128 958 2184 in
983 2126 1176 2200 quibuslibet
1198 2128 1298 2185 causis
1320 2129 1403 2185 cives
1425 2144 1494 2201 pre·

227 2235 306 2292 dicte
322 2235 454 2291 civitatis
469 2242 572 2291 nostre
583 2233 767 2305 Grecyeusis
783 2249 835 2290 seu
851 2233 1067 2305 zagrabyensis
1083 2239 1112 2290 et
1130 2234 1303 2306 quemlibet
1318 2250 1356 2290 ex
1368 2234 1494 2305 eisdem,

227 2343 343 2414 pariter
366 2341 544 2413 iobagiones
568 2347 597 2397 et
622 2339 755 2414 populos
779 2340 929 2397 villarum
952 2339 1034 2396 dicte
1050 2340 1182 2397 civitatis
1205 2340 1236 2396 in
1261 2340 1416 2398 territorio
1432 2343 1496 2399 exi·

228 2448 385 2518 stencium,
410 2447 447 2504 ad
472 2453 610 2504 nostram
628 2462 681 2503 seu
697 2445 911 2519 quorumlibet
927 2445 1064 2502 iudicum
1080 2461 1133 2502 seu
1150 2445 1388 2502 iusticiariorum
1410 2448 1495 2518 regni

228 2555 322 2610 nostri
347 2555 538 2627 presenciam
562 2553 664 2611 valeat
687 2568 816 2610 evocare
840 2568 893 2609 seu
917 2553 1039 2609 trahere
1061 2550 1169 2609 ordine
1193 2550 1354 2610 iudiciario
1377 2554 1407 2610 in
1424 2570 1494 2611 cau-

226 2676 302 2727 sam,
335 2660 389 2717 sed
420 2661 445 2717 si
476 2660 551 2732 quid
581 2658 699 2732 aliquid
731 2659 865 2716 accionis
895 2665 1000 2716 contra
1027 2673 1087 2728 eos,
1124 2659 1335 2730 autaliquem
1359 2675 1396 2716 ex
1422 2660 1497 2733 ipsis

229 2767 279 2822 vel
310 2766 348 2823 ad
381 2766 463 2838 ipsos
498 2767 683 2839 pertinentes
718 2765 889 2833 habuerint,
928 2765 959 2821 in
983 2765 1141 2838 presencia
1164 2757 1297 2842 iudici(s)
1321 2780 1374 2822 seu
1398 2765 1497 2823 villici

229 2871 310 2929 dicte
345 2873 478 2929 civitatis
513 2879 616 2929 nostre
651 2872 762 2943 exequi
799 2870 937 2928 debeant.
962 2870 1151 2943 Quiquidem
1176 2869 1268 2928 iudex
1291 2886 1343 2927 seu
1369 2871 1493 2928 villicus

231 2978 327 3051 ipsius
353 2979 485 3035 civitatis
509 2978 602 3034 simul
627 2992 697 3034 cum
722 2977 901 3050 pocioribus
924 2976 1063 3033 eiusdem
1087 2977 1229 3046 civitatis,
1253 2977 1279 3033 si
1295 2977 1496 3051 quibuspiam

229 3101 266 3141 ex
291 3092 378 3158 parte
402 3100 529 3141 suorum
553 3085 728 3141 concivium
752 3090 781 3140 et
811 3082 851 3140 ad
881 3098 933 3140 eos
965 3082 1188 3156 pertinencium
1220 3082 1271 3139 vel
1303 3083 1433 3140 alicuius
1456 3099 1494 3140 ex

230 3189 345 3247 eisdem
369 3190 547 3262 aliqualiter
578 3190 731 3246 iusticiam
762 3187 863 3246 facere
893 3188 1073 3261 neglexerit,
1101 3204 1161 3245 non
1193 3188 1236 3245 hii
1264 3188 1315 3245 vel
1339 3189 1365 3245 is
1389 3196 1496 3246 contra

231 3311 307 3368 iquos
331 3298 441 3369 agitur,
465 3312 571 3367 ymmo
596 3296 678 3353 idern
703 3295 795 3353 iudex
819 3311 873 3353 seu
895 3295 1019 3353 villicus
1043 3294 1123 3352 dicte
1146 3294 1277 3352 civitatis
1300 3293 1340 3350 ad
1360 3302 1498 3352 nostram

231 3403 422 3475 presenciam
446 3401 558 3458 debeat
581 3402 705 3459 evocari
736 3416 772 3459 eo
803 3400 893 3458 factu.
921 3400 958 3457 Et
988 3415 1044 3457 nos
1074 3398 1173 3457 dictos
1203 3398 1312 3456 fideles
1337 3400 1420 3456 cives
1442 3416 1496 3458 no·

231 3514 309 3564 stros
334 3509 364 3564 in
388 3509 449 3565 iam
474 3507 555 3565 dicta
580 3508 721 3565 libertate
752 3507 975 3565 inviolabiliter
1004 3520 1187 3564 conservare
1216 3504 1420 3576 intendamus
1445 3522 1496 3564 ve·

231 3618 291 3670 stre
314 3613 456 3671 fidelitati
481 3613 611 3671 firmiter
635 3612 834 3686 precipiendo
858 3612 1041 3670 mandamus
1072 3628 1129 3686 per
1155 3619 1322 3686 presentes,
1346 3620 1497 3685 quatenus

231 3721 313 3776 cives
337 3720 474 3793 predicte
498 3721 630 3777 civitatis
653 3727 756 3776 nostre
784 3727 813 3776 et
844 3719 882 3776 ad
913 3733 965 3775 eos
995 3720 1183 3792 pertinentes
1213 3718 1264 3775 vel
1293 3719 1432 3791 aliquem
1460 3736 1497 3776 ex

231 3823 346 3881 eisdem
371 3826 401 3882 in
425 3825 616 3896 quibuslibet
639 3826 738 3882 causis
762 3826 854 3882 motis
879 3832 908 3882 et
925 3824 1093 3907 movendis
1111 3830 1216 3881 contra
1233 3825 1396 3898 quospiam
1420 3825 1498 3883 iudi-

232 3946 301 3987 care
323 3931 501 3987 nullatcnus
524 3931 669 3999 audeatis
686 3931 740 3988 sed
757 3940 789 3988 ut
819 3932 1016 4004 premittitur,
1034 3931 1222 4002 quicumque
1244 3937 1350 3987 contra
1372 3930 1497 3988 eosdem

233 4036 282 4091 vel
306 4036 443 4107 aliquem
469 4052 505 4092 cx
530 4037 573 4092 eis
594 4036 748 4093 accionem
773 4037 945 4106 habuerint,
970 4036 999 4092 in
1024 4036 1182 4108 presencia
1197 4035 1306 4092 iudicis
1326 4051 1378 4092 seu
1396 4036 1493 4093 villici

232 4141 369 4198 eiusdem
396 4143 528 4199 civitatis
552 4149 786 4215 prosequantur,
819 4143 871 4214 qui
895 4144 920 4199 si
944 4142 1096 4199 iusticiam
1126 4142 1269 4214 cuiquam
1300 4157 1360 4199 non
1385 4141 1499 4212 lecerit,

232 4263 292 4304 non
316 4249 367 4316 hii,
394 4254 499 4305 contra
522 4264 600 4320 quos
623 4249 734 4319 agitur,
758 4247 812 4305 sed
843 4247 926 4305 idem
958 4246 1050 4305 iudex
1080 4262 1133 4303 seu
1165 4247 1297 4316 villicus,
1326 4247 1405 4304 sicut
1428 4263 1497 4321 pre·

232 4356 383 4424 scribitur,
406 4355 444 4411 ad
468 4363 604 4412 nostram
626 4356 817 4428 presenciam
833 4362 986 4412 evocetur.
1003 4353 1119 4410 ilatum
1136 4353 1166 4410 in
1182 4352 1368 4425 Vyssegrad,
1385 4360 1494 4425 quarta

234 4459 309 4517 seria
333 4463 476 4533 proxima
500 4468 569 4534 post
593 4460 706 4518 festum
728 4461 817 4518 beate
841 4462 939 4532 Agate
962 4453 1092 4530 vir'ginis
1116 4465 1143 4515 et
1168 4459 1311 4516 martiris.
1330 4461 1418 4516 Anno
1439 4459 1493 4517 do·

236 4568 311 4623 mini
337 4568 504 4625 millesimo
528 4568 741 4625 trecentesimo
766 4566 822 4622 XX
846 4567 961 4639 quintu.

324 4685 464 4748 originale
484 4685 508 4733 in
528 4685 686 4734 membrana.
707 4687 730 4733 Α
750 4692 826 4748 tergo
846 4683 1002 4749 impressum
1021 4681 1141 4746 sigillum
1154 4679 1276 4746 deperiit.
1290 4680 1320 4730 In
1333 4680 1403 4730 arch.
1419 4682 1498 4730 Acad.

234 4771 328 4822 Scient.
349 4773 450 4822 Slavor.
470 4772 563 4821 merid.
