3488 5242
238 348 296 389 202
657 327 730 386 Doc.
753 343 825 407 224.
852 363 887 371 —
908 329 963 386 An.
988 343 1074 406 1352.

224 530 373 604 ¹predicte
396 537 426 588 et
448 530 576 604 capituli
605 529 742 587 eiusdem
766 528 981 587 confirmative
1005 529 1043 587 de
1065 532 1164 589 verbo
1186 530 1226 588 ad
1250 532 1382 589 verbum
1407 533 1502 589 conti-

235 642 348 707 nentes,
370 636 484 695 tenoris
518 635 715 710 infrascripti,
742 635 922 709 supplicans
946 641 1050 693 nostre
1073 637 1247 695 celsitudini
1271 654 1362 711 prece
1384 639 1502 695 subiec-

236 742 308 812 tiva,
331 749 366 800 ut
388 742 527 816 ipsarum
561 747 666 799 tenore
689 741 727 798 de
750 742 848 799 verbo
871 741 911 799 ad
935 743 1067 799 verbum
1089 744 1284 816 presentibus
1307 749 1502 818 transumpto

237 847 361 905 easdem
377 849 594 922 approbantes,
612 853 805 921 acceptantes
821 854 850 904 et
865 847 1052 906 ratificantes
1069 854 1174 906 nostro
1191 848 1390 922 dignaremur
1405 850 1502 923 privi-

236 955 317 1026 legio
334 953 525 1011 confirmare.
535 953 675 1026 Quamm
688 959 775 1012 tenor
786 955 856 1011 talis
868 960 930 1012 est:
943 948 1017 1032 (vid.
1028 971 1071 1012 nr.
1085 954 1153 1025 161,
1168 970 1214 1012 an.
1231 969 1322 1028 1333,
1339 971 1385 1014 11.
1397 951 1503 1037 Junii).

235 1060 299 1117 Nos
314 1060 418 1132 itaque
434 1061 487 1132 qui
504 1077 542 1117 ex
562 1059 668 1117 debito
692 1058 796 1117 officio
819 1061 953 1134 suscepti
979 1061 1137 1133 regiminis
1155 1062 1236 1119 curis
1258 1067 1289 1119 et
1312 1061 1502 1135 profectibus

237 1166 438 1224 ecclesiarum
469 1166 608 1224 omnium
640 1167 671 1223 in
703 1181 798 1239 regno
830 1172 935 1224 nostro
967 1167 1090 1225 Christo
1121 1169 1334 1241 militancium,
1369 1185 1502 1242 quarum

236 1288 365 1346 precum
388 1272 546 1345 suffragiis
569 1287 630 1329 non
652 1272 755 1329 solum
786 1273 1009 1346 temporaliter,
1037 1288 1147 1330 verum
1171 1274 1269 1331 eciam
1292 1275 1501 1348 spiritualium

238 1379 391 1436 bonorum
412 1379 607 1436 incrementis
629 1380 659 1436 in
683 1380 788 1436 celesti
805 1379 905 1453 patria
927 1394 1089 1452 speramus
1108 1378 1259 1450 adiuvari,
1275 1396 1383 1437 earum
1400 1386 1502 1437 tamen

238 1485 381 1554 maxime,
398 1501 459 1557 que
481 1484 521 1541 ad
537 1500 592 1541 nos
615 1485 789 1558 specialiori
806 1490 986 1558 patronatus
1008 1485 1073 1542 iure
1090 1486 1242 1557 pertinent
1266 1485 1501 1558 providenciam

237 1605 394 1663 apponere
416 1590 567 1648 debemus
590 1590 779 1663 diligentem,
811 1590 982 1665 predictam
1007 1591 1236 1663 zagrabiensem
1261 1592 1423 1649 ecclesiam
1447 1608 1503 1665 per

237 1697 464 1754 sanctissimum
488 1712 592 1768 regem
615 1696 797 1755 Ladizlaum
820 1697 1008 1754 immortalis
1033 1697 1182 1754 memorie
1206 1704 1430 1755 antecessorem
1451 1713 1503 1755 no-

236 1807 336 1860 strum
367 1801 538 1873 fundatam,
563 1803 703 1860 volentes
735 1803 765 1860 in
800 1803 863 1860 suis
894 1803 1012 1860 iuribus
1043 1809 1073 1860 et
1103 1804 1346 1877 proprietatibus
1381 1805 1503 1862 illesam

237 1923 429 1979 conservare,
461 1910 605 1983 peticioni
636 1909 709 1966 dicti
738 1908 855 1966 domini
884 1909 1004 1967 Nicolai
1031 1910 1168 1984 episcopi
1193 1910 1320 1967 ecclesie
1344 1916 1503 1984 prenotate

238 2031 328 2073 aures
359 2016 551 2073 exaudibiles
579 2016 711 2088 benigno
738 2032 808 2073 cum
842 2016 948 2074 favore
978 2017 1166 2087 inclinantes,
1198 2016 1352 2089 predictas
1385 2018 1503 2074 litteras

239 2128 383 2196 paternas
406 2121 444 2180 de
469 2123 565 2178 verbo
589 2121 627 2178 ad
652 2123 784 2179 verbum
809 2122 1003 2195 presentibus
1028 2122 1155 2179 insertas
1178 2123 1262 2178 omni
1287 2138 1414 2195 prorsus
1436 2138 1501 2179 sus-

238 2227 359 2301 picione
382 2233 519 2285 carentes
550 2227 588 2284 de
619 2227 815 2301 beneplacita
840 2228 999 2285 voluntate
1022 2227 1215 2285 serenissime
1238 2228 1421 2301 principissa
1453 2227 1506 2286 do-

238 2334 321 2391 mine
351 2334 520 2404 Elisabeth,
551 2334 654 2391 inclite
684 2335 789 2406 regine
819 2335 986 2406 Hungarie,
1018 2334 1174 2407 genitricis
1205 2341 1308 2391 nostre
1333 2335 1504 2406 karissime,

238 2438 335 2497 aede
366 2439 494 2496 consilio
526 2446 556 2496 et
585 2440 784 2497 connivencia
816 2440 1007 2514 prelatorum
1035 2446 1065 2496 et
1088 2439 1239 2496 baronum
1265 2446 1442 2498 nostrorum
1466 2413 1503 2498 e'x

236 2553 319 2604 certa
343 2552 446 2605 nostra
477 2547 616 2618 sciencia,
640 2546 742 2619 quoad
770 2561 876 2603 omnes
900 2547 948 2604 sui
972 2546 1177 2603 continencias
1201 2551 1408 2619 acceptamus,
1432 2547 1503 2604 rati-

237 2652 367 2710 ficamus
390 2659 420 2709 et
443 2654 656 2726 approbamus
688 2653 900 2727 presentisque
923 2653 1030 2725 scripti
1055 2653 1225 2724 patrocinio
1248 2652 1286 2709 de
1311 2653 1393 2725 regie
1420 2662 1504 2725 pote·

237 2760 325 2816 statis
349 2758 541 2832 plenitudine
565 2759 830 2832 perhempnaliter
852 2758 954 2815 eidem
990 2758 1117 2815 ecclesie
1141 2759 1332 2830 zagrabiensi
1357 2759 1505 2816 valituras

238 2864 467 2922 confirmamus.
492 2864 533 2922 Ut
556 2864 650 2936 igitur
672 2865 823 2938 presentis
839 2871 942 2921 nostre
958 2865 1205 2921 confirmacionis
1220 2870 1250 2921 et
1266 2865 1505 2938 approbacionis

239 2971 332 3028 series
362 2971 402 3028 sit
434 2969 515 3027 dicte
547 2971 677 3027 ecclesie
707 2970 897 3042 zagrabiensi
929 2971 957 3027 in
983 2977 1169 3043 perpetuum
1193 2971 1335 3041 valitura,
1360 2987 1414 3027 nec
1439 2972 1504 3028 ullo

241 3092 390 3148 umquam
414 3083 554 3150 tempore
578 3077 682 3148 aliqua
706 3077 889 3148 suspicionis
912 3076 1064 3148 rubigine,
1088 3093 1123 3132 eo
1148 3076 1230 3149 quod
1252 3094 1331 3134 nunc
1349 3077 1504 3150 predictus

240 3183 384 3240 dominus
407 3182 552 3240 Nicolaus
576 3183 740 3256 episcopus
763 3182 968 3254 zagrabiensis
992 3184 1108 3239 honore
1132 3183 1365 3240 cancellariatus
1389 3192 1417 3240 et
1436 3200 1504 3240 con-

241 3291 428 3346 servacionis
456 3290 550 3361 sigilli
583 3290 678 3346 nostri
710 3289 853 3346 autentici
883 3288 1022 3362 preditus
1053 3288 1172 3361 fulgere
1205 3289 1373 3346 dinoscitur
1408 3292 1504 3363 possit

239 3395 433 3467 aliquatenus
463 3395 628 3465 obfuscari,
661 3395 854 3468 presentibus
886 3394 991 3451 habita
1022 3400 1143 3451 matura
1174 3394 1401 3452 deliberacione
1432 3411 1504 3452 cum

240 3500 378 3575 predicta
402 3500 526 3558 domina
559 3501 664 3573 regina
694 3502 840 3574 genitrice
868 3506 972 3558 nostra
992 3506 1022 3557 et
1045 3501 1172 3573 prelatis
1196 3516 1230 3556 ac
1256 3501 1423 3557 baronibus
1452 3516 1505 3558 no-

239 3607 310 3667 stris
334 3623 371 3664 ex
395 3614 499 3664 nostra
529 3615 611 3664 certa
642 3607 831 3664 consciencia
861 3613 1002 3663 nostrum
1033 3611 1062 3663 et
1091 3606 1229 3662 eiusdem
1253 3605 1377 3662 domine
1400 3609 1504 3679 regine

239 3713 395 3785 genitricis
419 3717 521 3769 nostre
545 3713 649 3784 sigilla
672 3712 809 3785 duplicia
829 3712 1003 3769 authentica
1020 3711 1214 3768 decrevimus
1232 3711 1296 3768 fore
1312 3712 1504 3785 apponenda.

239 3818 353 3875 Datum
379 3835 435 3891 per
459 3833 567 3874 manus
590 3818 727 3874 eiusdem
753 3817 870 3874 domini
890 3817 1010 3874 Nicolai
1034 3817 1171 3890 episcopi
1195 3818 1410 3888 zagrabiensis,
1435 3819 1505 3874 aule

240 3931 342 3981 nostre
377 3924 560 3993 cancellarii,
592 3923 695 3981 dilecti
725 3929 755 3980 et
785 3923 889 3980 fidelis
919 3924 1024 3980 nostri.
1062 3927 1148 3979 Anno
1180 3923 1297 3980 domini
1334 3924 1504 3980 MCCCLII.

241 4037 352 4102 quarto
376 4031 455 4102 ydus
479 4030 634 4088 februarii.
669 4030 767 4103 Regni
790 4035 893 4087 autem
917 4029 1015 4086 nostri
1038 4044 1118 4084 anno
1142 4028 1312 4085 undecimo.
1338 4029 1505 4086 Venerabi-

241 4137 324 4194 libus
356 4137 386 4194 in
419 4136 542 4193 Christo
574 4137 716 4209 patribus
751 4141 780 4193 et
816 4135 965 4193 dominis:
1001 4135 1129 4191 Nicolao
1156 4135 1359 4206 strigoniensi,
1384 4135 1505 4207 locique

240 4243 377 4299 eiusdem
401 4242 513 4299 comite
536 4249 687 4315 perpetuo
709 4249 739 4300 et
763 4242 927 4300 Dominico
950 4242 1114 4313 spalatensi
1144 4241 1392 4314 archiepiscopis,
1410 4240 1505 4298 fratre

241 4347 390 4418 Dyonisio
419 4349 603 4405 archielecto
627 4349 788 4418 colocensi,
812 4347 940 4404 Nicolao
964 4347 1105 4418 agriensi‚
1142 4347 1301 4403 Demetrio
1323 4346 1505 4415 varadiensi,

243 4452 366 4509 Andrea
396 4455 594 4524 transilvano,
627 4454 799 4511 Colomano
830 4452 984 4528 jauriensi,
1019 4452 1148 4508 Nicolao
1183 4452 1505 4524 quinqueecclesiensi,

242 4559 391 4616 Michaele
415 4560 556 4630 vaciensi,
579 4560 718 4645 Johanne
740 4559 963 4632 vesprimiensi,
988 4558 1108 4615 Thoma
1135 4558 1339 4627 chanadiensi,
1358 4557 1505 4614 fratribus

242 4663 361 4721 'fhoma
394 4665 566 4736 syrmiensi,
598 4666 762 4737 Peregrino
801 4665 954 4735 bonnensi,
984 4663 1140 4738 Stephano
1171 4664 1308 4721 nitriensi
1342 4670 1370 4721 et
1404 4663 1506 4721 Blasio

242 4770 385 4828 thiniensi
408 4771 571 4846 episcopis,
595 4771 739 4829 ecclesias
763 4771 812 4829 dei
835 4770 966 4829 feliciter
988 4771 1241 4843 gubernantibus.
1259 4768 1429 4842 Magnificis
1453 4769 1506 4826 ba-
