3488 5242
676 323 749 380 Doc.
770 336 843 401 403.
870 355 907 366 -
925 322 982 381 An.
1005 334 1098 404 1397.
1457 327 1519 403 389

252 523 396 581 bonnensi
409 529 439 581 et
452 522 566 580 Mathia
578 523 734 604 resinensi,
747 523 913 596 episcopis;
923 521 1019 580 tratre
1032 522 1260 595 Bartholome0,
1272 523 1423 596 gardiano
1437 523 1520 581 clau·

250 630 306 686 stri
330 628 426 686 sancti
449 628 611 697 Francisci,
635 628 850 700 zagrabiensis‚
874 628 992 686 ordinis
1014 630 1110 686 sancti
1136 629 1296 700 Francisci‚
1321 630 1453 700 Mathe0,
1482 629 1520 686 de

251 734 462 792 Vicedominis
486 733 524 790 de
548 734 715 804 placencia,
740 734 901 806 utriusque
924 734 999 791 iuris
1023 733 1157 802 doctore,
1181 735 1301 793 Thoma
1324 735 1363 792 de
1386 735 1519 806 Amelia,

250 840 328 898 fisici
351 839 425 898 dicti
449 839 567 897 domini
589 840 801 911 strigoniensis
824 846 854 896 et
876 839 946 897 aliis
967 840 1208 914 quampluribus
1231 841 1362 898 testibus
1388 839 1428 897 ad
1463 841 1520 898 hec

251 946 403 1019 premissa
427 945 545 1004 vocatis
568 945 743 1019 specialiter
758 951 788 1002 et
803 946 926 1017 rogatis.
942 944 1045 1003 Tenor
1060 960 1134 1004 vero
1156 946 1311 1004 dictarum
1334 946 1519 1017 litterarum,

252 1051 291 1108 de
314 1052 429 1125 quibus
451 1067 546 1126 supra
569 1050 606 1108 fit
629 1051 753 1121 mentio,
777 1049 816 1108 de
832 1051 930 1109 verbo
944 1050 984 1108 ad
1001 1052 1135 1109 verbum
1150 1053 1290 1126 sequitur
1312 1058 1342 1109 et
1366 1056 1412 1109 est
1428 1052 1517 1110 talis:

253 1154 338 1235 (vide
359 1174 404 1216 nr.
429 1171 501 1232 397,
525 1172 604 1215 anno
631 1170 722 1232 1397,
746 1156 774 1215 8.
797 1148 949 1234 januarii).

252 1293 414 1374 —Signum

305 1383 411 1434 notarii.

339 1490 372 1540 Et
391 1505 441 1556 ego
460 1489 577 1538 Karolus
596 1487 713 1538 Petrucii
733 1489 765 1537 de
785 1487 914 1554 Fulgineo
934 1488 1057 1553 publicus
1070 1487 1217 1553 apostolica
1236 1495 1261 1538 et
1281 1489 1414 1554 imperiali
1431 1496 1518 1540 aucto·

251 1579 329 1629 ritate
349 1577 475 1634 notarius,
495 1576 559 1641 quia
578 1576 705 1642 predictis
724 1574 993 1627 excommunicacioni
1018 1582 1043 1624 et
1068 1575 1238 1625 ecclesiastici
1264 1575 1400 1626 interdicti
1422 1579 1518 1628 denun-

251 1666 365 1717 ciacioni
385 1681 415 1715 ac
434 1664 556 1715 omnibus
575 1663 636 1714 aliis
655 1669 681 1714 et
699 1663 812 1730 singuiis
825 1663 961 1729 premissis
973 1664 1037 1713 dnm
1048 1662 1093 1721 sie,
1107 1670 1136 1713 ut
1148 1663 1314 1728 premittitur
1333 1671 1475 1729 agerentur
1494 1671 1520 1716 et

250 1754 350 1813 fierent,
370 1770 480 1804 unacum
500 1752 690 1818 prenominatis
709 1751 820 1802 testibus
838 1767 945 1817 presens
964 1751 1081 1809 interlui,
1101 1767 1183 1816 eaque
1207 1752 1296 1802 omnia
1314 1760 1340 1803 et
1358 1753 1462 1818 singula
1481 1753 1520 1804 sic

250 1842 308 1892 fieri
328 1842 384 1892 vidi
404 1848 430 1891 et
447 1841 556 1897 audivi;
575 1841 635 1891 ideo
654 1841 705 1891 hoc
723 1856 831 1906 presens
845 1839 983 1905 publicum
1000 1840 1211 1897 instrumentum,
1232 1855 1280 1905 per
1299 1840 1390 1899 aliurn,
1403 1857 1444 1890 me
1457 1840 1518 1892 aliis

251 1931 330 1981 certis
348 1929 466 1997 negociis
493 1929 642 1995 prepedito,
662 1928 779 1978 fideliter
804 1927 932 1993 scripturn
955 1927 1050 1978 exinde
1070 1927 1177 1986 conieci,
1205 1928 1342 1993 publicavi
1362 1935 1388 1978 et
1407 1929 1434 1979 in
1454 1929 1520 1980 hanc

250 2017 385 2084 publicam
404 2017 517 2068 formam
535 2017 635 2082 redegi,
655 2017 785 2082 signoque
804 2022 830 2067 et
848 2016 953 2066 nomine
972 2016 1036 2066 meis
1055 2016 1142 2066 solitis
1161 2024 1187 2068 et
1207 2017 1338 2068 consvetis
1357 2017 1519 2083 consignavi,

248 2113 358 2172 rogatus
377 2113 403 2156 et
421 2105 564 2170 requisitus
589 2106 616 2156 in
639 2105 725 2165 fidem,
752 2104 932 2156 testimonium
950 2105 1067 2155 omnium
1086 2111 1112 2154 et
1132 2105 1301 2172 singulorum
1320 2104 1516 2171 premissorum.

251 2195 367 2245 Karalus
386 2195 512 2245 notarius.

340 2298 482 2366 Originale
501 2299 528 2350 in
546 2300 705 2350 membrana.
725 2299 755 2349 In
775 2298 885 2350 archivo
910 2315 967 2350 ven.
994 2299 1072 2364 capit.
1099 2301 1289 2366 zagrab.,Act.
1310 2301 1373 2366 Cap.
1402 2301 1518 2364 antiqua,

250 2388 313 2438 fasc.
333 2388 357 2436 6.
375 2403 413 2437 nr.
434 2388 472 2438 18.

837 2547 932 2614 403.

356 2693 432 2740 Anno
455 2697 529 2753 1397,
551 2699 589 2751 14.
611 2688 747 2739 februarii.
771 2687 885 2754 Simigii.

256 2820 416 2877 Conventus
437 2837 457 2876 s.
482 2818 612 2876 Adrebni
639 2817 672 2875 de
703 2815 825 2890 Sinugrio
847 2818 969 2876 Detrico
992 2818 1091 2876 Bubek
1122 2819 1205 2888 barto,
1238 2818 1352 2892 ›ecfaric
1379 2827 1446 2876 acta
1460 2827 1520 2892 per

249 2928 406 3001 capitulum
429 2926 546 2999 zogrob‚
577 2927 607 2982 in
634 2924 855 2998 possessionibus
880 2925 1005 2982 czbitatis
1034 2923 1213 2994 Grccltcnsis,
1237 2943 1307 2982 vera
1330 2943 1396 2994 esse,
1418 2925 1516 3000 refert.

342 3069 507 3142 Magnifico
531 3069 608 3140 vim,
633 3068 760 3126 domino
784 3068 910 3125 Detrico
936 3067 975 3125 de
997 3067 1108 3139 Bebek,
1132 3068 1218 3140 regni
1242 3066 1405 3125 Sclauonie
1429 3067 1518 3138 bano,

251 3177 352 3234 amico
377 3190 486 3233 eorum
516 3174 705 3246 honorando,
729 3181 897 3232 conventus
929 3174 1107 3232 monasterii
1138 3175 1235 3231 sancti
1265 3173 1366 3247 Egidii
1397 3173 1435 3231 de
1462 3173 1518 3246 Sy·

252 3283 348 3354 migio
371 3281 546 3339 amiciciam
567 3287 710 3354 paratam
730 3295 801 3337 cum
826 3281 949 3338 honore.
981 3279 1145 3350 Noveritis‚
1177 3295 1232 3337 nos
1256 3280 1375 3337 litteras
1399 3286 1518 3338 vestras

249 3388 339 3446 nobis
370 3387 502 3445 directas
533 3387 738 3444 amicabiliter
772 3387 924 3460 recepisse
958 3387 989 3444 in
1019 3386 1075 3444 hec
1106 3387 1219 3445 verba:
1254 3383 1328 3464 (vid.
1362 3402 1406 3444 nr.
1443 3403 1516 3462 401,

249 3511 295 3552 an.
325 3508 416 3569 1397,
445 3509 469 3551 1.
486 3486 583 3570 febr).
601 3492 690 3551 Unde
712 3507 768 3550 nos
791 3492 902 3549 vestris
926 3491 1144 3550 amicabilibus
1169 3493 1374 3566 peticionibus
1398 3491 1517 3550 satisfa-

249 3617 318 3658 cere
342 3599 490 3670 volentes,
514 3613 647 3656 unacum
674 3587 796 3671 prefato
825 3597 978 3670 Ladisla0‚
1001 3597 1069 3655 filio
1100 3598 1229 3667 Nicolai,
1254 3598 1379 3655 homine
1403 3603 1514 3667 vestm,

251 3713 392 3764 nostrum
416 3705 582 3775 hominem,
616 3703 761 3762 videlicet
792 3702 921 3761 fratrem
951 3704 1101 3762 Mathiam
1132 3704 1332 3774 sacerdotem,
1356 3719 1453 3760 unum
1477 3720 1516 3761 ex

250 3813 340 3869 nobis
363 3811 402 3868 ad
427 3811 578 3884 premissa
599 3808 774 3884 peragenda
798 3815 903 3868 nostro
922 3825 981 3883 pro
1004 3811 1181 3868 testimonio
1199 3810 1425 3867 transmisimus
1441 3809 1517 3867 fide·

250 3918 388 3990 dignum,
412 3918 465 3990 qui
490 3916 618 3975 demum
640 3915 750 3973 exinde
773 3915 813 3972 ad
835 3930 892 3973 nos
915 3916 1040 3986 reversi,
1064 3917 1154 3973 nobis
1186 3914 1383 3972 uniformiter
1405 3915 1516 3972 retule-

249 4030 329 4095 runt,
354 4022 435 4096 quod
461 4024 521 4096 ipsi
544 4023 594 4080 die
618 4022 773 4079 dominico
798 4022 944 4095 proximo
976 4027 1047 4094 post
1079 4020 1193 4079 festum
1217 4021 1306 4078 beate
1329 4018 1517 4077 Scholastice

249 4131 386 4202 virginis
409 4130 551 4204 proxime
567 4129 760 4203 preteritum,
785 4128 825 4185 ab
849 4128 995 4185 omnibus
1019 4128 1132 4200 quibus
1156 4126 1308 4185 decuisset
1330 4133 1361 4184 et
1380 4127 1517 4184 licuisset

249 4236 409 4293 nobilibus
426 4234 570 4292 videlicet
593 4241 623 4291 et
646 4234 837 4306 ignobilibus
859 4233 1178 4307 comprovincialibus
1200 4232 1275 4289 dicti
1290 4233 1453 4289 comitatus
1469 4246 1517 4288 za·

249 4343 421 4415 grabiensis
443 4343 622 4400 hominibus
639 4341 744 4414 palam
766 4347 796 4398 et
811 4341 930 4398 occulte
947 4338 1112 4411 diligenter
1129 4338 1343 4410 investigando
1365 4338 1516 4412 premissa

250 4449 330 4506 iacta
353 4447 447 4505 fuisse
477 4447 520 4504 sic
551 4448 719 4517 scivissent,
751 4451 843 4519 prout
867 4444 986 4503 dictum
1016 4446 1117 4503 extitit
1147 4451 1249 4503 vestre
1277 4444 1515 4517 magnificencie.

249 4554 365 4611 Datum
383 4560 494 4626 quarto
509 4553 560 4610 die
575 4552 636 4610 diei
652 4551 863 4625 inquisicionis
890 4557 1059 4625 prenotate.
1082 4553 1172 4610 Anno
1195 4550 1314 4609 domini
1329 4549 1515 4624 supradicto.

338 4687 478 4754 Originale
498 4689 524 4739 in
543 4688 642 4747 charta,
661 4702 677 4737 a
696 4693 773 4754 tergo
792 4686 934 4754 vestigium
958 4686 1081 4753 impressi
1106 4685 1199 4753 sigilli.
1218 4685 1254 4749 ‚ln
1272 4685 1372 4736 archiv.
1392 4685 1440 4737 lib.
1459 4701 1515 4752 reg.

251 4777 300 4829 civ.
320 4777 426 4843 zagrab.
