3488 5242
658 312 730 370 Doc.
756 308 804 371 81.
832 347 868 354 -
893 312 1063 389 An.1292.
1463 315 1503 392 69

238 514 389 582 spectare,
413 525 469 584 per
491 509 628 583 prefatos
650 528 725 570 vero
749 513 894 570 abbatem
918 519 948 570 et
972 513 1037 570 eius
1061 511 1172 570 fratres
1195 512 1226 570 in
1253 518 1335 571 terra
1357 511 1441 571 dicte
1456 529 1504 571 ec-

238 616 329 672 clesie
352 616 442 672 beate
465 616 595 689 virginis
618 619 758 689 existere,
789 625 818 676 et
849 636 887 676 ex
918 635 955 676 eo
989 618 1026 675 ad
1060 619 1160 692 ipsam
1183 618 1348 676 ecclesiam
1375 619 1504 692 virginis

236 716 371 793 'gloriose
403 721 441 778 de
472 723 537 779 iure
568 722 681 781 debere
714 725 868 798 pertinere
900 725 1086 782 contrariose
1118 724 1253 796 allegati,
1286 723 1349 781 litis
1374 725 1504 783 materia

236 834 329 896 mota,
354 826 534 900 diuciusque
565 830 712 887 ventilata
736 832 909 898 exstitisset,
935 831 1062 904 ipseque
1093 829 1238 888 dominus
1260 831 1415 913 Johannes
1439 831 1504 905 epi·

237 948 350 1005 scopus
382 933 523 1005 partibus
553 950 646 1008 super
678 936 837 1009 premissis
869 952 972 994 coram
1006 936 1075 1008 ipso
1099 934 1308 994 diversimode
1332 935 1505 1010 disceptan-

235 1036 327 1104 tibus,
351 1044 421 1110 post
445 1039 605 1111 longinqui
632 1042 780 1114 temporis
803 1043 944 1115 spacium
969 1043 1069 1114 ipsam
1094 1057 1218 1099 causam
1238 1041 1373 1100 dominis
1395 1040 1434 1099 de
1457 1058 1506 1100 ca·

236 1144 336 1215 pitulo
359 1158 415 1199 suo
438 1145 628 1215 zagrabiensi
653 1146 682 1202 in
714 1161 770 1203 sua
802 1163 932 1220 persona
962 1147 1001 1204 de
1031 1147 1106 1204 iuris
1134 1148 1270 1219 equitate
1300 1146 1506 1206 difiniendam

236 1248 446 1305 commisisset.
469 1248 566 1306 Iidem
591 1251 716 1308 tandem
741 1252 860 1310 domini
876 1253 915 1309 de
932 1253 1069 1326 capitulo
1085 1252 1277 1325 zagrabiensi
1300 1268 1359 1325 pro
1382 1252 1506 1311 scienda

236 1355 459 1427 premissarum
484 1356 620 1426 veritate,
644 1358 745 1414 missis
761 1357 800 1415 de
816 1359 940 1431 collegii
959 1375 1067 1416 eorum
1083 1359 1186 1416 medio
1203 1360 1339 1431 quinque
1363 1360 1505 1433 personis

235 1459 362 1522 idoneis,
387 1461 488 1532 ipsum
506 1460 637 1518 fundum
655 1463 757 1521 balnei
774 1480 831 1538 per
848 1466 1106 1523 conscienciosam
1122 1465 1357 1538 inquisicionem
1381 1480 1505 1523 eorum·

236 1565 307 1622 dem
332 1567 545 1624 consociorum
569 1583 696 1625 suorum
728 1569 766 1626 ad
798 1571 857 1628 hoc
888 1571 1018 1628 elective
1049 1571 1299 1628 transmissorum
1324 1570 1362 1628 ad
1388 1570 1504 1628 dictam

235 1673 397 1729 ecclesiam
421 1674 510 1730 beate
533 1675 663 1746 virginis
686 1674 724 1731 de
747 1675 899 1748 Zagrabia
921 1684 951 1734 et
966 1693 1027 1734 non
1043 1675 1083 1733 ad
1100 1677 1218 1733 curiam
1242 1676 1339 1750 ipsius
1364 1677 1506 1749 magistri

235 1779 317 1836 Petri
342 1780 551 1837 canonicalem
576 1783 729 1853 pertinere
745 1782 859 1840 debere
875 1783 1070 1856 reperissent,
1087 1782 1193 1853 sicque
1209 1780 1304 1839 iidem
1322 1781 1439 1839 domini
1463 1781 1501 1840 de

237 1886 373 1958 capitulo
396 1886 586 1958 zagrabiensi
611 1888 714 1960 ipsum
738 1887 870 1945 fundum
894 1888 1006 1957 balnei,
1030 1893 1191 1961 comperta
1214 1887 1392 1945 huiusmodi
1412 1903 1502 1946 cause

237 1992 374 2061 veritate,
399 1992 429 2048 in
453 1992 550 2065 ipsius
573 1991 691 2050 domini
716 1994 854 2067 episcopi
884 2009 1016 2068 persona
1046 2001 1076 2050 et
1106 1992 1172 2050 eius
1202 1993 1331 2066 capituli
1359 1994 1504 2064 annotati,

237 2098 297 2169 ipsi
321 2099 469 2169 magistro
493 2098 591 2168 Petr0,
623 2099 745 2156 racione
776 2100 931 2157 ulterioris
963 2098 1177 2171 acquisicionis
1203 2098 1351 2169 eiusdem,
1375 2099 1502 2157 silencio

239 2213 390 2276 perpetuo
415 2204 569 2276 impositu,
594 2203 713 2277 prefate
737 2205 864 2262 ecclesie
888 2206 976 2262 beate
1002 2204 1131 2276 virginis
1161 2219 1233 2261 curn
1263 2205 1348 2261 omni
1372 2204 1505 2278 plenitu-

238 2309 308 2366 dine
324 2310 371 2365 sui
388 2310 463 2366 iuris
481 2308 691 2367 adiudicantes
708 2319 857 2384 perpetua
874 2311 1042 2368 stabilitate
1058 2310 1256 2383 reliquissent
1272 2309 1504 2383 possidendum.

327 2427 365 2475 Ex
386 2427 451 2475 actis
468 2427 618 2491 judiciariis
638 2428 790 2478 Leustachii
819 2428 912 2478 vicarii
937 2428 1070 2492 generalis
1093 2427 1169 2494 regni
1193 2428 1318 2478 Croatiae
1339 2443 1407 2477 anuo
1430 2432 1504 2486 1370.

236 2517 265 2566 In
284 2516 393 2565 archivo
419 2516 477 2564 hon.
503 2516 611 2579 collegii
635 2517 899 2575 Praebendariorum,
916 2516 1069 2582 Zagrabiae.

841 2747 897 2812 81.

343 2840 418 2886 Anno
441 2846 515 2897 1292,
536 2836 576 2883 26.
595 2835 675 2901 Junii.

237 2948 370 3004 Andreas
401 2947 461 3003 Ill.
491 2946 666 3017 Hungarr'ac
696 2952 743 3001 etc.
767 2963 829 3013 rex,
856 2962 885 3000 sc
906 2943 1042 2999 tributum
1058 2942 1128 3017 fori
1147 2962 1195 3000 seu
1218 2944 1319 3001 telonii
1337 2947 1367 3001 in
1390 2946 1507 3002 ci'rrz'tate

548 3051 730 3122 rqgrabicnsi
749 3051 873 3121 capitulo
895 3050 1052 3117 contulisse,
1075 3050 1197 3106 nuntiat.

324 3178 463 3235 Andreas
494 3176 542 3233 dei
574 3176 678 3247 gracia
710 3176 875 3248 Hungarie,
908 3175 1076 3243 Dalmacie,
1109 3175 1243 3245 Croacie,
1266 3178 1370 3246 Rame,
1394 3175 1501 3234 Seruie

238 3284 364 3352 Galicie,
389 3283 579 3352 Lodomcrie,
611 3283 770 3348 Cumanic,
797 3282 1003 3354 Bulgarieque
1030 3298 1092 3339 rex.
1116 3281 1269 3339 Omnibus
1292 3291 1353 3343 tam
1378 3298 1502 3356 presen-

238 3391 319 3447 tibus
343 3405 435 3461 quam
461 3389 572 3445 suturis
597 3404 722 3461 presens
745 3388 897 3461 scriptum
920 3388 1103 3461 inspecturis
1126 3388 1258 3445 salutem
1283 3388 1313 3444 in
1336 3403 1373 3445 eo
1389 3389 1442 3460 qui
1459 3396 1505 3445 est

238 3512 311 3552 vera
335 3497 426 3552 salus.
450 3494 668 3551 Consideracio
692 3495 823 3568 pietatis,
848 3493 1063 3551 munificencia
1080 3499 1110 3550 et
1125 3491 1254 3550 donacio
1270 3508 1343 3565 erga
1359 3493 1504 3551 ecclesias

238 3602 276 3659 ad
301 3601 439 3658 officium
471 3601 603 3674 pertinet
635 3600 821 3672 generaliter
850 3599 933 3671 regie
966 3599 1140 3656 maiestatis.
1164 3597 1296 3656 Proinde
1319 3598 1359 3656 ad
1383 3598 1505 3656 univer·

238 3724 342 3765 sorum
367 3708 512 3764 noticiam
536 3707 647 3763 harum
675 3706 752 3763 serie
779 3706 927 3763 volumus
950 3706 1121 3779 pervenire,
1145 3704 1323 3778 quodcum
1347 3712 1417 3779 post
1442 3705 1505 3763 exi·

238 3814 347 3870 cialem
379 3813 499 3869 obitum
525 3811 642 3868 domini
666 3812 748 3883 regis
775 3810 911 3869 ladislai
935 3811 1066 3868 illustris
1089 3810 1201 3882 fratris,
1224 3811 1322 3868 nostri
1345 3811 1504 3883 patruelis,

239 3919 414 3976 decedentis
437 3919 502 3975 sine
525 3918 641 3974 solacio
665 3918 846 3988 liberorum,
870 3917 1086 3990 preordinacio
1102 3916 1207 3974 divine
1223 3916 1398 3986 clemencie,
1419 3916 1506 3974 cuius

238 4025 341 4096 gracia
372 4024 459 4080 tarda
490 4024 584 4079 nescit
614 4024 728 4080 habere
759 4022 930 4094 molimina,
965 4038 1020 4080 nos
1045 4023 1133 4096 quasi
1156 4024 1196 4080 ab
1220 4022 1311 4079 avitis
1334 4021 1453 4078 laribus
1475 4027 1506 4079 et

238 4131 336 4202 regali
361 4130 440 4186 solio
464 4128 600 4200 quodam
624 4128 718 4185 modo
747 4128 926 4202 peregrinos
949 4135 979 4186 et
1002 4128 1123 4185 diucius
1146 4126 1295 4185 fastidicis
1318 4125 1357 4184 ad
1381 4134 1506 4184 tronum

239 4246 269 4293 et
293 4251 437 4293 coronam
462 4235 576 4307 regalis
600 4232 714 4306 lastigii
729 4234 928 4292 sublimasset
943 4235 1009 4292 iure
1025 4241 1055 4292 et
1070 4233 1179 4291 ordine
1195 4235 1342 4306 geniture,
1359 4232 1506 4290 omnibus

238 4343 486 4415 archiepiscopis,
511 4341 673 4413 episcopis,
697 4340 898 4413 principibus
923 4340 1104 4414 proceribus
1128 4346 1157 4397 et
1182 4339 1351 4396 baronibus
1375 4354 1411 4395 ac
1438 4339 1505 4395 uni·

239 4449 335 4506 versis
359 4448 518 4505 nobilibus
551 4463 607 4520 per
629 4447 726 4503 tocius
749 4446 836 4518 regni
866 4446 1024 4519 Hungarie
1048 4445 1175 4504 elimata
1198 4460 1254 4502 nos
1276 4445 1505 4502 assumentibus

239 4563 269 4612 et
293 4555 544 4611 annosscentibus
568 4563 601 4609 ut
625 4551 786 4609 dominum
810 4553 983 4610 naturalem
1006 4556 1036 4609 et
1058 4550 1243 4609 sanctissimi
1259 4550 1341 4623 regis
1356 4547 1505 4623 Stephani

240 4660 424 4732 dyademate
455 4676 494 4716 ex
521 4660 659 4716 inmensa
690 4658 858 4715 clemencia
888 4661 918 4714 et
948 4656 1161 4715 misericordia
1183 4654 1281 4729 ipsius
1310 4654 1394 4712 beati
1422 4655 1505 4727 regis

240 4764 388 4840 Stephani
411 4764 575 4823 fuissemus
599 4764 744 4822 coronati.
767 4762 881 4822 Devoti
904 4767 934 4821 et
957 4762 1066 4821 fideles
1088 4761 1185 4820 nostri
1208 4760 1382 4834 capitulum
1400 4774 1506 4833 cagra-
