3488 5242
744 287 931 361 Argumenta.

319 568 432 626 ,electus
451 566 548 617 iudex“
569 567 638 618 inter
656 566 811 634 episcopum
828 573 855 618 et
874 567 1022 634 capitulum
1039 571 1146 634 sagrab.
1166 570 1193 620 in
1212 585 1299 631 eausa,
1319 586 1399 638 qnam
1431 580 1434 585 “

321 655 435 722 agebant
454 655 487 704 de
505 654 640 722 occupatis
659 655 768 706 decimis
787 661 814 707 et
832 656 971 719 quibusvis
990 656 1205 722 possessionibus,
1226 659 1265 711 ius
1279 661 1400 727 capitulo

316 744 381 794 dicit
402 770 1392 790 ························································

238 852 297 908 361.
317 853 393 901 Auno
415 861 488 914 1392,
510 862 549 902 12.
569 851 640 902 maii.
660 851 815 916 Zagrabiae.
842 851 958 911 Marcus,
989 850 1061 902 filius
1080 852 1195 914 Mikech,
1215 854 1352 920 promittit
1371 873 1398 907 se

317 938 422 989 litteras
442 939 528 1005 regias
547 940 579 987 de
598 939 758 1005 ascriptione
787 939 827 989 sui
855 939 882 989 in
909 938 1041 1004 gremium
1070 940 1188 992 civitatis
1215 943 1312 994 montis
1331 944 1395 994 Gre-

316 1025 416 1076 chensis
435 1026 580 1077 allaturum
598 1041 652 1076 esse
668 1052 1388 1072 ·········································

238 1132 297 1192 362.
318 1133 393 1182 Anno
416 1140 489 1194 1392,
512 1142 550 1185 12.
577 1132 649 1182 maii.
678 1133 832 1199 Zagrabiae.
861 1133 955 1185 Amica
983 1136 1125 1187 transactio
1154 1136 1224 1188 inter
1251 1137 1397 1204 capitulum

318 1220 425 1286 nagrab.
445 1228 471 1271 et
491 1220 559 1271 cives
579 1221 741 1272 Greehenses
756 1224 789 1272 de
801 1229 930 1273 metarum
943 1221 1126 1283 fractiouihus,
1140 1225 1242 1276 damnis
1254 1230 1280 1276 et
1294 1226 1398 1278 iniuriis

317 1308 434 1359 vicissim
451 1307 536 1359 illatis
547 1334 983 1353 ·························
995 1350 1001 1364 .
1014 1338 1392 1356 ······················

238 1414 299 1472 363.
318 1416 394 1464 Anno
417 1424 491 1477 1392,
511 1426 546 1475 24
572 1415 697 1481 Augusti.
725 1415 877 1480 Zugrabiae.
906 1417 1054 1476 Ladisluus,
1083 1419 1223 1471 slavoniae
1245 1419 1336 1481 banus,
1365 1438 1397 1472 ne

317 1503 434 1552 decimae
453 1503 659 1554 marturinarum
678 1511 704 1554 et
723 1520 867 1570 porcorum
895 1519 910 1555 a
937 1505 1013 1556 banis
1031 1507 1073 1556 vel
1091 1506 1225 1558 vicehunis
1243 1523 1258 1559 1
1276 1507 1396 1576 iobagio·

325 1591 403 1641 nibus
423 1590 520 1641 civium
538 1592 729 1643 Grecbensium
748 1592 775 1642 in
792 1593 933 1644 Petrovina
944 1600 970 1643 et
983 1595 1118 1663 Hrastbya
1131 1595 1308 1662 exigerentur,
1322 1612 1397 1663 prae·

316 1680 381 1746 cipit
400 1707 1392 1727 ························································

238 1784 296 1845 364.
316 1787 393 1835 Anno
415 1796 490 1850 1393,
511 1788 552 1838 28.
572 1787 674 1853 aprilis.
703 1788 856 1854 Zagrahiae.
884 1788 1015 1854 Johannes
1035 1791 1136 1856 Veglae
1156 1797 1206 1842 etc.
1226 1806 1318 1851 eomes,
1338 1793 1395 1844 Sla-

316 1874 412 1924 voniae
430 1875 521 1935 banus,
540 1875 631 1925 comiti
650 1882 676 1925 et
689 1875 823 1927 iudicibus
835 1877 967 1928 nobilium
981 1877 1120 1928 comitatus
1133 1878 1247 1945 zagrab..
1261 1885 1395 1932 utcontra

316 1962 428 2013 Paulum
447 1969 472 2014 et
493 1963 664 2029 Gregorium,
683 1963 753 2015 filios
772 1964 881 2023 Masten,
907 1965 939 2015 de
958 1966 1099 2017 horrendis
1124 1968 1226 2018 actibus
1250 1968 1278 2019 in
1295 1984 1410 2036 posses.

315 2050 386 2101 sione
405 2052 554 2111 Grechcnsi,
573 2066 651 2116 quam
670 2052 805 2119 llrasthya
824 2059 927 2114 vocant,
955 2056 1121 2121 perpetratis,
1154 2055 1299 2120 inquirant,
1319 2072 1393 2124 prae·

315 2140 381 2205 cipit
402 2166 1389 2187 ························································

237 2228 296 2285 315.
316 2230 392 2278 Α111
415 2239 488 2292 1393,
509 2242 551 2294 19.
580 2229 683 2296 aprilis.
711 2229 865 2295 Zagrabiae.
894 2232 1009 2283 Thomas
1027 2232 1169 2284 vicebanus
1187 2239 1213 2285 et
1229 2234 1330 2300 judices
1349 2251 1393 2285 no·

315 2318 409 2370 biliam
429 2320 569 2371 comitatus
597 2320 704 2386 nagrab.
732 2319 879 2384 Johannem
906 2321 1003 2371 bunum
1032 2320 1065 2370 de
1084 2321 1223 2373 horrendis
1242 2327 1268 2373 et
1286 2321 1394 2374 nefariis

314 2408 417 2468 actibus
436 2408 555 2459 filiorum
574 2409 675 2459 Masten
694 2409 721 2458 in
740 2408 903 2474 possessione
928 2408 1055 2474 llrasthjat
1075 2407 1158 2468 iactis,
1178 2409 1289 2461 11111111
1308 2409 1393 2470 111111,

315 2496 455 2546 certiorem
474 2495 574 2547 faciunt
581 2521 1388 2538 ··············································

314 2585 390 2634 Anno
414 2594 486 2649 1393,
510 2594 549 2634 12.
570 2584 641 2636 maii.
660 2584 817 2651 Zagrabiae.
845 2583 975 2648 Johannes
993 2585 1076 2636 banus
1094 2585 1128 2635 de
1145 2583 1309 2636 facinoribus
1328 2588 1393 2638 Gre-

313 2674 384 2740 gorii
405 2673 504 2723 Masten
535 2673 638 2724 civibus
666 2673 859 2723 Grechensibus
886 2672 976 2733 illatis,
1005 2673 1152 2723 chasmense
1179 2673 1335 2740 capitulum,
1363 2682 1393 2727 ut

313 2763 438 2826 inquirat,
460 2769 554 2812 exorat
561 2787 1387 2804 ···············································

235 2853 295 2910 366.
313 2854 389 2902 Anno
413 2862 485 2914 1393,
507 2863 548 2902 21.
568 2851 638 2902 maii.
658 2851 688 2902 ln
707 2851 807 2917 Viglcs,
826 2850 1011 2916 sigismundus
1032 2851 1186 2917 llungariae
1204 2857 1253 2903 etc.
1273 2866 1329 2911 rex,
1348 2867 1388 2902 ca-

316 2941 402 3006 pitulo
421 2941 527 3007 ragrab.
549 2945 642 2991 eontra
661 2939 778 2990 facinora
799 2939 917 2990 filiorum
935 2939 1037 2990 Masten
1058 2938 1166 3003 inquiri,
1186 2954 1216 2988 ac
1234 2940 1338 2991 eosdem
1358 2940 1393 2990 ad

314 3028 442 3079 iudicium
460 3028 553 3079 banalc
572 3028 649 3079 citari
669 3043 698 3079 ac
716 3027 768 3079 sibi
788 3044 836 3095 pro
856 3028 976 3078 examine
994 3027 1098 3087 reterri,
1118 3027 1249 3095 praecipit
1257 3055 1387 3069 ········

236 3119 294 3175 367.
314 3120 389 3168 Anno
412 3128 486 3180 1393,
509 3119 547 3168 16.
567 3118 730 3183 septembris.
749 3117 901 3184 Zagrabiae.
921 3117 1017 3168 Coram
1028 3115 1147 3180 Johanne
1159 3117 1299 3168 slavoniae
1311 3117 1389 3175 bano,

312 3206 479 3272 magistratus
498 3205 613 3257 civitatis
631 3206 728 3257 montis
747 3205 902 3256 Grechensis
920 3211 1012 3255 contra
1031 3204 1101 3255 filios
1112 3205 1220 3264 Masten,
1235 3205 1281 3270 qui
1294 3222 1391 3273 posses-

316 3294 400 3344 siones
420 3295 561 3345 Petrovina
580 3301 605 3345 et
624 3291 752 3362 Hrasthju
771 3299 973 3359 occupaverant,
992 3299 1155 3360 protestatur
1167 3320 1386 3335 ·············

235 3384 294 3441 368.
314 3385 390 3433 Anno
414 3392 488 3446 1393,
508 3384 547 3432 26.
568 3382 695 3433 octobris.
715 3382 854 3449 Strigonii.
883 3381 1066 3448 sigismundus
1094 3382 1249 3446 Hungariue
1268 3389 1317 3436 ete.
1335 3398 1391 3442 rex,

313 3469 425 3534 Jobanni
445 3471 514 3522 bano
533 3470 680 3535 slavoniae,
700 3477 728 3521 ut
750 3470 800 3521 filii
819 3472 920 3522 Masten
940 3470 1042 3520 civibus
1056 3471 1249 3521 Greehensibus
1263 3471 1295 3521 de
1310 3472 1392 3522 illatis

313 3559 426 3620 iniuriis,
445 3559 616 3617 satisfaciant,
635 3559 767 3626 praecipit
774 3586 1385 3602 ···································

235 3665 293 3727 369.
314 3667 389 3714 Anno
412 3674 485 3729 1393,
505 3674 546 3720 27.
568 3665 693 3716 octobris.
714 3666 813 3717 Budae.
824 3665 1007 3732 sigismundus
1024 3666 1177 3732 ilungariue
1189 3672 1237 3718 etc.
1253 3682 1308 3725 rex,
1321 3667 1390 3717 bano

312 3753 779 3818 311111111111119111111111111111
799 3753 868 3804 cives
888 3753 1048 3804 Grechenses
1071 3753 1097 3804 iu
1117 3754 1326 3820 possessionibus
1345 3755 1391 3805 Pe·

314 3841 420 3892 trovina
439 3847 465 3892 et
485 3843 597 3908 ttrastja,
617 3857 725 3906 quoquo
744 3843 823 3892 modo
842 3841 1004 3902 infestarent,
1023 3842 1154 3909 praecipit
1166 3869 1260 3884 ······
1271 3872 1279 3876 ..
1290 3869 1385 3884 ······

234 3956 292 4006 370.
312 3951 387 3998 Anno
410 3958 484 4011 1394.
516 3951 555 4000 18.
574 3949 712 4003 februarii.
743 3950 897 4016 Zagrabiac.
924 3949 1040 3999 Thomas
1065 3949 1215 4009 vicebanus,
1244 3949 1391 4016 capitulum

313 4037 418 4099 zagrab.
439 4043 468 4087 ut
487 4043 579 4088 contra
597 4038 716 4098 Paulum,
738 4038 823 4089 filium
843 4038 950 4093 Masteu.
971 4037 1017 4103 qui
1038 4038 1176 4100 quemdam
1195 4039 1328 4088 Andrcam
1342 4022 1389 4088 sih

311 4124 423 4174 uetando
443 4131 610 4185 tractaverat,
629 4126 808 4192 investigaret,
832 4132 926 4177 exorat
950 4152 1384 4167 ·························

234 4238 292 4286 371.
312 4233 388 4280 Anno
412 4241 484 4293 1394,
504 4242 545 4282 21.
565 4231 704 4283 februarii.
725 4233 878 4298 Zagrabiae.
898 4232 1051 4300 Capitulum
1080 4234 1170 4287 eccles,
1189 4233 1295 4299 zagrab.
1314 4231 1382 4284 Tho·
1419 4220 1424 4231 ’

311 4335 368 4370 mae
392 4321 519 4371 vicebano
543 4321 574 4371 de
593 4321 756 4373 facinoribus
775 4321 859 4383 Pauli,
878 4321 928 4371 tilii
947 4322 1056 4380 Masten,
1075 4328 1168 4373 eontra
1189 4324 1321 4372 Andrcam
1334 4309 1389 4380 sih,

312 4408 392 4458 refert
400 4436 1384 4452 ························································

234 4504 293 4554 372.
315 4500 391 4548 Anno
414 4499 866 4566 139111.111911112111111111,
895 4500 1048 4565 Capitulum
1066 4500 1173 4565 zagrab.
1202 4502 1266 4551 ecel.
1285 4500 1390 4552 litteras

310 4586 473 4651 sigismundi
497 4587 653 4654 Hungariue
677 4595 724 4638 etc.
748 4586 828 4654 regis,
849 4587 1020 4653 prohibentes
1043 4588 1113 4638 bano
1131 4588 1239 4652 eiusque
1257 4587 1390 4639 vieebanis

312 4690 343 4724 ne
362 4674 432 4725 cives
451 4675 611 4726 Grechenses
631 4677 658 4726 in
677 4675 870 4742 possesionibus
892 4676 1034 4728 Petrosina
1052 4682 1079 4726 et
1096 4676 1224 4743 Hrasthja
1243 4677 1388 4735 turbarent,

311 4763 476 4815 transcribit·
488 4789 1385 4811 ···················································

1443 4771 1494 4823 352
