3488 5242
633 354 706 412 Doc.
730 366 865 431 410.·—
891 352 947 410 An.
971 347 1064 429 1398.
1417 366 1478 429 395

213 551 406 625 prefuissent,
438 560 468 610 et
496 569 533 609 ex
557 567 594 608 eo
617 551 656 608 ad
684 566 793 608 manus
820 560 940 609 nostras
962 553 1063 624 regias
1086 551 1233 608 devolute
1256 556 1286 607 et
1309 549 1480 607 redundate

213 658 392 727 extitissent,
424 657 591 715 simulcum
618 657 771 714 universis
800 656 980 714 eorumdem
1011 657 1196 714 utilitatibus
1227 666 1257 712 et
1284 656 1481 729 pertinenciis

123 816 126 821 .
217 762 253 819 ad
277 762 399 820 easdem
422 765 480 822 rite
503 768 532 820 et
555 763 706 834 legittime
728 763 945 835 spectantibus,
969 778 1007 819 ex
1030 767 1113 819 certa
1133 763 1259 819 scientia
1274 767 1304 819 et
1320 761 1481 835 potestatis

213 868 406 941 plenitudine
429 873 532 926 nostre
556 869 732 937 maiestatis,
757 868 842 925 omni
865 882 901 924 eo
924 869 998 937 iure,
1023 883 1084 940 quo
1100 867 1206 925 eedem
1227 866 1266 924 ad
1283 872 1419 924 nostram
1436 866 1481 924 di·

214 980 382 1031 noscuntur
412 975 565 1046 pertinere
597 973 809 1043 collacionem,
841 972 991 1043 dedimus,
1022 971 1207 1030 donavimus
1230 978 1260 1029 et
1283 972 1480 1042 contulimus,

213 1094 320 1150 ymmo
344 1078 463 1148 damus,
488 1078 639 1136 donamus
663 1094 698 1135 ac
721 1084 872 1152 perpetuo
892 1079 958 1135 iure
974 1076 1161 1134 conferimus
1178 1078 1289 1134 harum
1304 1082 1480 1134 nostrarum

214 1185 389 1241 testimonio
422 1185 602 1254 litterarum,
634 1184 698 1241 sine
730 1192 833 1241 tamen
862 1184 1032 1256 preludicio
1064 1183 1138 1241 iuris
1162 1183 1272 1251 alieni;
1296 1197 1382 1254 quas,
1406 1181 1481 1238 dum

215 1291 303 1346 nobis
335 1291 364 1346 in
395 1292 497 1363 specie
527 1289 640 1346 fuerint
671 1290 766 1346 allate
795 1290 825 1346 in
853 1288 986 1346 sormam
1011 1289 1107 1345 nostri
1133 1287 1291 1361 privilegii
1314 1287 1413 1360 redigi
1437 1286 1481 1343 ta-

213 1396 338 1451 ciemus.
363 1395 477 1451 Datum
504 1394 632 1466 Bachye‚
657 1394 687 1451 in
711 1393 789 1451 festo
814 1396 901 1451 beate
917 1393 1083 1452 Scolastice
1103 1393 1239 1465 virginis.
1258 1397 1346 1450 Anno
1362 1392 1481 1449 domini

181 1497 184 1503 '
216 1500 384 1557 millesimo
408 1499 485 1557 CCC
508 1501 708 1572 nonagesimo
729 1505 846 1557 octavo,

305 1634 445 1699 Originale
470 1634 497 1683 in
522 1635 679 1685 membrana.
706 1635 832 1701 Sigillum
861 1634 946 1684 minus
971 1634 1135 1699 impressum,
1160 1633 1282 1698 deperiit.
1314 1632 1344 1683 In
1371 1632 1480 1683 archivo

216 1722 437 1787 archiepiscopali
457 1723 617 1787 Zagrabiae:
637 1723 823 1788 Privilcgialia
841 1739 880 1772 nr.
900 1732 940 1781 31.

805 2007 894 2072 410.

323 2168 399 2215 Anno
423 2168 495 2229 1398,
515 2178 555 2215 22.
576 2166 678 2231 aprilis.
698 2157 735 2216 In
748 2166 854 2233 Wylak.

216 2290 417 2364 Sigismunrlus
440 2295 617 2367 Hungariae
639 2301 696 2363 etc,
719 2313 773 2351 rex
795 2313 829 2351 tre
845 2297 918 2352 cr'rres
941 2295 1113 2353 Grccltenses
1128 2313 1147 2349 a
1163 2295 1325 2352 castellanis
1340 2293 1373 2349 dr
1387 2300 1481 2350 castro

322 2398 529 2456 Medved'ullo
551 2400 632 2458 modo
655 2409 893 2474 aggrederentur
915 2403 962 2458 vel
980 2402 1207 2471 molestarentur,
1223 2399 1382 2472 prohibuit.

303 2559 519 2633 sigismundus
543 2563 592 2620 dei
616 2565 719 2635 gracia
735 2580 789 2621 rex
805 2565 971 2637 Hungarie‚
991 2565 1160 2633 Dalmacie,
1178 2562 1305 2621 Croacie
1320 2568 1383 2631 etc,
1399 2575 1481 2618 mar·

216 2669 347 2740 chioque
371 2667 688 2742 Brandemburgensis
712 2679 766 2728 etc.
791 2669 890 2728 Fideli
913 2686 978 2741 suo,
1002 2672 1070 2728 viro
1101 2668 1266 2742 magnifico
1289 2666 1419 2725 Nicolao
1442 2666 1481 2723 de

215 2773 307 2842 Gara,
330 2773 492 2832 Dalmacie
515 2781 544 2832 et
575 2775 702 2833 Croacie
734 2776 944 2849 predictorum
976 2792 1012 2833 ac
1041 2775 1213 2845 Sclauonie‚
1236 2788 1404 2846 regnorum
1427 2787 1480 2829 uo·

215 2884 352 2936 strorum
376 2880 457 2936 bano
480 2882 531 2936 vel
556 2881 706 2938 vicebano
729 2881 866 2940 eiusdem
891 2883 978 2954 regni
1009 2880 1181 2950 Sclauonie,
1205 2880 1337 2938 salutem
1363 2885 1393 2936 et
1415 2893 1484 2950 gra·

217 2985 305 3042 ciam.
328 2984 412 3042 Dicit
434 2987 525 3043 nobis
548 2985 660 3057 Gallus
684 2988 857 3060 Hungarus,
881 2989 958 3046 civis
981 2988 1114 3045 civitatis
1140 2993 1242 3044 nostre
1270 2985 1384 3043 montis
1407 2982 1484 3041 Gre-

216 3091 324 3160 censis.
348 3106 404 3148 sua
427 3106 462 3148 ac
485 3091 595 3149 iudicis
619 3099 648 3149 et
673 3094 888 3151 universorum
912 3094 1029 3150 civium
1053 3092 1186 3150 civitatis
1209 3091 1349 3149 eiusdem
1365 3091 1395 3147 in
1412 3105 1482 3163 per·

217 3197 308 3265 sonis,
333 3196 491 3268 quomodo
514 3195 697 3270 Stephanus,
728 3198 812 3256 filius
841 3199 990 3283 Johannis
1022 3198 1060 3255 de
1090 3198 1203 3270 Wyzla
1232 3203 1263 3254 et
1293 3196 1414 3254 Blasius
1445 3194 1485 3252 de

215 3300 329 3369 chael,
353 3302 510 3360 castellani
535 3304 631 3360 vestri
661 3304 699 3360 de
730 3303 923 3374 Medwewar‚
947 3305 988 3361 ab
1011 3319 1048 3361 eo
1071 3311 1211 3377 tempore
1235 3318 1252 3360 a
1276 3317 1339 3375 quo
1367 3302 1484 3359 honore

217 3408 435 3465 castellanatus
459 3409 556 3482 ipsius
579 3411 671 3467 castri
695 3409 903 3483 fungerentur,
926 3411 1003 3484 ipsis
1027 3410 1148 3466 civibus
1171 3407 1283 3466 nostris
1307 3408 1483 3465 innumera·

216 3513 293 3569 bilia
316 3521 346 3570 et
368 3513 590 3572 intollerabilia
611 3514 747 3589 dampna
778 3516 952 3573 intulissent
984 3521 1013 3572 et
1045 3514 1158 3572 inferre
1185 3529 1245 3571 non
1269 3519 1423 3570 cessarent
1445 3510 1484 3569 de

217 3620 360 3692 presenti,
383 3627 477 3692 prout
500 3621 612 3679 hocin
636 3623 767 3694 registro
800 3623 940 3695 ipsorum
973 3620 1082 3678 iudicis
1106 3626 1136 3677 et
1159 3621 1275 3677 civium
1306 3623 1484 3676 nostrorum

217 3740 274 3797 per
308 3726 412 3797 ipsum
435 3724 566 3783 Gallum
596 3727 686 3785 nobis
718 3728 750 3785 in
781 3728 883 3801 specie
912 3727 1051 3785 exhibito
1083 3727 1197 3783 clarius
1228 3725 1365 3783 vidimus
1388 3724 1483 3782 conti·

218 3831 299 3899 neri;
323 3831 409 3888 cuius
433 3833 656 3890 continenciam
679 3839 809 3907 propter
840 3835 905 3892 eius
935 3834 1150 3908 prolixitatem
1177 3831 1372 3906 presentibus
1391 3830 1484 3888 inseri

217 3943 248 3994 et
270 3937 398 3995 inscribi
420 3952 481 3994 non
505 3938 642 4009 fecimus,
666 3939 719 3998 sed
744 3940 827 3998 idem
861 3940 984 4013 registri
1015 3946 1108 4013 caput
1139 3938 1235 4011 sigilli
1266 3938 1363 3995 nostri
1384 3935 1485 3994 reclu-

217 4057 296 4111 sum,
321 4059 392 4100 eum
414 4045 609 4116 presentibus
633 4045 724 4102 vobis
748 4047 777 4103 in
801 4047 903 4120 specie
936 4045 1171 4104 transmisimus.
1201 4041 1301 4118 Super
1324 4057 1386 4115 quo
1408 4041 1485 4099 tide·

218 4148 298 4204 litati
322 4154 423 4205 vestre
454 4148 586 4207 firmiter
618 4152 816 4224 precipiendo
848 4151 1040 4216 mandamus.
1073 4157 1223 4224 quatenus
1253 4150 1329 4207 scita
1353 4149 1484 4222 premis·

217 4269 325 4310 sorum
348 4269 433 4311 mera
457 4257 586 4314 veritate
607 4261 638 4313 et
660 4258 762 4315 reviso
784 4259 853 4332 ipso
868 4259 1009 4330 registr0,
1025 4258 1050 4315 si
1067 4257 1218 4330 premissa
1234 4256 1277 4313 sic
1293 4254 1374 4312 facta
1389 4254 1483 4312 fuisse

218 4361 442 4432 comperieritis
466 4368 501 4419 ut
522 4368 626 4420 nostre
648 4371 852 4436 conquestum
875 4371 921 4421 est
944 4365 1105 4431 maiestati,
1128 4368 1239 4419 extunc
1261 4362 1338 4435 ipsis
1364 4361 1485 4418 civibus

217 4465 330 4522 nostris
354 4466 384 4523 in
407 4468 566 4539 premissis
589 4484 627 4525 ex
650 4476 738 4541 parte
762 4469 916 4527 dictorum
939 4469 1179 4527 castellanorum
1202 4473 1378 4525 vestrorum
1405 4468 1484 4524 meri

218 4571 294 4628 iuris
317 4577 347 4628 et
370 4572 489 4630 iusticie
513 4588 548 4630 ac
571 4574 792 4633 satisfaccionis
815 4576 986 4635 exhibeatis
1009 4575 1291 4648 complementum;
1320 4572 1360 4631 de
1382 4579 1485 4631 cetero

220 4677 303 4748 ipsos
327 4678 410 4735 cives
433 4684 555 4737 nostros
578 4681 729 4737 annotatis
745 4681 921 4739 castellanis
940 4682 1053 4739 vestris
1069 4682 1171 4738 minus
1193 4681 1272 4738 iuste
1295 4685 1325 4738 et
1347 4679 1485 4738 indebite

219 4783 386 4841 molestare
409 4798 470 4842 non
493 4785 711 4858 permittendo,
734 4801 822 4845 secus
846 4802 958 4862 puram
980 4787 1118 4861 graciam
1139 4801 1202 4845 non
1225 4784 1345 4844 facturi.
1367 4785 1485 4844 Datum
