3488 5242
763 368 974 442 Necrologium.
1444 381 1505 441 407

284 587 313 643 in
344 585 475 641 diversis
507 584 694 640 ornamentis
726 591 756 641 et
790 585 870 641 vasis
900 585 1051 655 argenteis
1079 584 1208 641 dotavit.
1234 584 1292 640 Hic
1316 589 1385 656 post
1409 583 1507 639 multa

288 691 444 749 meritoria
475 705 569 762 opera
592 691 670 746 obiit
692 698 802 761 quarta
826 689 875 746 die
900 690 1012 747 mensis
1036 690 1154 762 aprilis,
1180 704 1260 746 anno
1283 689 1399 745 domini
1425 688 1507 746 MCC

286 796 494 868 octuagesimo
527 795 597 863 Vll;
629 795 715 851 cuius
746 795 945 868 sepulchrum
970 800 1100 868 apparet
1128 802 1197 851 ante
1221 809 1306 851 aram
1333 795 1422 850 beate
1446 795 1515 850 vir··

284 903 363 974 ginis
387 903 416 959 in
441 901 569 958 ecclesia
593 901 710 958 maiori.

346 1058 422 1103 Anno
444 1054 518 1111 1287,
538 1062 560 1111 5.
580 1053 739 1104 novembris.

238 1168 318 1225 Huic
350 1166 492 1223 suecessit
524 1166 668 1223 dominus
693 1151 945 1241 Anthonius'per
968 1169 1155 1225 eleccionem
1180 1167 1218 1224 de
1243 1168 1437 1240 prepositura
1461 1168 1507 1223 al·

286 1275 379 1343 bensi,
411 1273 464 1344 qui
496 1271 619 1328 modico
650 1281 790 1345 tempore
818 1273 904 1340 vixit,
929 1274 1002 1345 quia
1025 1290 1078 1330 sex
1104 1273 1269 1330 mensibus.
1293 1273 1378 1330 Obiit
1401 1281 1506 1330 autem

284 1395 362 1435 anno
387 1377 504 1435 domini
528 1376 610 1433 MCC
634 1378 843 1449 octuagesimo
866 1380 999 1451 septimo
1023 1380 1052 1436 in
1078 1378 1127 1436 die
1152 1379 1234 1435 beati
1258 1379 1389 1436 limerici
1419 1378 1507 1436 ducis

283 1485 453 1553 Sclauonie,
476 1483 535 1540 filii
558 1483 653 1540 sancti
677 1483 758 1555 regis
782 1482 940 1556 Stephani,
965 1484 1004 1542 de
1028 1501 1133 1541 mense
1157 1485 1329 1541 novembri.

345 1657 421 1704 Auno
444 1663 517 1715 1295,
538 1663 561 1712 3.
582 1653 706 1703 octobris.

240 1768 318 1823 Huic
345 1767 489 1822 successit
517 1764 660 1822 dominus
690 1766 844 1847 Johannes
870 1782 924 1838 per
948 1767 1133 1824 eleccionem
1158 1767 1196 1824 de
1218 1769 1379 1841 preposito
1402 1784 1506 1841 zagra·

286 1872 391 1929 biensi.
415 1872 502 1928 euius
527 1877 666 1943 tempore
691 1871 746 1928 fuit
770 1883 906 1928 castrum
936 1873 1045 1930 hledue
1069 1875 1109 1930 ab
1132 1875 1261 1931 ecclesia
1284 1874 1451 1932 alienatum
1477 1880 1507 1930 et

284 1978 339 2034 luit
371 1993 426 2049 per
457 1977 514 2032 hoc
547 1976 675 2032 ecclesia
706 1977 736 2033 in
769 1979 1040 2049 persecucionibus
1071 1980 1171 2051 posita
1199 1980 1333 2035 maxime
1357 1984 1506 2050 quantum

283 2083 321 2139 nd
347 2083 527 2155 capitulum.
559 2083 617 2139 Hic
640 2083 717 2139 obiit
743 2098 822 2140 anno
843 2083 962 2142 domini
985 2085 1069 2141 MCC
1092 2087 1292 2157 nonagesimo
1316 2085 1433 2157 quinto,
1456 2085 1506 2142 die

284 2188 499 2246 terciadecima
522 2189 665 2245 octobris.

345 2362 421 2409 Anno
444 2367 518 2416 1323,
538 2367 560 2416 3.
581 2358 704 2423 Augusti.
780 2349 783 2354 ’

240 2473 319 2528 Huic
349 2466 378 2547 (i.
411 2487 435 2528 e.
468 2470 611 2527 Michaeli
644 2464 878 2548 laps-1303.)
909 2475 1052 2531 successit
1083 2473 1227 2531 dominus
1256 2476 1444 2547 Augustinus
1467 2474 1506 2532 de

283 2577 391 2634 ordine
415 2574 548 2633 fratrum
573 2576 813 2646 Predicatorum‚
845 2579 907 2636 vite
931 2582 1090 2638 sanctitate
1116 2581 1294 2654 prefulgens
1318 2587 1410 2654 prout
1433 2597 1506 2639 suus

284 2684 383 2739 exitus
414 2682 512 2751 docet,
545 2698 600 2755 per
631 2683 841 2754 provisionem
873 2686 1010 2743 eiusdem
1034 2687 1152 2745 domini
1176 2687 1330 2745 Benedicti
1354 2703 1451 2760 pape;
1476 2694 1506 2744 et

283 2790 354 2845 licet
386 2787 580 2860 temporibus
612 2788 774 2860 impacatis
808 2797 909 2847 tamen
940 2792 1058 2850 utiliter
1088 2801 1117 2849 et
1153 2792 1353 2850 laudabiliter
1389 2792 1506 2867 prefuit

282 2896 409 2952 ecclesie
433 2902 573 2966 tempore
597 2893 713 2951 domini
740 2896 845 2953 Karoli
871 2899 951 2969 regis
975 2898 1151 2970 Hungarie;
1175 2908 1205 2956 et
1228 2899 1353 2956 demum
1379 2914 1435 2973 per
1450 2898 1505 2956 do-

287 3003 403 3058 minum
420 3002 592 3082 Johannem
609 3016 723 3074 papam
741 3002 826 3059 XXll
851 3004 1015 3061 translatus
1040 3004 1097 3063 fuit
1121 3006 1149 3061 in
1174 3007 1355 3077 episcopum
1371 3006 1505 3062 civitatis

284 3114 387 3164 sancte
409 3107 505 3163 hiarie
529 3106 566 3162 de
591 3106 752 3177 Nucheria,
785 3108 890 3180 ibique
921 3109 998 3166 obiit
1028 3109 1078 3167 die
1110 3111 1203 3167 tercia
1227 3112 1340 3168 mensis
1364 3112 1504 3183 Augusti,

284 3229 363 3271 anno
379 3212 497 3269 domini
520 3212 741 3283 llCCi‘XXlll,
769 3214 822 3285 qui
846 3230 943 3286 usque
966 3215 1058 3272 hodie
1081 3223 1237 3273 corruscat
1262 3215 1427 3273 miraculis.

346 3386 421 3432 Anno
444 3385 517 3445 1348,
542 3386 579 3432 lo.
600 3383 724 3433 octobris.

239 3496 318 3552 lluic
342 3494 371 3572 (i.
395 3513 418 3552 e.
443 3496 586 3553 Ladislao
610 3496 648 3552 de
672 3497 774 3553 Kobol
801 3491 1035 3573 1326—1343.)
1051 3501 1195 3557 suecessit
1211 3499 1354 3556 dominus
1369 3500 1504 3581 Jacobus

287 3602 325 3658 de
351 3602 516 3670 placencia,
549 3603 601 3674 qui
635 3601 692 3659 fuit
723 3603 825 3675 primo
849 3604 986 3676 phisicus
1010 3604 1126 3661 domini
1152 3606 1258 3662 Karoli
1283 3606 1372 3678 regis,
1397 3611 1504 3678 postea

284 3711 446 3782 episcopus
471 3709 684 3765 chanadiensis
707 3716 736 3765 et
758 3710 871 3766 abhinc
894 3710 1059 3767 translatus
1083 3713 1112 3767 in
1129 3712 1311 3784 episcopum
1327 3711 1504 3784 zagrabien·

285 3831 350 3871 sem
384 3831 439 3887 per
466 3814 596 3871 eundem
629 3814 790 3871 dominum
819 3830 933 3887 papam
958 3816 1158 3872 Clementem.
1183 3817 1241 3873 Hic
1264 3817 1339 3873 obiit
1364 3816 1448 3873 Bude
1472 3819 1503 3875 in

282 3920 360 3976 festo
384 3922 463 3977 beati
488 3919 573 3976 Galli
596 3920 726 3976 abbatis.
752 3922 841 3977 Anno
865 3921 982 3978 domini
1006 3913 1275 3999 Mt'tlt·xl.(v)111.

453 4057 534 4104 Notae
555 4072 568 4103 e
587 4055 655 4104 serie
675 4054 860 4120 episcoporum
880 4057 983 4120 zagrab.
1006 4063 1085 4120 prnnt
1106 4057 1130 4105 in
1152 4056 1235 4106 Libro
1252 4059 1416 4107 Statutorum
1433 4058 1501 4123 eapi-

487 4145 535 4193 tuli
557 4143 661 4208 zagrnb.
683 4142 864 4207 perhibentur.

833 4427 909 4492 111.

344 4559 420 4604 Anno
443 4557 514 4612 1326.
541 4571 627 4604 mense
646 4554 727 4620 Julio.

238 4687 392 4768 Johannes
417 4687 521 4755 lector,
542 4687 593 4758 qui
620 4687 697 4743 obiit
720 4685 758 4742 de
782 4701 886 4743 mense
907 4687 991 4768 Julii,
1014 4701 1094 4742 anno
1117 4684 1233 4742 domini
1259 4684 1479 4742 MCCCXXVI.

451 4819 532 4869 Liber
552 4823 678 4870 statutor.
698 4836 755 4870 ven.
775 4835 831 4886 cap.
850 4821 955 4886 zagrab.
974 4825 1042 4886 part.
1062 4819 1108 4870 IV.
1128 4834 1148 4869 c.
1168 4819 1202 4869 Il.
