<?xml version="1.0" encoding="UTF-8"?>
<!DOCTYPE html PUBLIC "-//W3C//DTD XHTML 1.0 Transitional//EN"
    "http://www.w3.org/TR/xhtml1/DTD/xhtml1-transitional.dtd">
<html xmlns="http://www.w3.org/1999/xhtml" xml:lang="en" lang="en">
 <head>
  <title>
</title>
<meta http-equiv="Content-Type" content="text/html;charset=utf-8" />
  <meta name='ocr-system' content='tesseract 3.04.00' />
  <meta name='ocr-capabilities' content='ocr_page ocr_carea ocr_par ocr_line ocrx_word'/>
</head>
<body>
  <div class='ocr_page' id='page_1' title='image "./monumentahistor11laszgoog_0471.png"; bbox 0 0 3488 5242; ppageno 0'>
   <div class='ocr_carea' id='block_1_1' title="bbox 256 350 1109 430">
    <p class='ocr_par' dir='ltr' id='par_1_1' title="bbox 256 350 1109 430">
     <span class='ocr_line' id='line_1_1' title="bbox 256 350 1109 430; baseline 0.001 -21"><span class='ocrx_word' id='word_1_1' title='bbox 256 367 316 426; x_wconf 83' lang='lat'>234</span> <span class='ocrx_word' id='word_1_2' title='bbox 676 352 751 410; x_wconf 78' lang='lat' dir='ltr'>Dor.</span> <span class='ocrx_word' id='word_1_3' title='bbox 776 365 847 428; x_wconf 73' lang='lat'><em>249.</em></span> <span class='ocrx_word' id='word_1_4' title='bbox 875 387 911 394; x_wconf 97' lang='lat'><em>-</em></span> <span class='ocrx_word' id='word_1_5' title='bbox 936 354 993 412; x_wconf 82' lang='lat' dir='ltr'>An.</span> <span class='ocrx_word' id='word_1_6' title='bbox 1019 350 1109 430; x_wconf 73' lang='lat'><em>1569.</em></span> 
     </span>
    </p>
   </div>
   <div class='ocr_carea' id='block_1_2' title="bbox 246 547 1607 2222">
    <p class='ocr_par' dir='ltr' id='par_1_2' title="bbox 246 547 1607 2222">
     <span class='ocr_line' id='line_1_2' title="bbox 251 547 1516 628; baseline 0.006 -23"><span class='ocrx_word' id='word_1_7' title='bbox 251 553 281 605; x_wconf 89' lang='lat' dir='ltr'>et</span> <span class='ocrx_word' id='word_1_8' title='bbox 310 547 435 606; x_wconf 92' lang='lat' dir='ltr'>domine</span> <span class='ocrx_word' id='word_1_9' title='bbox 466 551 571 623; x_wconf 85' lang='lat' dir='ltr'>regine</span> <span class='ocrx_word' id='word_1_10' title='bbox 598 552 737 623; x_wconf 76' lang='lat' dir='ltr'>genitrici</span> <span class='ocrx_word' id='word_1_11' title='bbox 765 558 869 610; x_wconf 92' lang='lat' dir='ltr'>nostre</span> <span class='ocrx_word' id='word_1_12' title='bbox 896 552 1056 610; x_wconf 85' lang='lat' dir='ltr'>karissime</span> <span class='ocrx_word' id='word_1_13' title='bbox 1088 553 1201 611; x_wconf 89' lang='lat' dir='ltr'>dicitur</span> <span class='ocrx_word' id='word_1_14' title='bbox 1229 555 1402 627; x_wconf 86' lang='lat' dir='ltr'>querulose,</span> <span class='ocrx_word' id='word_1_15' title='bbox 1434 557 1516 628; x_wconf 91' lang='lat' dir='ltr'>quod</span> 
     </span>
     <span class='ocr_line' id='line_1_3' title="bbox 252 654 1518 730; baseline 0.006 -20"><span class='ocrx_word' id='word_1_16' title='bbox 252 669 308 711; x_wconf 93' lang='lat' dir='ltr'>vos</span> <span class='ocrx_word' id='word_1_17' title='bbox 333 670 402 711; x_wconf 90' lang='lat' dir='ltr'>cum</span> <span class='ocrx_word' id='word_1_18' title='bbox 427 654 543 712; x_wconf 89' lang='lat' dir='ltr'>eisdem</span> <span class='ocrx_word' id='word_1_19' title='bbox 568 672 661 730; x_wconf 90' lang='lat' dir='ltr'>super</span> <span class='ocrx_word' id='word_1_20' title='bbox 684 657 841 715; x_wconf 90' lang='lat' dir='ltr'>solucione</span> <span class='ocrx_word' id='word_1_21' title='bbox 865 664 894 716; x_wconf 90' lang='lat' dir='ltr'>et</span> <span class='ocrx_word' id='word_1_22' title='bbox 919 658 1134 716; x_wconf 87' lang='lat' dir='ltr'>moderacione</span> <span class='ocrx_word' id='word_1_23' title='bbox 1157 659 1323 717; x_wconf 91' lang='lat' dir='ltr'>solucionis</span> <span class='ocrx_word' id='word_1_24' title='bbox 1348 661 1518 718; x_wconf 90' lang='lat' dir='ltr'>tricesima·</span> 
     </span>
     <span class='ocr_line' id='line_1_4' title="bbox 250 761 1517 837; baseline 0.004 -19"><span class='ocrx_word' id='word_1_25' title='bbox 250 775 319 818; x_wconf 90' lang='lat' dir='ltr'>rum</span> <span class='ocrx_word' id='word_1_26' title='bbox 345 761 563 818; x_wconf 86' lang='lat' dir='ltr'>convenissetis</span> <span class='ocrx_word' id='word_1_27' title='bbox 587 768 617 819; x_wconf 93' lang='lat' dir='ltr'>et</span> <span class='ocrx_word' id='word_1_28' title='bbox 640 764 881 821; x_wconf 89' lang='lat' dir='ltr'>concordassetis</span> <span class='ocrx_word' id='word_1_29' title='bbox 905 771 933 821; x_wconf 92' lang='lat' dir='ltr'>et</span> <span class='ocrx_word' id='word_1_30' title='bbox 950 781 1044 837; x_wconf 91' lang='lat' dir='ltr'>super</span> <span class='ocrx_word' id='word_1_31' title='bbox 1059 764 1175 822; x_wconf 89' lang='lat' dir='ltr'>eisdem</span> <span class='ocrx_word' id='word_1_32' title='bbox 1200 765 1302 822; x_wconf 83' lang='lat' dir='ltr'>littere</span> <span class='ocrx_word' id='word_1_33' title='bbox 1326 772 1431 823; x_wconf 91' lang='lat' dir='ltr'>nostre</span> <span class='ocrx_word' id='word_1_34' title='bbox 1447 782 1517 823; x_wconf 92' lang='lat' dir='ltr'>con-</span> 
     </span>
     <span class='ocr_line' id='line_1_5' title="bbox 252 846 1607 941; baseline 0.003 -17"><span class='ocrx_word' id='word_1_35' title='bbox 252 866 328 924; x_wconf 87' lang='lat' dir='ltr'>fecte</span> <span class='ocrx_word' id='word_1_36' title='bbox 352 867 546 939; x_wconf 87' lang='lat' dir='ltr'>haberentur,</span> <span class='ocrx_word' id='word_1_37' title='bbox 571 846 647 941; x_wconf 66' lang='lat' dir='ltr'>(quas</span> <span class='ocrx_word' id='word_1_38' title='bbox 671 886 776 926; x_wconf 87' lang='lat' dir='ltr'>coram</span> <span class='ocrx_word' id='word_1_39' title='bbox 807 871 897 928; x_wconf 92' lang='lat' dir='ltr'>nobis</span> <span class='ocrx_word' id='word_1_40' title='bbox 928 877 1074 928; x_wconf 88' lang='lat' dir='ltr'>curarunt</span> <span class='ocrx_word' id='word_1_41' title='bbox 1105 871 1266 941; x_wconf 89' lang='lat' dir='ltr'>exhihere;</span> <span class='ocrx_word' id='word_1_42' title='bbox 1298 887 1378 928; x_wconf 90' lang='lat' dir='ltr'>nunc</span> <span class='ocrx_word' id='word_1_43' title='bbox 1412 878 1515 928; x_wconf 88' lang='lat' dir='ltr'>autem</span> <span class='ocrx_word' id='word_1_44' title='bbox 1605 881 1607 884; x_wconf 54' lang='lat'><em>⁴</em></span> 
     </span>
     <span class='ocr_line' id='line_1_6' title="bbox 249 973 1516 1059; baseline 0.004 -29"><span class='ocrx_word' id='word_1_45' title='bbox 249 974 338 1059; x_wconf 35' lang='lat' dir='ltr'>ultra·</span> <span class='ocrx_word' id='word_1_46' title='bbox 357 973 470 1032; x_wconf 88' lang='lat' dir='ltr'>dictam</span> <span class='ocrx_word' id='word_1_47' title='bbox 495 976 755 1049; x_wconf 89' lang='lat' dir='ltr'>composicionem</span> <span class='ocrx_word' id='word_1_48' title='bbox 779 983 809 1033; x_wconf 91' lang='lat' dir='ltr'>et</span> <span class='ocrx_word' id='word_1_49' title='bbox 832 979 1009 1035; x_wconf 87' lang='lat' dir='ltr'>litterarum</span> <span class='ocrx_word' id='word_1_50' title='bbox 1031 981 1208 1034; x_wconf 88' lang='lat' dir='ltr'>nostrarum</span> <span class='ocrx_word' id='word_1_51' title='bbox 1225 978 1447 1034; x_wconf 88' lang='lat' dir='ltr'>continenciam</span> <span class='ocrx_word' id='word_1_52' title='bbox 1478 976 1516 1035; x_wconf 92' lang='lat' dir='ltr'>de</span> 
     </span>
     <span class='ocr_line' id='line_1_7' title="bbox 249 1080 1515 1156; baseline 0.003 -20"><span class='ocrx_word' id='word_1_53' title='bbox 249 1080 338 1141; x_wconf 85' lang='lat' dir='ltr'>vinis.</span> <span class='ocrx_word' id='word_1_54' title='bbox 364 1080 465 1138; x_wconf 86' lang='lat' dir='ltr'>bladis</span> <span class='ocrx_word' id='word_1_55' title='bbox 489 1085 518 1138; x_wconf 89' lang='lat' dir='ltr'>et</span> <span class='ocrx_word' id='word_1_56' title='bbox 541 1082 660 1138; x_wconf 89' lang='lat' dir='ltr'>salibus</span> <span class='ocrx_word' id='word_1_57' title='bbox 684 1097 791 1139; x_wconf 89' lang='lat' dir='ltr'>eorum</span> <span class='ocrx_word' id='word_1_58' title='bbox 809 1084 980 1141; x_wconf 87' lang='lat' dir='ltr'>tricesimas</span> <span class='ocrx_word' id='word_1_59' title='bbox 996 1084 1160 1156; x_wconf 84' lang='lat' dir='ltr'>exigeretis</span> <span class='ocrx_word' id='word_1_60' title='bbox 1183 1091 1212 1140; x_wconf 88' lang='lat' dir='ltr'>et</span> <span class='ocrx_word' id='word_1_61' title='bbox 1233 1084 1412 1155; x_wconf 84' lang='lat' dir='ltr'>extorqueri</span> <span class='ocrx_word' id='word_1_62' title='bbox 1437 1083 1515 1141; x_wconf 87' lang='lat' dir='ltr'>sace·</span> 
     </span>
     <span class='ocr_line' id='line_1_8' title="bbox 247 1186 1515 1262; baseline 0.003 -19"><span class='ocrx_word' id='word_1_63' title='bbox 247 1187 328 1258; x_wconf 87' lang='lat' dir='ltr'>retis,</span> <span class='ocrx_word' id='word_1_64' title='bbox 357 1186 440 1259; x_wconf 92' lang='lat' dir='ltr'>quod</span> <span class='ocrx_word' id='word_1_65' title='bbox 464 1203 621 1260; x_wconf 90' lang='lat' dir='ltr'>nunquam</span> <span class='ocrx_word' id='word_1_66' title='bbox 654 1187 762 1246; x_wconf 82' lang='lat' dir='ltr'>fuisset</span> <span class='ocrx_word' id='word_1_67' title='bbox 790 1190 867 1247; x_wconf 88' lang='lat' dir='ltr'>alias</span> <span class='ocrx_word' id='word_1_68' title='bbox 898 1195 1086 1247; x_wconf 89' lang='lat' dir='ltr'>consvetum.</span> <span class='ocrx_word' id='word_1_69' title='bbox 1120 1189 1223 1262; x_wconf 76' lang='lat' dir='ltr'>Quare</span> <span class='ocrx_word' id='word_1_70' title='bbox 1247 1189 1389 1246; x_wconf 87' lang='lat' dir='ltr'>fidelitati</span> <span class='ocrx_word' id='word_1_71' title='bbox 1414 1198 1515 1247; x_wconf 88' lang='lat' dir='ltr'>vestre</span> 
     </span>
     <span class='ocr_line' id='line_1_9' title="bbox 248 1293 1514 1369; baseline 0.002 -20"><span class='ocrx_word' id='word_1_72' title='bbox 248 1293 381 1350; x_wconf 87' lang='lat' dir='ltr'>firmiter</span> <span class='ocrx_word' id='word_1_73' title='bbox 404 1294 603 1366; x_wconf 87' lang='lat' dir='ltr'>precipiendo</span> <span class='ocrx_word' id='word_1_74' title='bbox 628 1294 819 1366; x_wconf 72' lang='lat' dir='ltr'>mandamus</span> <span class='ocrx_word' id='word_1_75' title='bbox 843 1301 993 1368; x_wconf 87' lang='lat' dir='ltr'>quatenus</span> <span class='ocrx_word' id='word_1_76' title='bbox 1017 1297 1099 1354; x_wconf 89' lang='lat' dir='ltr'>ultra</span> <span class='ocrx_word' id='word_1_77' title='bbox 1115 1295 1230 1353; x_wconf 90' lang='lat' dir='ltr'>dictam</span> <span class='ocrx_word' id='word_1_78' title='bbox 1252 1296 1514 1369; x_wconf 86' lang='lat' dir='ltr'>composicionem</span> 
     </span>
     <span class='ocr_line' id='line_1_10' title="bbox 247 1399 1515 1472; baseline 0.002 -16"><span class='ocrx_word' id='word_1_79' title='bbox 247 1405 277 1456; x_wconf 90' lang='lat' dir='ltr'>et</span> <span class='ocrx_word' id='word_1_80' title='bbox 300 1400 523 1457; x_wconf 86' lang='lat' dir='ltr'>continenciam</span> <span class='ocrx_word' id='word_1_81' title='bbox 546 1399 699 1457; x_wconf 90' lang='lat' dir='ltr'>dictarum</span> <span class='ocrx_word' id='word_1_82' title='bbox 716 1401 891 1459; x_wconf 89' lang='lat' dir='ltr'>litterarum</span> <span class='ocrx_word' id='word_1_83' title='bbox 907 1411 1085 1460; x_wconf 91' lang='lat' dir='ltr'>nostrarum</span> <span class='ocrx_word' id='word_1_84' title='bbox 1101 1402 1140 1458; x_wconf 92' lang='lat' dir='ltr'>de</span> <span class='ocrx_word' id='word_1_85' title='bbox 1156 1402 1245 1472; x_wconf 79' lang='lat' dir='ltr'>vinis,</span> <span class='ocrx_word' id='word_1_86' title='bbox 1263 1400 1366 1458; x_wconf 89' lang='lat' dir='ltr'>bladis</span> <span class='ocrx_word' id='word_1_87' title='bbox 1382 1417 1435 1458; x_wconf 90' lang='lat' dir='ltr'>seu</span> <span class='ocrx_word' id='word_1_88' title='bbox 1452 1401 1515 1458; x_wconf 83' lang='lat' dir='ltr'>fru-</span> 
     </span>
     <span class='ocr_line' id='line_1_11' title="bbox 248 1505 1514 1578; baseline 0.001 -17"><span class='ocrx_word' id='word_1_89' title='bbox 248 1505 358 1561; x_wconf 90' lang='lat' dir='ltr'>mentis</span> <span class='ocrx_word' id='word_1_90' title='bbox 374 1511 404 1562; x_wconf 90' lang='lat' dir='ltr'>et</span> <span class='ocrx_word' id='word_1_91' title='bbox 420 1505 537 1562; x_wconf 90' lang='lat' dir='ltr'>salibus</span> <span class='ocrx_word' id='word_1_92' title='bbox 555 1506 695 1578; x_wconf 90' lang='lat' dir='ltr'>ipsorum</span> <span class='ocrx_word' id='word_1_93' title='bbox 712 1507 828 1563; x_wconf 90' lang='lat' dir='ltr'>civium</span> <span class='ocrx_word' id='word_1_94' title='bbox 844 1514 1020 1564; x_wconf 88' lang='lat' dir='ltr'>nostrorum</span> <span class='ocrx_word' id='word_1_95' title='bbox 1037 1512 1067 1565; x_wconf 89' lang='lat' dir='ltr'>et</span> <span class='ocrx_word' id='word_1_96' title='bbox 1083 1507 1218 1564; x_wconf 88' lang='lat' dir='ltr'>aliorum</span> <span class='ocrx_word' id='word_1_97' title='bbox 1234 1507 1457 1578; x_wconf 87' lang='lat' dir='ltr'>pertinencium</span> <span class='ocrx_word' id='word_1_98' title='bbox 1475 1507 1514 1563; x_wconf 86' lang='lat' dir='ltr'>ad</span> 
     </span>
     <span class='ocr_line' id='line_1_12' title="bbox 247 1609 1514 1685; baseline 0.003 -19"><span class='ocrx_word' id='word_1_99' title='bbox 247 1609 381 1679; x_wconf 89' lang='lat' dir='ltr'>eosdem,</span> <span class='ocrx_word' id='word_1_100' title='bbox 403 1611 590 1668; x_wconf 89' lang='lat' dir='ltr'>tricesimam</span> <span class='ocrx_word' id='word_1_101' title='bbox 613 1618 716 1684; x_wconf 90' lang='lat' dir='ltr'>petere</span> <span class='ocrx_word' id='word_1_102' title='bbox 740 1613 789 1669; x_wconf 90' lang='lat' dir='ltr'>vel</span> <span class='ocrx_word' id='word_1_103' title='bbox 813 1614 936 1684; x_wconf 88' lang='lat' dir='ltr'>exigere</span> <span class='ocrx_word' id='word_1_104' title='bbox 959 1613 1047 1670; x_wconf 92' lang='lat' dir='ltr'>nullo</span> <span class='ocrx_word' id='word_1_105' title='bbox 1073 1612 1166 1670; x_wconf 91' lang='lat' dir='ltr'>modo</span> <span class='ocrx_word' id='word_1_106' title='bbox 1188 1613 1439 1685; x_wconf 75' lang='lat' dir='ltr'>presumpmatis</span> <span class='ocrx_word' id='word_1_107' title='bbox 1461 1613 1514 1670; x_wconf 90' lang='lat' dir='ltr'>sed</span> 
     </span>
     <span class='ocr_line' id='line_1_13' title="bbox 247 1715 1514 1790; baseline 0.001 -17"><span class='ocrx_word' id='word_1_108' title='bbox 247 1715 371 1773; x_wconf 90' lang='lat' dir='ltr'>eosdem</span> <span class='ocrx_word' id='word_1_109' title='bbox 388 1717 418 1773; x_wconf 95' lang='lat' dir='ltr'>in</span> <span class='ocrx_word' id='word_1_110' title='bbox 436 1717 580 1788; x_wconf 92' lang='lat' dir='ltr'>pretactis</span> <span class='ocrx_word' id='word_1_111' title='bbox 600 1718 859 1775; x_wconf 91' lang='lat' dir='ltr'>convencionibus</span> <span class='ocrx_word' id='word_1_112' title='bbox 872 1718 957 1775; x_wconf 87' lang='lat' dir='ltr'>iuxta</span> <span class='ocrx_word' id='word_1_113' title='bbox 969 1719 1192 1790; x_wconf 88' lang='lat' dir='ltr'>premissarum</span> <span class='ocrx_word' id='word_1_114' title='bbox 1210 1717 1384 1773; x_wconf 89' lang='lat' dir='ltr'>litterarum</span> <span class='ocrx_word' id='word_1_115' title='bbox 1397 1722 1514 1774; x_wconf 87' lang='lat' dir='ltr'>nostra·</span> 
     </span>
     <span class='ocr_line' id='line_1_14' title="bbox 248 1821 1514 1894; baseline 0.001 -16"><span class='ocrx_word' id='word_1_116' title='bbox 248 1837 318 1879; x_wconf 89' lang='lat' dir='ltr'>rum</span> <span class='ocrx_word' id='word_1_117' title='bbox 332 1821 443 1884; x_wconf 87' lang='lat' dir='ltr'>seriem</span> <span class='ocrx_word' id='word_1_118' title='bbox 456 1827 486 1878; x_wconf 91' lang='lat' dir='ltr'>et</span> <span class='ocrx_word' id='word_1_119' title='bbox 499 1823 721 1879; x_wconf 89' lang='lat' dir='ltr'>continenciam</span> <span class='ocrx_word' id='word_1_120' title='bbox 736 1824 765 1880; x_wconf 93' lang='lat' dir='ltr'>in</span> <span class='ocrx_word' id='word_1_121' title='bbox 778 1824 940 1880; x_wconf 85' lang='lat' dir='ltr'>exaccione</span> <span class='ocrx_word' id='word_1_122' title='bbox 957 1823 1182 1880; x_wconf 90' lang='lat' dir='ltr'>tricesimarum</span> <span class='ocrx_word' id='word_1_123' title='bbox 1196 1823 1383 1879; x_wconf 87' lang='lat' dir='ltr'>conservetis</span> <span class='ocrx_word' id='word_1_124' title='bbox 1396 1823 1514 1894; x_wconf 87' lang='lat' dir='ltr'>absque</span> 
     </span>
     <span class='ocr_line' id='line_1_15' title="bbox 246 1928 1514 2001; baseline 0 -17"><span class='ocrx_word' id='word_1_125' title='bbox 246 1930 466 1985; x_wconf 90' lang='lat' dir='ltr'>retractacione</span> <span class='ocrx_word' id='word_1_126' title='bbox 495 1928 633 2000; x_wconf 86' lang='lat' dir='ltr'>aliquali.</span> <span class='ocrx_word' id='word_1_127' title='bbox 665 1929 750 1986; x_wconf 89' lang='lat' dir='ltr'>aliud</span> <span class='ocrx_word' id='word_1_128' title='bbox 783 1929 882 1985; x_wconf 86' lang='lat' dir='ltr'>facere</span> <span class='ocrx_word' id='word_1_129' title='bbox 914 1929 1089 1985; x_wconf 89' lang='lat' dir='ltr'>nullatenus</span> <span class='ocrx_word' id='word_1_130' title='bbox 1124 1936 1407 2001; x_wconf 89' lang='lat' dir='ltr'>presumpmentes;</span> <span class='ocrx_word' id='word_1_131' title='bbox 1444 1944 1514 2001; x_wconf 92' lang='lat' dir='ltr'>pre-</span> 
     </span>
     <span class='ocr_line' id='line_1_16' title="bbox 246 2034 1511 2108; baseline 0.001 -18"><span class='ocrx_word' id='word_1_132' title='bbox 246 2040 346 2090; x_wconf 89' lang='lat' dir='ltr'>sentes</span> <span class='ocrx_word' id='word_1_133' title='bbox 369 2040 473 2091; x_wconf 89' lang='lat' dir='ltr'>autem</span> <span class='ocrx_word' id='word_1_134' title='bbox 498 2034 582 2107; x_wconf 89' lang='lat' dir='ltr'>apud</span> <span class='ocrx_word' id='word_1_135' title='bbox 607 2035 689 2108; x_wconf 92' lang='lat' dir='ltr'>ipsos</span> <span class='ocrx_word' id='word_1_136' title='bbox 713 2036 796 2092; x_wconf 90' lang='lat' dir='ltr'>cives</span> <span class='ocrx_word' id='word_1_137' title='bbox 829 2042 950 2092; x_wconf 90' lang='lat' dir='ltr'>nostros</span> <span class='ocrx_word' id='word_1_138' title='bbox 983 2035 1117 2091; x_wconf 89' lang='lat' dir='ltr'>velimus</span> <span class='ocrx_word' id='word_1_139' title='bbox 1141 2049 1309 2091; x_wconf 88' lang='lat' dir='ltr'>remanere.</span> <span class='ocrx_word' id='word_1_140' title='bbox 1343 2034 1456 2091; x_wconf 87' lang='lat' dir='ltr'>Datum</span> <span class='ocrx_word' id='word_1_141' title='bbox 1482 2034 1511 2091; x_wconf 94' lang='lat' dir='ltr'>in</span> 
     </span>
     <span class='ocr_line' id='line_1_17' title="bbox 247 2139 1513 2222; baseline -0.002 -25"><span class='ocrx_word' id='word_1_142' title='bbox 247 2139 406 2212; x_wconf 90' lang='lat' dir='ltr'>Visegrad,</span> <span class='ocrx_word' id='word_1_143' title='bbox 439 2140 468 2196; x_wconf 94' lang='lat' dir='ltr'>in</span> <span class='ocrx_word' id='word_1_144' title='bbox 501 2139 579 2197; x_wconf 86' lang='lat' dir='ltr'>sesto</span> <span class='ocrx_word' id='word_1_145' title='bbox 610 2140 829 2198; x_wconf 86' lang='lat' dir='ltr'>decollacionis</span> <span class='ocrx_word' id='word_1_146' title='bbox 860 2141 942 2197; x_wconf 89' lang='lat' dir='ltr'>beati</span> <span class='ocrx_word' id='word_1_147' title='bbox 974 2141 1120 2222; x_wconf 87' lang='lat' dir='ltr'>Johannis</span> <span class='ocrx_word' id='word_1_148' title='bbox 1156 2140 1296 2211; x_wconf 88' lang='lat' dir='ltr'>baptiste.</span> <span class='ocrx_word' id='word_1_149' title='bbox 1335 2141 1424 2195; x_wconf 86' lang='lat' dir='ltr'>Anno</span> <span class='ocrx_word' id='word_1_150' title='bbox 1459 2139 1513 2195; x_wconf 94' lang='lat' dir='ltr'>do-</span> 
     </span>
    </p>
   </div>
   <div class='ocr_carea' id='block_1_3' title="bbox 247 2245 629 2303">
    <p class='ocr_par' dir='ltr' id='par_1_3' title="bbox 247 2245 629 2303">
     <span class='ocr_line' id='line_1_18' title="bbox 247 2245 629 2303; baseline 0 -1"><span class='ocrx_word' id='word_1_151' title='bbox 247 2246 323 2303; x_wconf 92' lang='lat' dir='ltr'>mini</span> <span class='ocrx_word' id='word_1_152' title='bbox 348 2245 512 2302; x_wconf 87' lang='lat' dir='ltr'>MCCCLX</span> <span class='ocrx_word' id='word_1_153' title='bbox 536 2251 629 2303; x_wconf 87' lang='lat' dir='ltr'>sexto.</span> 
     </span>
    </p>
   </div>
   <div class='ocr_carea' id='block_1_4' title="bbox 243 2398 1511 2557">
    <p class='ocr_par' dir='ltr' id='par_1_4' title="bbox 243 2398 1511 2557">
     <span class='ocr_line' id='line_1_19' title="bbox 243 2398 1511 2470; baseline 0 -21"><span class='ocrx_word' id='word_1_154' title='bbox 243 2454 245 2459; x_wconf 26' lang='lat'><strong><em>¹</em></strong></span> <span class='ocrx_word' id='word_1_155' title='bbox 334 2401 474 2467; x_wconf 82' lang='lat' dir='ltr'>Originale</span> <span class='ocrx_word' id='word_1_156' title='bbox 498 2401 523 2450; x_wconf 89' lang='lat' dir='ltr'>in</span> <span class='ocrx_word' id='word_1_157' title='bbox 547 2401 645 2459; x_wconf 88' lang='lat' dir='ltr'>charta,</span> <span class='ocrx_word' id='word_1_158' title='bbox 670 2416 684 2450; x_wconf 88' lang='lat' dir='ltr'>a</span> <span class='ocrx_word' id='word_1_159' title='bbox 708 2407 784 2466; x_wconf 82' lang='lat' dir='ltr'>tergo</span> <span class='ocrx_word' id='word_1_160' title='bbox 815 2417 896 2466; x_wconf 88' lang='lat' dir='ltr'>supra</span> <span class='ocrx_word' id='word_1_161' title='bbox 928 2402 1016 2451; x_wconf 84' lang='lat' dir='ltr'>verbis</span> <span class='ocrx_word' id='word_1_162' title='bbox 1048 2401 1164 2470; x_wconf 71' lang='lat' dir='ltr'>„relacio</span> <span class='ocrx_word' id='word_1_163' title='bbox 1198 2400 1303 2450; x_wconf 90' lang='lat' dir='ltr'>domine</span> <span class='ocrx_word' id='word_1_164' title='bbox 1328 2398 1445 2464; x_wconf 72' lang='lat' dir='ltr'>regine“.</span> <span class='ocrx_word' id='word_1_165' title='bbox 1465 2400 1511 2449; x_wconf 90' lang='lat' dir='ltr'>im-</span> 
     </span>
     <span class='ocr_line' id='line_1_20' title="bbox 246 2489 1328 2557; baseline -0.002 -17"><span class='ocrx_word' id='word_1_166' title='bbox 246 2507 364 2557; x_wconf 87' lang='lat' dir='ltr'>pressum</span> <span class='ocrx_word' id='word_1_167' title='bbox 384 2497 423 2540; x_wconf 86' lang='lat' dir='ltr'>cst</span> <span class='ocrx_word' id='word_1_168' title='bbox 441 2505 553 2556; x_wconf 85' lang='lat' dir='ltr'>parvum</span> <span class='ocrx_word' id='word_1_169' title='bbox 573 2490 693 2557; x_wconf 84' lang='lat' dir='ltr'>sigillum</span> <span class='ocrx_word' id='word_1_170' title='bbox 712 2490 790 2555; x_wconf 75' lang='lat' dir='ltr'>regis.</span> <span class='ocrx_word' id='word_1_171' title='bbox 811 2490 839 2540; x_wconf 91' lang='lat' dir='ltr'>In</span> <span class='ocrx_word' id='word_1_172' title='bbox 858 2490 968 2540; x_wconf 86' lang='lat' dir='ltr'>archivo</span> <span class='ocrx_word' id='word_1_173' title='bbox 988 2490 1034 2539; x_wconf 91' lang='lat' dir='ltr'>lib.</span> <span class='ocrx_word' id='word_1_174' title='bbox 1054 2505 1109 2557; x_wconf 80' lang='lat' dir='ltr'>reg.</span> <span class='ocrx_word' id='word_1_175' title='bbox 1130 2489 1201 2539; x_wconf 90' lang='lat' dir='ltr'>civit.</span> <span class='ocrx_word' id='word_1_176' title='bbox 1223 2489 1328 2554; x_wconf 86' lang='lat' dir='ltr'>zagrab.</span> 
     </span>
    </p>
   </div>
   <div class='ocr_carea' id='block_1_5' title="bbox 833 2846 923 2911">
    <p class='ocr_par' dir='ltr' id='par_1_5' title="bbox 833 2846 923 2911">
     <span class='ocr_line' id='line_1_21' title="bbox 833 2846 923 2911; baseline 0 -1"><span class='ocrx_word' id='word_1_177' title='bbox 833 2846 923 2911; x_wconf 84' lang='lat'>249.</span> 
     </span>
    </p>
   </div>
   <div class='ocr_carea' id='block_1_6' title="bbox 349 3005 873 3072">
    <p class='ocr_par' dir='ltr' id='par_1_6' title="bbox 349 3005 873 3072">
     <span class='ocr_line' id='line_1_22' title="bbox 349 3005 873 3072; baseline -0.004 -17"><span class='ocrx_word' id='word_1_178' title='bbox 349 3009 424 3056; x_wconf 78' lang='lat' dir='ltr'>Anno</span> <span class='ocrx_word' id='word_1_179' title='bbox 446 3007 519 3069; x_wconf 73' lang='lat'>1369,</span> <span class='ocrx_word' id='word_1_180' title='bbox 542 3016 561 3056; x_wconf 89' lang='lat' dir='ltr'>l.</span> <span class='ocrx_word' id='word_1_181' title='bbox 581 3005 661 3072; x_wconf 90' lang='lat' dir='ltr'>Junii.</span> <span class='ocrx_word' id='word_1_182' title='bbox 683 3006 712 3055; x_wconf 89' lang='lat' dir='ltr'>In</span> <span class='ocrx_word' id='word_1_183' title='bbox 730 3005 873 3054; x_wconf 86' lang='lat' dir='ltr'>Vercuchc.</span> 
     </span>
    </p>
   </div>
   <div class='ocr_carea' id='block_1_7' title="bbox 244 3148 1510 3329">
    <p class='ocr_par' dir='ltr' id='par_1_7' title="bbox 244 3148 1510 3329">
     <span class='ocr_line' id='line_1_23' title="bbox 244 3148 1510 3224; baseline -0.003 -16"><span class='ocrx_word' id='word_1_184' title='bbox 244 3151 392 3208; x_wconf 73' lang='lat' dir='ltr'>Elisabeth</span> <span class='ocrx_word' id='word_1_185' title='bbox 410 3152 589 3222; x_wconf 72' lang='lat' dir='ltr'>lltrrrgrrriac</span> <span class='ocrx_word' id='word_1_186' title='bbox 612 3152 712 3224; x_wconf 62' lang='lat' dir='ltr'>regino</span> <span class='ocrx_word' id='word_1_187' title='bbox 736 3151 842 3206; x_wconf 80' lang='lat' dir='ltr'>cr&#39;ru&#39;bus</span> <span class='ocrx_word' id='word_1_188' title='bbox 865 3149 1079 3217; x_wconf 77' lang='lat' dir='ltr'>Grcclrcrrsr&#39;lurs,</span> <span class='ocrx_word' id='word_1_189' title='bbox 1095 3168 1130 3205; x_wconf 76' lang='lat' dir='ltr'>uc</span> <span class='ocrx_word' id='word_1_190' title='bbox 1150 3149 1180 3204; x_wconf 86' lang='lat' dir='ltr'><em>T</em></span> <span class='ocrx_word' id='word_1_191' title='bbox 1176 3149 1318 3204; x_wconf 75' lang='lat' dir='ltr'>hrrdrreum</span> <span class='ocrx_word' id='word_1_192' title='bbox 1341 3148 1461 3205; x_wconf 80' lang='lat' dir='ltr'>Gallum</span> <span class='ocrx_word' id='word_1_193' title='bbox 1476 3150 1510 3205; x_wconf 76' lang='lat' dir='ltr'>dc</span> 
     </span>
     <span class='ocr_line' id='line_1_24' title="bbox 447 3253 1303 3329; baseline -0.002 -17"><span class='ocrx_word' id='word_1_194' title='bbox 447 3275 511 3314; x_wconf 75' lang='lat' dir='ltr'>neca</span> <span class='ocrx_word' id='word_1_195' title='bbox 533 3258 686 3313; x_wconf 74' lang='lat' dir='ltr'>Frrrrrct&#39;sci</span> <span class='ocrx_word' id='word_1_196' title='bbox 709 3257 921 3313; x_wconf 76' lang='lat' dir='ltr'>lrr&#39;cesimatom&#39;s</span> <span class='ocrx_word' id='word_1_197' title='bbox 943 3255 1133 3329; x_wconf 63' lang='lat' dir='ltr'>(tumificant,</span> <span class='ocrx_word' id='word_1_198' title='bbox 1150 3253 1303 3327; x_wconf 67' lang='lat' dir='ltr'>praecipit.</span> 
     </span>
    </p>
   </div>
   <div class='ocr_carea' id='block_1_8' title="bbox 241 3416 1508 4443">
    <p class='ocr_par' dir='ltr' id='par_1_8' title="bbox 241 3416 1508 4443">
     <span class='ocr_line' id='line_1_25' title="bbox 333 3416 1508 3491; baseline -0.003 -15"><span class='ocrx_word' id='word_1_199' title='bbox 333 3421 489 3477; x_wconf 84' lang='lat' dir='ltr'>Elizaheth</span> <span class='ocrx_word' id='word_1_200' title='bbox 513 3420 563 3476; x_wconf 89' lang='lat' dir='ltr'>dei</span> <span class='ocrx_word' id='word_1_201' title='bbox 586 3421 690 3491; x_wconf 88' lang='lat' dir='ltr'>gracia</span> <span class='ocrx_word' id='word_1_202' title='bbox 712 3419 819 3490; x_wconf 87' lang='lat' dir='ltr'>regina</span> <span class='ocrx_word' id='word_1_203' title='bbox 843 3418 1006 3488; x_wconf 87' lang='lat' dir='ltr'>llungaric.</span> <span class='ocrx_word' id='word_1_204' title='bbox 1026 3416 1183 3473; x_wconf 83' lang='lat' dir='ltr'>Fidelibus</span> <span class='ocrx_word' id='word_1_205' title='bbox 1200 3417 1262 3472; x_wconf 91' lang='lat' dir='ltr'>suis</span> <span class='ocrx_word' id='word_1_206' title='bbox 1280 3416 1381 3485; x_wconf 89' lang='lat' dir='ltr'>iudici,</span> <span class='ocrx_word' id='word_1_207' title='bbox 1400 3418 1508 3474; x_wconf 88' lang='lat' dir='ltr'>iuratis</span> 
     </span>
     <span class='ocr_line' id='line_1_26' title="bbox 242 3521 1508 3596; baseline -0.003 -13"><span class='ocrx_word' id='word_1_208' title='bbox 242 3535 271 3583; x_wconf 91' lang='lat' dir='ltr'>et</span> <span class='ocrx_word' id='word_1_209' title='bbox 297 3527 447 3583; x_wconf 87' lang='lat' dir='ltr'>universis</span> <span class='ocrx_word' id='word_1_210' title='bbox 484 3527 605 3583; x_wconf 92' lang='lat' dir='ltr'>civibus</span> <span class='ocrx_word' id='word_1_211' title='bbox 628 3532 657 3582; x_wconf 92' lang='lat' dir='ltr'>et</span> <span class='ocrx_word' id='word_1_212' title='bbox 681 3525 855 3596; x_wconf 91' lang='lat' dir='ltr'>hospitibus</span> <span class='ocrx_word' id='word_1_213' title='bbox 887 3524 999 3580; x_wconf 89' lang='lat' dir='ltr'>nostris</span> <span class='ocrx_word' id='word_1_214' title='bbox 1030 3523 1162 3579; x_wconf 87' lang='lat' dir='ltr'>civitatis</span> <span class='ocrx_word' id='word_1_215' title='bbox 1193 3521 1354 3579; x_wconf 87' lang='lat' dir='ltr'>Grecensis</span> <span class='ocrx_word' id='word_1_216' title='bbox 1386 3521 1424 3578; x_wconf 90' lang='lat' dir='ltr'>de</span> <span class='ocrx_word' id='word_1_217' title='bbox 1455 3522 1508 3579; x_wconf 90' lang='lat' dir='ltr'>Za-</span> 
     </span>
     <span class='ocr_line' id='line_1_27' title="bbox 242 3627 1508 3704; baseline -0.004 -15"><span class='ocrx_word' id='word_1_218' title='bbox 242 3634 358 3704; x_wconf 76' lang='lat' dir='ltr'>grabia,</span> <span class='ocrx_word' id='word_1_219' title='bbox 383 3633 514 3689; x_wconf 88' lang='lat' dir='ltr'>salutem</span> <span class='ocrx_word' id='word_1_220' title='bbox 547 3638 575 3688; x_wconf 90' lang='lat' dir='ltr'>et</span> <span class='ocrx_word' id='word_1_221' title='bbox 607 3632 751 3703; x_wconf 88' lang='lat' dir='ltr'>graciam.</span> <span class='ocrx_word' id='word_1_222' title='bbox 788 3629 942 3686; x_wconf 85' lang='lat' dir='ltr'>Fidelitati</span> <span class='ocrx_word' id='word_1_223' title='bbox 975 3634 1075 3685; x_wconf 88' lang='lat' dir='ltr'>vestre</span> <span class='ocrx_word' id='word_1_224' title='bbox 1105 3627 1283 3684; x_wconf 88' lang='lat' dir='ltr'>firmissime</span> <span class='ocrx_word' id='word_1_225' title='bbox 1306 3627 1455 3685; x_wconf 90' lang='lat' dir='ltr'>edicimus</span> <span class='ocrx_word' id='word_1_226' title='bbox 1479 3635 1508 3684; x_wconf 89' lang='lat' dir='ltr'>et</span> 
     </span>
     <span class='ocr_line' id='line_1_28' title="bbox 242 3733 1508 3809; baseline -0.003 -15"><span class='ocrx_word' id='word_1_227' title='bbox 242 3736 379 3794; x_wconf 86' lang='lat' dir='ltr'>districte</span> <span class='ocrx_word' id='word_1_228' title='bbox 415 3738 602 3809; x_wconf 86' lang='lat' dir='ltr'>iniungimus</span> <span class='ocrx_word' id='word_1_229' title='bbox 641 3742 791 3808; x_wconf 86' lang='lat' dir='ltr'>quatenus</span> <span class='ocrx_word' id='word_1_230' title='bbox 822 3733 962 3790; x_wconf 89' lang='lat' dir='ltr'>Tadeum</span> <span class='ocrx_word' id='word_1_231' title='bbox 1000 3734 1165 3803; x_wconf 84' lang='lat' dir='ltr'>Gallicum,</span> <span class='ocrx_word' id='word_1_232' title='bbox 1201 3740 1341 3790; x_wconf 85' lang='lat' dir='ltr'>nostrum</span> <span class='ocrx_word' id='word_1_233' title='bbox 1381 3733 1508 3790; x_wconf 90' lang='lat' dir='ltr'>fidelem</span> 
     </span>
     <span class='ocr_line' id='line_1_29' title="bbox 243 3839 1506 3913; baseline -0.002 -15"><span class='ocrx_word' id='word_1_234' title='bbox 243 3842 438 3913; x_wconf 86' lang='lat' dir='ltr'>familiarem,</span> <span class='ocrx_word' id='word_1_235' title='bbox 470 3843 585 3900; x_wconf 92' lang='lat' dir='ltr'>dictum</span> <span class='ocrx_word' id='word_1_236' title='bbox 618 3843 656 3900; x_wconf 92' lang='lat' dir='ltr'>dc</span> <span class='ocrx_word' id='word_1_237' title='bbox 689 3841 894 3909; x_wconf 77' lang='lat' dir='ltr'>KarbonihuS,</span> <span class='ocrx_word' id='word_1_238' title='bbox 930 3841 958 3896; x_wconf 94' lang='lat' dir='ltr'>in</span> <span class='ocrx_word' id='word_1_239' title='bbox 979 3839 1075 3896; x_wconf 92' lang='lat' dir='ltr'>nullis</span> <span class='ocrx_word' id='word_1_240' title='bbox 1107 3840 1204 3896; x_wconf 87' lang='lat' dir='ltr'>causis</span> <span class='ocrx_word' id='word_1_241' title='bbox 1236 3844 1265 3894; x_wconf 91' lang='lat' dir='ltr'>et</span> <span class='ocrx_word' id='word_1_242' title='bbox 1297 3854 1403 3895; x_wconf 88' lang='lat' dir='ltr'>earum</span> <span class='ocrx_word' id='word_1_243' title='bbox 1435 3840 1506 3896; x_wconf 91' lang='lat' dir='ltr'>arti-</span> 
     </span>
     <span class='ocr_line' id='line_1_30' title="bbox 242 3944 1505 4021; baseline -0.005 -15"><span class='ocrx_word' id='word_1_244' title='bbox 242 3951 328 4019; x_wconf 91' lang='lat' dir='ltr'>culis,</span> <span class='ocrx_word' id='word_1_245' title='bbox 364 3951 519 4021; x_wconf 86' lang='lat' dir='ltr'>signanter</span> <span class='ocrx_word' id='word_1_246' title='bbox 553 3951 583 4006; x_wconf 91' lang='lat' dir='ltr'>in</span> <span class='ocrx_word' id='word_1_247' title='bbox 620 3949 700 4005; x_wconf 86' lang='lat' dir='ltr'>facto</span> <span class='ocrx_word' id='word_1_248' title='bbox 735 3947 817 4003; x_wconf 88' lang='lat' dir='ltr'>necis</span> <span class='ocrx_word' id='word_1_249' title='bbox 851 3946 1001 4002; x_wconf 63' lang='lat' dir='ltr'>lirancisci</span> <span class='ocrx_word' id='word_1_250' title='bbox 1037 3944 1167 4002; x_wconf 88' lang='lat' dir='ltr'>condam</span> <span class='ocrx_word' id='word_1_251' title='bbox 1201 3945 1440 4013; x_wconf 72' lang='lat' dir='ltr'>tricesimatoriS,</span> <span class='ocrx_word' id='word_1_252' title='bbox 1475 3946 1505 4002; x_wconf 93' lang='lat' dir='ltr'>in</span> 
     </span>
     <span class='ocr_line' id='line_1_31' title="bbox 243 4051 1506 4128; baseline -0.005 -17"><span class='ocrx_word' id='word_1_253' title='bbox 243 4072 305 4128; x_wconf 91' lang='lat' dir='ltr'>qua</span> <span class='ocrx_word' id='word_1_254' title='bbox 330 4055 412 4113; x_wconf 88' lang='lat' dir='ltr'>idem</span> <span class='ocrx_word' id='word_1_255' title='bbox 437 4057 549 4112; x_wconf 87' lang='lat' dir='ltr'>inscius</span> <span class='ocrx_word' id='word_1_256' title='bbox 574 4055 639 4112; x_wconf 88' lang='lat' dir='ltr'>lore</span> <span class='ocrx_word' id='word_1_257' title='bbox 671 4061 700 4110; x_wconf 91' lang='lat' dir='ltr'>et</span> <span class='ocrx_word' id='word_1_258' title='bbox 724 4052 865 4110; x_wconf 89' lang='lat' dir='ltr'>innoxius</span> <span class='ocrx_word' id='word_1_259' title='bbox 888 4051 1029 4121; x_wconf 88' lang='lat' dir='ltr'>rescrtur,</span> <span class='ocrx_word' id='word_1_260' title='bbox 1054 4051 1229 4121; x_wconf 90' lang='lat' dir='ltr'>illegittimc</span> <span class='ocrx_word' id='word_1_261' title='bbox 1256 4051 1373 4121; x_wconf 88' lang='lat' dir='ltr'>absque</span> <span class='ocrx_word' id='word_1_262' title='bbox 1404 4058 1506 4106; x_wconf 86' lang='lat' dir='ltr'>nostra</span> 
     </span>
     <span class='ocr_line' id='line_1_32' title="bbox 241 4155 1506 4235; baseline -0.007 -16"><span class='ocrx_word' id='word_1_263' title='bbox 241 4162 443 4235; x_wconf 87' lang='lat' dir='ltr'>requisicione</span> <span class='ocrx_word' id='word_1_264' title='bbox 465 4160 615 4233; x_wconf 90' lang='lat' dir='ltr'>impedire</span> <span class='ocrx_word' id='word_1_265' title='bbox 639 4168 668 4216; x_wconf 91' lang='lat' dir='ltr'>et</span> <span class='ocrx_word' id='word_1_266' title='bbox 691 4157 914 4230; x_wconf 88' lang='lat' dir='ltr'>dampnificare</span> <span class='ocrx_word' id='word_1_267' title='bbox 938 4155 1075 4212; x_wconf 83' lang='lat' dir='ltr'>audeatis</span> <span class='ocrx_word' id='word_1_268' title='bbox 1096 4156 1125 4211; x_wconf 95' lang='lat' dir='ltr'>in</span> <span class='ocrx_word' id='word_1_269' title='bbox 1144 4156 1282 4227; x_wconf 88' lang='lat' dir='ltr'>personis</span> <span class='ocrx_word' id='word_1_270' title='bbox 1298 4161 1350 4211; x_wconf 91' lang='lat' dir='ltr'>aut</span> <span class='ocrx_word' id='word_1_271' title='bbox 1367 4156 1396 4211; x_wconf 95' lang='lat' dir='ltr'>in</span> <span class='ocrx_word' id='word_1_272' title='bbox 1413 4156 1506 4210; x_wconf 90' lang='lat' dir='ltr'>rebus</span> 
     </span>
     <span class='ocr_line' id='line_1_33' title="bbox 241 4260 1504 4339; baseline -0.007 -15"><span class='ocrx_word' id='word_1_273' title='bbox 241 4268 336 4324; x_wconf 93' lang='lat' dir='ltr'>modo</span> <span class='ocrx_word' id='word_1_274' title='bbox 359 4268 497 4339; x_wconf 85' lang='lat' dir='ltr'>aliquali,</span> <span class='ocrx_word' id='word_1_275' title='bbox 522 4271 551 4323; x_wconf 90' lang='lat' dir='ltr'>et</span> <span class='ocrx_word' id='word_1_276' title='bbox 574 4265 659 4322; x_wconf 88' lang='lat' dir='ltr'>aliud</span> <span class='ocrx_word' id='word_1_277' title='bbox 685 4265 784 4320; x_wconf 87' lang='lat' dir='ltr'>lacere</span> <span class='ocrx_word' id='word_1_278' title='bbox 808 4278 867 4319; x_wconf 92' lang='lat' dir='ltr'>non</span> <span class='ocrx_word' id='word_1_279' title='bbox 891 4263 994 4318; x_wconf 87' lang='lat' dir='ltr'>ausuri</span> <span class='ocrx_word' id='word_1_280' title='bbox 1018 4262 1048 4317; x_wconf 95' lang='lat' dir='ltr'>in</span> <span class='ocrx_word' id='word_1_281' title='bbox 1073 4261 1240 4333; x_wconf 86' lang='lat' dir='ltr'>premissis.</span> <span class='ocrx_word' id='word_1_282' title='bbox 1267 4260 1381 4316; x_wconf 87' lang='lat' dir='ltr'>Datum</span> <span class='ocrx_word' id='word_1_283' title='bbox 1399 4261 1429 4316; x_wconf 95' lang='lat' dir='ltr'>in</span> <span class='ocrx_word' id='word_1_284' title='bbox 1447 4261 1504 4316; x_wconf 90' lang='lat' dir='ltr'>Ve-</span> 
     </span>
     <span class='ocr_line' id='line_1_34' title="bbox 243 4365 1505 4443; baseline -0.008 -12"><span class='ocrx_word' id='word_1_285' title='bbox 243 4375 361 4443; x_wconf 91' lang='lat' dir='ltr'>reuche,</span> <span class='ocrx_word' id='word_1_286' title='bbox 385 4373 519 4430; x_wconf 89' lang='lat' dir='ltr'>secundo</span> <span class='ocrx_word' id='word_1_287' title='bbox 550 4372 599 4428; x_wconf 94' lang='lat' dir='ltr'>die</span> <span class='ocrx_word' id='word_1_288' title='bbox 630 4371 699 4428; x_wconf 85' lang='lat' dir='ltr'>festi</span> <span class='ocrx_word' id='word_1_289' title='bbox 733 4369 871 4441; x_wconf 89' lang='lat' dir='ltr'>corporis</span> <span class='ocrx_word' id='word_1_290' title='bbox 901 4367 1025 4424; x_wconf 89' lang='lat' dir='ltr'>domini.</span> <span class='ocrx_word' id='word_1_291' title='bbox 1056 4369 1144 4423; x_wconf 80' lang='lat' dir='ltr'>Anno</span> <span class='ocrx_word' id='word_1_292' title='bbox 1175 4365 1314 4423; x_wconf 91' lang='lat' dir='ltr'>eiusdem</span> <span class='ocrx_word' id='word_1_293' title='bbox 1338 4366 1505 4422; x_wconf 86' lang='lat' dir='ltr'>millesimo</span> 
     </span>
    </p>
   </div>
   <div class='ocr_carea' id='block_1_9' title="bbox 242 4480 485 4537">
    <p class='ocr_par' dir='ltr' id='par_1_9' title="bbox 242 4480 485 4537">
     <span class='ocr_line' id='line_1_35' title="bbox 242 4480 485 4537; baseline 0.004 -1"><span class='ocrx_word' id='word_1_294' title='bbox 242 4480 375 4536; x_wconf 85' lang='lat' dir='ltr'>CCCLX</span> <span class='ocrx_word' id='word_1_295' title='bbox 397 4495 485 4537; x_wconf 93' lang='lat' dir='ltr'>non0.</span> 
     </span>
    </p>
   </div>
   <div class='ocr_carea' id='block_1_10' title="bbox 242 4622 1501 4770">
    <p class='ocr_par' dir='ltr' id='par_1_10' title="bbox 242 4622 1501 4770">
     <span class='ocr_line' id='line_1_36' title="bbox 330 4622 1501 4696; baseline -0.009 -16"><span class='ocrx_word' id='word_1_296' title='bbox 330 4631 470 4696; x_wconf 82' lang='lat' dir='ltr'>Originalc</span> <span class='ocrx_word' id='word_1_297' title='bbox 490 4630 516 4680; x_wconf 90' lang='lat' dir='ltr'>in</span> <span class='ocrx_word' id='word_1_298' title='bbox 536 4631 633 4680; x_wconf 86' lang='lat' dir='ltr'>charta.</span> <span class='ocrx_word' id='word_1_299' title='bbox 654 4633 676 4679; x_wconf 87' lang='grc' dir='ltr'><strong>Λ</strong></span> <span class='ocrx_word' id='word_1_300' title='bbox 697 4636 772 4695; x_wconf 82' lang='lat' dir='ltr'>tergo</span> <span class='ocrx_word' id='word_1_301' title='bbox 785 4630 865 4677; x_wconf 80' lang='lat' dir='ltr'>anulo</span> <span class='ocrx_word' id='word_1_302' title='bbox 879 4628 1034 4691; x_wconf 86' lang='lat' dir='ltr'>impressum</span> <span class='ocrx_word' id='word_1_303' title='bbox 1048 4630 1085 4673; x_wconf 88' lang='lat' dir='ltr'>cst</span> <span class='ocrx_word' id='word_1_304' title='bbox 1099 4623 1219 4688; x_wconf 77' lang='lat' dir='ltr'>sigillum</span> <span class='ocrx_word' id='word_1_305' title='bbox 1232 4622 1344 4687; x_wconf 82' lang='lat' dir='ltr'>reginae.</span> <span class='ocrx_word' id='word_1_306' title='bbox 1360 4622 1389 4671; x_wconf 94' lang='lat' dir='ltr'>In</span> <span class='ocrx_word' id='word_1_307' title='bbox 1403 4622 1501 4671; x_wconf 88' lang='lat' dir='ltr'>archiv.</span> 
     </span>
     <span class='ocr_line' id='line_1_37' title="bbox 242 4718 642 4770; baseline 0.003 -2"><span class='ocrx_word' id='word_1_308' title='bbox 242 4719 322 4768; x_wconf 75' lang='lat' dir='ltr'>Acad.</span> <span class='ocrx_word' id='word_1_309' title='bbox 342 4719 437 4769; x_wconf 87' lang='lat' dir='ltr'>Scient.</span> <span class='ocrx_word' id='word_1_310' title='bbox 458 4720 526 4770; x_wconf 86' lang='lat' dir='ltr'>Slnv.</span> <span class='ocrx_word' id='word_1_311' title='bbox 550 4718 642 4769; x_wconf 91' lang='lat' dir='ltr'>merid.</span> 
     </span>
    </p>
   </div>
   <div class='ocr_carea' id='block_1_11' title="bbox 0 0 1748 5242">
    <p class='ocr_par' dir='ltr' id='par_1_11' title="bbox 0 0 1748 5242">
     <span class='ocr_line' id='line_1_38' title="bbox 0 0 1748 5242; baseline 0 2"><span class='ocrx_word' id='word_1_312' title='bbox 0 0 1748 5242; x_wconf 95' lang='lat' dir='ltr'> </span> 
     </span>
    </p>
   </div>
  </div>
 </body>
</html>
