3488 5242
628 327 701 385 Dae.
723 340 754 402 9.
780 341 828 386 10.
856 360 892 368 -
918 328 974 384 An.
999 339 1086 402 1227.
1482 343 1498 397 q

235 526 424 597 geurinensi,
455 525 573 608 Jacobo
603 525 756 594 vaciensi,
787 522 943 598 Stephano
974 523 1183 595 zagrabiensi‚
1214 521 1336 580 Thoma
1368 522 1502 594 agriensi

236 631 342 700 electa,
367 632 520 704 episcopis
544 631 688 687 ecclesias
713 629 843 687 feliciter
866 629 1119 703 gubernantibus.
1147 629 1220 710 Jula
1245 628 1393 702 palatine,
1419 627 1502 700 Dyo·

235 737 312 794 nisio
344 739 493 809 magistro
522 738 751 793 tavarnicorum
782 744 812 792 et
843 736 955 793 comite
989 735 1062 793 novi
1096 735 1203 804 castri,
1243 733 1382 791 Bancone
1412 734 1502 804 bano,

235 841 338 899 Ochuz
363 842 471 900 curiali
495 843 616 910 comite,
650 842 801 915 Raphoyn
826 841 988 913 voywoda,
1020 840 1190 912 ceterisque
1213 840 1376 897 comitatus
1400 845 1502 896 teneu-

237 948 326 1004 tibus.
349 947 447 1019 Regni
470 949 568 1005 nostri
591 962 669 1004 anno
693 947 788 1004 tercio
811 946 940 1004 decimo.

324 1082 345 1130 E
372 1088 536 1145 transumpto
564 1081 709 1145 praepositi
734 1079 879 1145 Theophili
904 1086 929 1129 et
955 1079 1065 1144 capituli
1088 1077 1288 1143 strigoniensis,
1314 1078 1347 1127 de
1365 1091 1405 1126 an.
1428 1085 1501 1137 1342.

237 1169 266 1218 ln
291 1171 448 1219 membrana.
471 1168 500 1218 In
527 1170 596 1218 arch.
624 1184 680 1218 ven.
708 1184 762 1234 cap.
782 1169 887 1233 zagrab.
907 1166 968 1217 fase.
988 1177 1029 1226 31.
1049 1182 1087 1217 nr.
1108 1175 1148 1225 32.
1169 1165 1252 1231 Typis
1271 1164 1401 1230 vulgavit.
1427 1165 1502 1230 Joan.

237 1257 353 1314 Tkalcie,
374 1257 442 1307 lion.
462 1257 520 1307 hist.
542 1257 619 1321 episc.
640 1257 744 1322 zagrab.
764 1264 826 1306 tom.
847 1255 866 1305 1.
885 1271 910 1322 p.
931 1255 975 1317 46.

342 1613 389 1658 An.
413 1619 486 1668 1227,
506 1621 546 1659 20.
567 1614 634 1675 Aug.
653 1611 807 1676 Zagrabiae.

237 1736 387 1799 llsz'calaas,
403 1739 490 1812 fillius
513 1741 599 1796 Petri
615 1741 648 1796 de
664 1737 807 1814 luitbreg,
827 1741 992 1813 Zagrabiae
1011 1745 1143 1812 existens,
1155 1745 1355 1816 passessionem
1376 1737 1507 1817 „Veaiji

237 1842 313 1910 laa‘ss
337 1861 398 1899 cum
422 1864 442 1900 s.
470 1844 611 1919 Stephani
635 1849 711 1919 regis
737 1849 874 1903 salettmia
899 1850 929 1905 in
957 1850 1071 1906 ecclesia
1091 1848 1215 1906 cathedr.
1235 1849 1404 1921 agebantur,
1427 1838 1504 1921 'capt'-

785 1955 845 2011 tala
864 1954 955 2028 afflrt

325 2096 455 2152 Nomine
480 2096 597 2154 domini
621 2098 769 2155 invocato.
787 2098 936 2156 Currente
958 2115 1037 2156 anno
1061 2099 1179 2156 domini
1207 2098 1416 2156 MCCXXVll.
1440 2099 1505 2171 Ego

239 2203 384 2272 magister
408 2201 562 2271 NicolauS,
587 2203 671 2261 filius
695 2204 784 2274 Petri,
809 2204 848 2261 de
866 2205 1043 2277 Ludbregh,
1062 2206 1169 2262 volens
1185 2212 1214 2262 et
1231 2206 1394 2263 consulens
1410 2204 1502 2263 saluti

238 2323 305 2364 mee
322 2316 352 2364 et
370 2310 585 2381 proximorum
604 2325 743 2367 meorum
766 2309 866 2368 modis
884 2312 1030 2368 omnibus
1054 2312 1168 2383 quibus
1183 2326 1311 2385 possum
1327 2309 1503 2389 providere,

237 2415 315 2469 inter
348 2421 447 2471 cetera
477 2414 633 2486 quandam
665 2418 891 2489 possessionem
922 2432 1024 2474 meam
1054 2417 1242 2490 empticium,
1267 2416 1421 2474 Wrazilaz
1451 2432 1504 2473 vo-

237 2531 345 2608 catam,
372 2520 400 2576 in
425 2520 564 2578 districtu
589 2523 791 2594 zagrabiensi,
823 2523 861 2580 de
884 2523 1032 2580 comitatu
1056 2523 1203 2580 Morocha
1226 2523 1433 2593 constitutam,
1458 2529 1504 2580 to·

237 2625 339 2681 taliter
362 2642 434 2683 cum
456 2629 601 2684 omnibus
624 2629 687 2685 suis
711 2629 897 2686 utilitatibus
920 2637 950 2685 et
973 2630 1177 2702 pertinenciis,
1210 2629 1239 2686 in
1268 2628 1397 2686 ecclesia
1422 2629 1504 2686 beati

236 2733 317 2803 regis
335 2732 490 2807 Stephani,
511 2742 540 2790 et
559 2736 588 2791 in
607 2733 685 2792 festo
704 2734 852 2807 eiusdem,
869 2736 996 2793 maioris
1020 2737 1112 2792 misse
1134 2733 1239 2792 officio
1262 2735 1403 2805 existens,
1429 2742 1504 2791 tem·

237 2853 312 2910 pore
330 2839 479 2896 offertorii
496 2839 534 2896 ad
552 2857 639 2897 aram
656 2842 737 2898 beati
754 2842 835 2913 regis
851 2840 1007 2914 Stephani,
1024 2842 1260 2899 honorabilibus
1276 2841 1352 2898 viris
1367 2840 1506 2914 capitulo

237 2944 426 3015 zagrabiensi
451 2946 549 3003 obtuli
574 2956 603 3003 et
627 2947 733 3018 offere,
757 2947 871 3005 donavi
895 2954 925 3004 et
941 2948 1031 3017 dono,
1055 2947 1214 3022 perpetuis
1238 2946 1432 3018 temporibus
1449 2961 1506 3018 per

237 3050 338 3121 ipsum
364 3051 536 3123 capitulum
560 3068 630 3108 cum
655 3054 717 3110 suis
741 3055 831 3111 metis
854 3061 883 3111 et
908 3054 1060 3111 limitibus
1077 3053 1170 3126 pleno
1190 3069 1257 3126 Jure
1277 3050 1505 3125 possidendam,

237 3154 397 3211 tenendam
417 3164 445 3213 et
464 3158 640 3215 habendam
656 3160 710 3216 ita:
729 3159 811 3231 quod
836 3175 959 3233 semper
983 3175 1038 3232 per
1061 3159 1162 3231 ipsum
1185 3157 1358 3231 capitulum
1375 3157 1405 3215 in
1422 3171 1505 3213 com·

238 3263 322 3317 muni
337 3262 529 3335 possideatur
542 3274 570 3321 et
588 3272 732 3322 teneatur.

327 3397 466 3459 (triginale
487 3399 575 3463 periit,
595 3402 639 3449 sed
660 3401 771 3450 habetur
792 3401 817 3450 in
837 3408 1003 3465 transumpta
1022 3400 1132 3464 capituli
1154 3399 1293 3448 casinensis
1312 3399 1345 3447 de
1364 3413 1403 3448 an.
1429 3407 1502 3455 1552,

239 3486 264 3534 in
287 3487 358 3535 arch.
384 3503 438 3536 ven.
465 3489 575 3553 capituli
602 3490 707 3551 zagrab.
736 3488 796 3538 l'asc.
823 3499 862 3548 23.
886 3505 924 3539 nr.
951 3499 991 3547 51.
1018 3488 1153 3552 Integrum
1174 3487 1244 3553 typis
1264 3486 1400 3551 vulgavit:
1424 3486 1498 3551 Joan.

238 3574 352 3624 Thalete.
374 3577 442 3626 Mon.
463 3578 521 3627 hist.
541 3578 619 3642 episc.
639 3580 743 3643 zagrab.
765 3580 816 3628 sol.
838 3578 857 3627 1.
878 3596 900 3643 p.
922 3588 962 3635 57.

343 3863 391 3908 Αη.
416 3869 487 3911 1227.
507 3860 660 3922 Zagrabiae.
842 3826 903 3891 l0·

239 3986 401 4060 Stephanus
435 3988 475 4044 ll.
507 3989 649 4061 episcopas
682 3988 798 4060 zagrab.
833 3989 947 4062 confert
978 3987 1102 4060 capitula
1136 3983 1320 4056 zagrubiensi
1346 3990 1504 4055 proventus

237 4095 408 4150 decimarum
430 4095 539 4150 cultelli
568 4095 683 4166 suprad.
709 4096 759 4152 Aa
785 4096 919 4153 ‹ll'tennlas
941 4095 1140 4151 canonicarum
1170 4108 1282 4146 metrsas
1311 4090 1401 4146 licina!
1426 4091 1502 4162 capi·

237 4202 297 4257 tulo
330 4201 451 4257 decimas
483 4201 515 4256 di·
558 4201 680 4269 Gerclm,
711 4203 842 4258 ‹lucentas
872 4210 984 4274 parcas,
1015 4199 1145 4255 ‹lacenas
1176 4196 1291 4252 cubulos
1321 4196 1392 4263 tuni,
1428 4196 1503 4251 curi-

764 4327 865 4382 amque
886 4326 976 4364 suam.

326 4449 499 4522 Stephanus
528 4450 633 4508 divina
665 4451 864 4524 providencia
895 4448 1101 4521 zagrabiensis
1136 4448 1308 4520 episcopus.
1346 4445 1502 4502 Omnibus

239 4572 363 4628 presens
387 4558 538 4630 scriptum
563 4541 744 4631 inspecturis
767 4558 900 4614 salutem
924 4557 953 4613 in
974 4554 1108 4612 domino.
1132 4552 1211 4609 Cum
1229 4552 1345 4608 cunctis
1362 4540 1502 4606 constare

237 4661 364 4731 debeat,
396 4662 479 4735 quod
513 4680 591 4736 opus
622 4665 756 4721 caritatis
787 4672 890 4720 eterne
925 4659 1140 4718 retribucionis
1177 4654 1315 4714 conferat
1345 4656 1500 4731 premium

238 4768 321 4824 iuxta
354 4768 447 4826 illud:
478 4771 624 4841 quoniam
656 4772 708 4842 qui
741 4771 770 4827 iu
797 4767 1063 4826 benedictionibus
1086 4764 1246 4834 seminant,
1279 4762 1311 4820 in
1334 4761 1501 4821 benedicti·
