3488 5242
643 323 716 381 Dec.
739 318 810 398 196.
838 356 874 364 -
900 322 1070 400 An.1344.
1429 340 1487 399 173

224 529 329 599 partes
353 529 383 581 et
406 523 452 580 sui
476 537 645 580 assessores
667 522 802 579 terciam.
824 521 858 579 ln
875 522 974 578 causis
997 527 1101 579 autem
1126 522 1349 594 criminalibus,
1365 529 1399 579 ut
1420 538 1489 596 pre·

226 629 347 698 dicitur,
371 629 484 685 habeat
507 627 702 685 medietatem
727 634 831 684 noster
861 627 955 684 iudex
984 628 1139 698 secularis,
1172 628 1268 684 aliam
1292 626 1489 686 medietatem

228 735 352 792 villicus
374 750 446 792 cum
469 735 532 791 suis
555 733 772 804 assessoribus,
796 737 830 790 ut
853 738 898 790 est
922 731 1048 791 dictum.
1072 733 1278 791 Concedimus
1294 738 1398 791 autern
1412 733 1490 790 libe·

228 841 335 897 raliter
358 847 387 896 et
410 839 576 897 efficaciter
607 838 722 896 eisdem
753 839 866 896 nostris
896 839 1073 913 hospitibus
1096 847 1125 896 et
1149 840 1247 896 eciam
1271 839 1340 897 aliis
1364 840 1490 912 quibus·

227 960 361 1018 cumque
386 946 467 1003 veris
490 946 717 1002 habitatoribus
741 944 867 1016 ibidem,
891 944 975 1018 quod
999 944 1038 1016 de
1068 947 1157 1003 bonis
1181 947 1244 1004 suis
1267 946 1438 1005 mobilibus
1461 954 1490 1004 et

227 1052 442 1109 immobilibus
466 1067 501 1108 ac
525 1068 556 1108 se
581 1052 778 1108 moventibus
802 1051 830 1108 in
864 1052 929 1109 vita
960 1053 1077 1125 pariter
1100 1057 1130 1109 et
1153 1053 1183 1110 in
1206 1056 1315 1123 morte,
1340 1053 1415 1110 iuris
1438 1054 1491 1109 be·

226 1157 336 1214 neficio
359 1165 388 1214 et
414 1156 623 1214 moderamine
645 1157 794 1226 adhibito,
825 1158 959 1215 habeant
990 1157 1174 1230 disponendi
1204 1157 1337 1215 liberam
1362 1158 1490 1215 faculta-

227 1268 298 1320 tem.
322 1263 518 1335 Quicumque
542 1269 643 1319 autem
669 1263 828 1320 intestatus
857 1262 1030 1333 decesserit,
1062 1263 1093 1320 in
1122 1264 1211 1321 bonis
1242 1265 1304 1321 suis
1327 1264 1490 1322 succedant

227 1369 328 1426 eidem
352 1370 399 1426 sui
423 1369 551 1426 heredes
575 1369 780 1442 proximiores
803 1385 894 1426 sexus
917 1370 1078 1441 utriusque
1101 1386 1201 1443 usque
1226 1370 1264 1427 ad
1289 1371 1417 1428 terciam
1440 1386 1492 1443 ge·

227 1476 422 1532 neracionem
445 1489 501 1532 suo
525 1474 619 1532 modo
642 1481 670 1531 et
695 1474 810 1545 ordine,
827 1474 881 1532 sed
905 1476 1020 1532 talibus
1044 1491 1104 1533 non
1122 1477 1322 1547 exstantibus,
1340 1477 1420 1534 bona
1442 1475 1493 1533 de-

230 1580 333 1649 functi,
359 1588 392 1637 ut
415 1580 593 1655 predicitur,
619 1581 647 1637 in
671 1587 732 1637 tres
752 1580 932 1638 dividantur
947 1589 1060 1654 partes.
1078 1598 1211 1654 quarum
1228 1583 1330 1656 prima
1356 1597 1413 1656 pro
1437 1599 1490 1640 sue

228 1688 329 1744 anime
352 1687 490 1744 remedio
521 1687 559 1743 de
589 1692 695 1744 nostro
725 1687 854 1744 consilio
882 1686 1085 1760 dispensetur,
1117 1688 1252 1745 secunda
1275 1687 1363 1746 cedat
1386 1695 1490 1746 nostre

228 1792 426 1866 disposicioni
450 1799 479 1849 et
502 1793 595 1849 tercia
627 1799 795 1866 occupetur
827 1808 883 1866 pro
916 1793 1023 1851 villico
1054 1799 1083 1850 et
1114 1795 1177 1851 suis
1208 1794 1414 1851 assessoribus
1438 1809 1494 1850 suo

229 1897 330 1955 mod0.
356 1899 387 1955 ln
412 1913 449 1955 eo
472 1906 576 1955 autem
600 1913 680 1967 casu,
705 1897 829 1970 quando
852 1899 966 1971 aliquis
990 1914 1047 1972 pro
1071 1901 1237 1957 commisso
1259 1900 1414 1957 maleficio
1437 1916 1494 1974 pu·

229 2006 311 2062 nitur
334 2012 433 2062 morte
458 2005 506 2060 vel
529 2003 652 2073 recedit,
676 2019 731 2060 sua
754 2005 836 2061 bona
856 2005 960 2062 omnia
981 2020 1038 2077 per
1068 2011 1190 2063 nostros
1225 2006 1357 2063 iudicem
1384 2013 1413 2062 et
1436 2007 1495 2063 vil·

229 2112 324 2168 licum
360 2118 557 2184 occupentur,
589 2109 627 2167 de
658 2111 781 2182 quibus,
813 2109 1013 2167 consideratis
1047 2110 1223 2181 heredibus,
1259 2112 1329 2168 talis
1363 2112 1495 2169 servicio

230 2216 338 2275 iudicis
364 2217 460 2274 nostri
481 2216 532 2272 vel
556 2216 656 2273 villici
687 2223 716 2273 et
748 2216 817 2273 aliis
849 2217 1100 2286 circumstanciis,
1124 2217 1380 2275 distribucionem
1404 2217 1494 2275 lacie-

230 2338 299 2380 mus
322 2324 407 2380 iuxta
430 2330 533 2380 nostre
556 2323 720 2387 arbitrium
743 2322 920 2379 voluntatis.
944 2321 1140 2395 Quicumque
1163 2331 1267 2380 autem
1290 2324 1320 2380 in
1340 2324 1495 2381 territorio

231 2428 310 2486 dicte
334 2429 432 2486 libere
455 2429 534 2485 ville
560 2430 589 2485 in
613 2428 772 2502 presencia
796 2426 905 2485 iudicis
927 2428 979 2485 vel
1002 2429 1101 2485 villici
1124 2429 1261 2501 aliquem
1284 2430 1496 2487 vulneraverit

230 2534 269 2592 ad
293 2535 467 2609 periculum
493 2535 623 2592 alicuius
646 2535 693 2591 sui
717 2535 851 2592 membri
874 2534 1065 2608 principalis,
1088 2549 1124 2591 eo
1145 2535 1213 2608 ipso
1235 2535 1275 2592 ad
1306 2534 1492 2593 solvendum

231 2641 393 2699 vulnerato
416 2640 579 2698 duodecim
603 2656 723 2697 marcas
747 2646 777 2698 et
800 2639 992 2698 tantumdem
1017 2640 1111 2699 iudici
1138 2642 1303 2714 obligetur,
1327 2643 1493 2714 statimque

231 2763 288 2821 per
318 2747 460 2804 villicum
490 2746 663 2805 detineatur
695 2747 817 2818 egregie
849 2745 946 2802 donec
980 2748 1121 2804 exsolvat
1150 2749 1335 2821 premissam
1366 2748 1495 2822 pecunie

232 2855 443 2927 quantitatem,
466 2855 519 2911 vel
542 2852 580 2911 de
604 2854 672 2926 ipsa
694 2852 844 2910 solvenda
875 2852 954 2910 inira
985 2852 1160 2924 quindecim
1191 2852 1256 2911 dies
1278 2859 1389 2910 extunc
1413 2869 1496 2910 secu·

232 2960 354 3018 ritatem
378 2961 521 3018 exhibeat
546 2965 767 3032 conpetentem.
805 2957 864 3017 Sed
889 2960 942 3031 qui
967 2960 997 3016 in
1021 2959 1163 3016 absencia
1186 2958 1294 3017 iudicis
1317 2959 1368 3016 vel
1397 2960 1495 3017 villici

232 3068 293 3123 tale
317 3066 392 3139 quid
416 3067 613 3135 commiserit,
645 3065 753 3122 eadem
781 3081 859 3138 pena
890 3066 921 3122 in
950 3065 1038 3123 bonis
1069 3065 1223 3138 puniatur,
1247 3064 1418 3122 dummodo
1440 3081 1497 3139 per

233 3181 322 3230 testes
346 3173 481 3244 ydoneos
505 3174 553 3229 vel
578 3173 656 3229 alios
679 3173 757 3228 iuste
788 3178 817 3228 et
849 3171 1078 3229 racionabiliter
1106 3172 1312 3228 convincatur.
1336 3169 1397 3242 Qui
1421 3185 1497 3228 vero

232 3280 322 3336 alteri
344 3281 527 3352 cuicumque
550 3279 674 3352 alapam
698 3277 825 3348 dederit,
851 3278 903 3334 vel
924 3278 1026 3334 simile
1050 3276 1123 3349 quid
1152 3277 1183 3334 in
1206 3277 1364 3349 presencia
1387 3276 1497 3333 iudicis

233 3385 285 3441 vel
308 3385 405 3443 villici
431 3385 545 3455 fecerit,
569 3400 606 3442 eo
628 3385 697 3456 ipso
719 3384 758 3440 ad
782 3382 966 3440 solvendum
995 3398 1086 3456 passo
1120 3384 1273 3451 iniuriam,
1297 3384 1323 3439 si
1346 3389 1391 3439 est
1416 3383 1495 3440 bone

235 3490 316 3548 lame
340 3493 477 3564 quinque
502 3507 621 3548 marcas
644 3498 673 3547 et
697 3489 890 3548 tantumdem
922 3489 1014 3546 iudici
1050 3489 1214 3560 obligetur,
1238 3489 1316 3546 alias
1340 3495 1442 3545 tamen
1466 3490 1497 3544 in

234 3613 293 3655 una
318 3612 421 3654 marca
445 3598 623 3654 adversario
647 3604 675 3653 et
699 3598 729 3653 in
753 3596 815 3652 alia
848 3594 939 3652 iudici
971 3600 1124 3662 teneatur;
1153 3593 1205 3650 sed
1234 3595 1259 3650 si
1283 3595 1344 3651 tale
1368 3593 1441 3666 quid
1467 3595 1497 3650 in

234 3704 376 3760 absencia
397 3703 506 3760 iudicis
529 3705 694 3775 contingat,
710 3708 782 3758 tunc
803 3700 841 3757 ad
858 3700 1056 3762 medietatem
1072 3701 1296 3773 premissorum
1319 3707 1437 3756 tantum
1454 3700 1498 3756 in·

235 3810 362 3865 iuriator
386 3810 580 3880 astringatur,
604 3809 707 3882 primo
731 3808 882 3879 legittime
915 3807 1081 3875 convictus
1105 3807 1183 3862 sicut
1213 3812 1258 3862 est
1281 3807 1423 3880 superius
1446 3804 1498 3862 de·

234 3914 394 3971 claratum.
419 3916 515 3971 Casus
538 3921 642 3971 autem
665 3914 719 3970 alii
742 3912 780 3970 de
803 3914 907 3970 verbis
933 3913 1164 3970 contumeliosis
1187 3920 1216 3969 et
1238 3912 1436 3985 vituperiosis
1452 3928 1498 3968 re-

235 4019 386 4077 ducantur
417 4020 455 4076 ad
487 4021 625 4078 medium
660 4021 893 4094 premissorum,
924 4017 1171 4076 consideracione
1205 4018 1310 4075 habita
1348 4016 1498 4088 diligenti,

235 4127 289 4183 ubi
313 4126 347 4182 fit
371 4127 529 4184 distinccio
553 4127 591 4182 de
614 4127 773 4200 presencia
794 4132 823 4182 et
846 4126 988 4182 absencia
1021 4124 1129 4182 iudicis
1160 4125 1225 4181 sive
1252 4123 1351 4180 villici
1375 4129 1404 4179 et
1429 4138 1497 4195 per·

235 4247 308 4289 sone
332 4234 412 4289 bone
437 4232 526 4302 lame,
550 4239 650 4290 cetera
675 4234 794 4291 minora
825 4233 890 4288 sive
921 4231 1040 4288 leviora
1069 4229 1231 4287 iudicantis
1255 4229 1385 4286 arbitrio
1408 4229 1500 4285 relin-

236 4346 377 4412 quantur.
402 4341 468 4397 Hoc
497 4343 593 4397 eciam
624 4338 808 4409 addicimus,
839 4337 921 4411 quod
954 4338 1064 4394 citatus
1093 4337 1282 4409 quicumque
1317 4348 1374 4408 pro
1399 4335 1500 4407 prima

236 4449 311 4517 vice,
335 4463 395 4505 non
420 4463 609 4520 comparens,
634 4447 664 4503 in
687 4445 820 4503 denariis
852 4450 930 4513 octo,
963 4458 1020 4517 pro
1052 4441 1186 4499 secunda
1215 4442 1289 4510 vice,
1313 4441 1344 4498 in
1368 4439 1501 4497 denariis

237 4553 400 4610 duodecim
424 4561 453 4610 et
477 4568 535 4626 pro
566 4553 659 4609 tercia
690 4553 758 4609 vice
790 4553 820 4608 in
852 4550 961 4623 viginti
993 4548 1152 4607 solvendis
1187 4547 1295 4604 villico
1318 4547 1383 4603 sive
1407 4545 1501 4603 iudici

236 4660 392 4732 obligetur
417 4658 495 4716 inira
518 4666 588 4716 octo
612 4658 685 4728 dies,
709 4673 833 4731 semper
859 4672 876 4714 a
908 4656 966 4726 die,
998 4672 1060 4729 qua
1090 4668 1270 4728 comparere
1293 4651 1451 4720 debuerat,
1475 4653 1502 4709 si

237 4780 324 4821 suam
348 4766 574 4823 contumaciam
594 4765 660 4822 sive
682 4764 859 4821 absenciam
879 4762 1112 4820 racionabiliter
1133 4775 1194 4817 non
1217 4757 1332 4833 poterit
1346 4772 1501 4815 excusare.
