3488 5242
625 357 697 414 Doc.
714 368 789 430 320.
818 387 854 396 -
880 354 936 410 An.
961 348 1051 429 1384.
1415 368 1471 426 30¹
1557 400 1561 408 .

213 559 302 616 nobis
327 558 523 632 presentavit,
548 562 655 630 petens
679 569 734 611 uos
757 568 827 609 curn
851 551 1006 621 instancia,
1023 555 1056 607 ut
1073 556 1210 607 tenorem
1230 548 1410 606 earumdem
1427 549 1478 605 lit-

214 665 286 721 teris
303 664 415 721 nostris
432 663 607 736 patentibus
628 661 720 718 inseri
736 666 766 716 et
782 658 820 715 de
836 658 934 714 verbo
950 656 987 712 ad
1005 657 1136 712 verbum
1149 656 1312 712 transcribi
1329 653 1477 721 faciendo

214 769 314 827 eidem
338 769 411 826 dare
428 768 633 840 dignaremur.
652 766 791 838 Quarum
809 769 896 820 tenor
913 763 983 819 talis
1000 768 1060 818 est:
1078 755 1153 838 (vid.
1170 778 1214 818 nr.
1233 775 1304 834 317,
1320 776 1365 818 an.
1388 760 1478 835 1384,

221 891 268 932 20.
292 868 421 950 aprilis).
446 874 509 930 Nos
533 873 626 944 igitur
642 872 728 929 iustis
744 876 774 927 ct
790 870 848 926 iuri
864 869 1005 924 consonis
1022 867 1226 941 peticionibus
1248 867 1384 923 annotati
1402 866 1479 922 Iau-

217 981 311 1038 rencii
340 979 485 1043 inclinati,
512 983 648 1034 tenorem
674 976 883 1049 predictarum
907 974 1081 1031 litterarum
1105 974 1241 1030 annotati
1265 973 1404 1044 magistri
1428 971 1480 1029 Ni·

215 1087 295 1143 colai
312 1085 505 1158 presentibus
526 1084 636 1142 litteris
652 1083 764 1139 nostris
781 1080 956 1155 patentibus
973 1081 1064 1136 inseri
1081 1085 1109 1136 et
1129 1079 1167 1136 de
1184 1080 1280 1136 verbo
1294 1078 1479 1135 adverbum

215 1190 378 1248 transcribi
402 1188 541 1246 faciendo
565 1189 664 1245 eidem
697 1188 843 1244 duximus
874 1184 1091 1242 concedendas.
1125 1185 1282 1241 Presentes
1314 1191 1416 1241 autem
1441 1184 1480 1240 si·

215 1297 300 1368 gillis
322 1296 434 1353 nostris
450 1275 637 1362 absentibus,
654 1294 758 1365 sigillo
775 1294 912 1365 magistri
928 1293 1044 1360 Basow‚
1061 1292 1182 1349 comitis
1198 1292 1294 1349 nostri
1309 1291 1480 1362 crisyensis,

216 1401 344 1458 fecimus
359 1401 539 1471 consignari.
555 1400 670 1457 Datum
687 1398 845 1471 Zagrabie,
858 1400 989 1455 sabbato
1008 1399 1151 1471 proximo
1167 1403 1236 1454 ante
1253 1396 1363 1454 festum
1378 1403 1480 1455 sancte

215 1508 380 1564 Trinitatis.
413 1507 501 1563 Anno
525 1506 642 1563 domini
667 1505 891 1562 MCCCLXXX
915 1512 1034 1577 quarto,
1057 1504 1243 1577 supradicto.

307 1641 447 1703 originale
468 1641 492 1689 in
512 1641 610 1696 charta,
629 1656 644 1688 a
664 1645 740 1702 tergo
759 1640 915 1705 impressum
935 1645 973 1688 est
992 1639 1118 1705 sigillum.
1145 1639 1174 1688 ln
1199 1639 1269 1688 arch.
1290 1639 1336 1688 lib.
1356 1654 1410 1703 reg.
1431 1638 1479 1689 civ.

217 1729 321 1793 zagrab.

804 1888 894 1953 320.

320 1979 396 2026 Anno
419 1977 491 2036 1384.
512 1975 610 2025 Budae.

219 2104 336 2174 Morio,
358 2106 460 2175 rcru'na
483 2104 669 2176 Iz'uvgarr'ae,
683 2104 790 2160 ciuibus
813 2102 1020 2162 Greclvcnsilms
1036 2112 1069 2161 ut
1089 2112 1200 2161 eironeia
1224 2104 1388 2176 Zagrabt'ae
1401 2107 1481 2163 crvde-

722 2217 811 2280 ratur,
826 2211 979 2288 praecanit.

306 2355 402 2412 Maria
426 2354 474 2411 dei
498 2354 610 2426 gracia,
634 2347 754 2430 (maior,
779 2354 884 2426 regina
911 2355 1076 2426 Hungarie.
1097 2350 1270 2432 Fidelibus)
1290 2335 1362 2426 suis,
1378 2356 1480 2427 iudici,

217 2462 324 2518 iuratis
356 2469 385 2517 et
417 2461 568 2517 universis
599 2460 720 2517 civibus
751 2475 787 2516 ac
817 2460 992 2533 hospitibus
1023 2461 1135 2517 nostris
1166 2460 1396 2518 Grechensibus
1418 2454 1481 2541 (de)

217 2567 367 2639 Zagrabia
391 2567 522 2623 salutem
549 2570 578 2623 et
598 2559 768 2643 (graciam.)
786 2559 858 2642 [Pro
874 2567 1084 2623 emolumento
1104 2559 1288 2643 inc]olarum
1304 2572 1480 2624 nostrorum

217 2689 349 2730 unacum
373 2673 501 2746 prelatis
525 2679 554 2729 et
577 2673 747 2729 baronibus
763 2672 875 2729 nostris
891 2671 1098 2729 deliberantes
1114 2672 1335 2742 ordinavimus
1351 2680 1385 2730 ut
1400 2689 1481 2732 nova

217 2784 340 2836 moneta
360 2784 466 2834 nostra
490 2823 496 2834 .
521 2823 526 2834 .
549 2823 555 2834 .
580 2771 648 2854 (per
663 2772 761 2853 regni)
778 2777 875 2834 nostri
898 2778 1023 2835 climata
1046 2778 1198 2836 discurrat
1221 2786 1251 2836 et
1273 2780 1314 2835 ab
1337 2781 1482 2838 omnibus

218 2890 357 2956 patenter
371 2884 545 2955 recipiatur,
561 2887 727 2955 nostreque
743 2883 872 2940 collecte
889 2930 894 2941 .
912 2929 918 2940 .
935 2929 940 2940 .
958 2878 1045 2960 (tam)
1058 2886 1178 2957 regales
1194 2891 1223 2943 et
1239 2886 1391 2958 reginales
1407 2932 1412 2944 .
1429 2932 1436 2945 .
1453 2933 1458 2944 .
1475 2932 1481 2943 .

218 3001 248 3046 et
271 2990 424 3047 tricesime
447 2995 550 3046 nostre
574 3004 644 3045 cum
669 2988 777 3045 eadem
801 2990 977 3060 solvantu1·;
1003 2993 1138 3049 universi
1160 2993 1256 3048 eciam
1281 2993 1482 3050 ecclesiarum

218 3097 389 3168 prelati..
414 3140 450 3152 ..
482 3101 511 3152 et
543 3095 647 3153 debita
678 3111 713 3152 ac
737 3097 863 3167 quosvis
885 3097 1024 3154 redditus
1048 3144 1053 3155 .
1079 3144 1085 3156 .
1112 3144 1118 3156 .
1143 3145 1148 3156 .
1172 3107 1201 3155 et
1225 3100 1345 3156 nobiles
1368 3102 1483 3173 aliique

218 3202 352 3258 cuiusvis
374 3207 470 3258 status
494 3203 633 3259 homines
657 3203 796 3275 ipsorum
822 3209 990 3275 proventus
1015 3205 1184 3273 universos
1209 3206 1333 3277 tributa,
1351 3209 1483 3280 terragia

219 3312 248 3362 et
271 3308 397 3379 quasvis
421 3301 622 3383 (exacciones)
647 3354 652 3364 .
677 3354 683 3366 .
707 3353 712 3365 .
737 3353 742 3365 .
768 3316 797 3365 et
821 3310 1044 3381 iobagionibuS,
1062 3311 1232 3368 tributariis
1248 3319 1277 3369 et
1295 3312 1483 3370 officialibus

220 3414 248 3469 in
274 3414 340 3486 ipsa
364 3428 445 3469 nova
468 3423 590 3470 moneta
614 3421 726 3484 nostra,
750 3420 802 3471 aut
826 3408 881 3491 (in)
905 3415 1026 3472 florenis
1050 3392 1145 3491 recipi
1169 3423 1198 3474 et
1222 3419 1343 3491 exigere
1364 3426 1484 3476 tenean-

220 3526 270 3575 tur
294 3564 422 3577 .....
447 3535 525 3577 nove
557 3528 686 3577 monete.
717 3520 876 3578 Fidelibus
900 3523 1020 3591 nostris,
1046 3525 1200 3593 magistris
1223 3522 1340 3581 Simoni
1364 3524 1403 3582 de
1426 3526 1484 3581 Ta·

219 3625 318 3695 lentis
342 3626 402 3682 civi
434 3633 538 3683 nostro
570 3627 760 3684 Casseuiensi
792 3633 821 3684 et
846 3629 960 3684 Aczom
984 3627 1115 3701 Gallico,
1139 3630 1245 3686 comiti
1269 3675 1274 3687 .
1299 3676 1304 3688 .
1329 3676 1335 3687 .
1359 3676 1365 3688 .
1389 3630 1484 3688 duxe-

218 3730 315 3786 rimus
338 3732 592 3789 committendam
616 3779 621 3790 .
646 3779 651 3790 .
676 3779 682 3791 .
711 3733 866 3791 Fidelitati
897 3740 1000 3791 vestre
1026 3733 1157 3792 firmiter
1188 3736 1379 3807 mandamus,
1410 3753 1484 3810 qua-

219 3841 307 3892 tenus
328 3836 443 3894 dictam
471 3844 626 3895 monetam
659 3844 796 3896 nostram
827 3841 964 3912 regalem
995 3841 1026 3897 in
1056 3840 1176 3913 prefata
1207 3835 1354 3919 [civitate]
1387 3888 1422 3900 ..
1447 3888 1483 3900 ..

221 3941 364 3998 videlicet
388 3944 484 4015 regali
508 3944 547 4000 ad
572 3945 629 4002 hoc
652 3945 823 4015 constituta,
848 3944 999 4018 prefatam
1029 3962 1143 4003 novam
1167 3953 1321 4005 monetam
1346 3954 1483 4005 nostram

222 4046 310 4103 dictis
334 4050 488 4120 magistris
511 4049 629 4106 Simoni
655 4057 684 4106 et
709 4051 822 4107 Aczom
846 4067 881 4107 ac
905 4067 1012 4109 eorum
1042 4054 1220 4110 camerariis
1346 4055 1416 4112 cudi
1441 4054 1484 4111 sa·

222 4171 289 4210 cere
317 4156 511 4227 permittatis,
540 4157 701 4229 ipsamque
734 4173 847 4214 novam
872 4167 1025 4215 monetam
1052 4165 1190 4216 nostram
1215 4160 1243 4217 in
1268 4161 1482 4233 empcionibus

222 4267 251 4316 et
282 4260 515 4317 vendicionibus
546 4278 650 4318 rerum
682 4270 855 4320 vestrarum
887 4265 1023 4337 recipere
1048 4274 1076 4322 et
1107 4259 1237 4342 (percipi
1266 4265 1373 4335 facere,
1397 4261 1483 4343 labo)

222 4381 331 4437 resque
355 4382 498 4422 cusorum
524 4368 620 4440 ipsius
644 4376 765 4425 monete
794 4377 896 4426 nostre
913 4369 1048 4427 fideliter
1067 4372 1243 4443 conspicere
1266 4387 1302 4428 ac
1325 4373 1408 4446 ipsos
1432 4390 1482 4430 cu·

221 4486 305 4527 sores
325 4487 448 4544 semper
470 4472 508 4528 ad
533 4472 667 4530 fideliter·
694 4480 724 4530 et
750 4473 893 4531 sollerter
917 4475 1122 4532 laborandum
1147 4522 1273 4533 .....
1297 4479 1483 4548 necessariis,

221 4576 295 4634 dum
326 4584 355 4634 et
386 4578 509 4650 quando
544 4586 731 4652 oportunum
768 4578 860 4637 suerit
894 4582 1004 4637 vestris
1035 4582 1171 4638 consiliis
1205 4588 1235 4638 et
1269 4581 1429 4640 favoribus
1449 4599 1485 4640 ac

220 4684 344 4740 auxilils
378 4685 538 4756 oportunis
569 4685 710 4740 assistere
741 4683 886 4742 debeatis.
917 4679 1015 4762 [ilaue
1045 4692 1148 4743 autern
1180 4686 1409 4745 ordinacionem
1433 4689 1484 4746 de·

223 4782 312 4866 betis]
336 4834 521 4848 .......
544 4791 574 4848 in
599 4789 674 4848 toris
697 4796 726 4847 et
749 4790 782 4847 in
812 4791 881 4848 aliis
912 4792 989 4850 locis
1016 4792 1151 4866 publicis
1180 4792 1297 4866 ubique
1324 4793 1355 4850 in
1388 4808 1484 4867 regno
