3488 5242
269 341 287 396 4
619 315 690 377 Dec.
714 315 742 376 6.
766 335 792 396 7.
821 353 857 362 -
883 319 939 378 An.
965 333 1170 399 1215-1217.

268 520 421 594 preminet
444 524 527 576 meta
550 524 658 586 terrea,
681 517 720 574 de
743 518 814 575 hinc
836 517 980 591 gradiens
1003 534 1060 592 per
1080 536 1205 577 cursum
1228 519 1318 578 Sawa
1338 520 1532 594 pervenitad

268 625 483 683 molendinum
506 624 692 698 episcopale,
716 640 778 696 quo
801 624 923 681 rivulus
939 625 993 697 qui
1008 624 1121 683 dicitur
1136 625 1288 683 Tomewa
1303 625 1402 684 iniluit
1421 625 1534 684 ilumen

268 731 366 801 Sawa,
390 731 478 789 illinc
502 746 610 787 versus
632 731 887 804 septemtrionem
910 729 972 787 itur
994 730 1033 787 ad
1057 731 1203 789 arborem
1228 733 1344 805 platani
1373 733 1535 803 signatam,

268 837 354 894 iuxta
377 851 471 908 quam
496 842 555 893 stat
578 840 661 893 meta
684 835 723 892 de
746 836 866 908 sespite,
890 835 1033 893 dividens
1056 842 1171 893 terram
1195 837 1323 894 ecclesie
1346 852 1364 894 a
1387 842 1468 894 terra
1484 853 1534 894 cu·

269 941 393 999 iusdam
416 942 559 1012 bominis
584 941 666 999 Cena
688 942 821 1010 nomine,
845 941 931 998 illinc
954 941 1099 1014 dirigitur
1123 958 1179 1016 per
1199 943 1312 999 silvam
1331 959 1430 1015 usque
1446 958 1537 1015 quer·

268 1062 340 1104 eum
364 1047 403 1104 ad
427 1052 543 1104 metam
566 1053 756 1116 renovatam,
780 1045 820 1103 de
841 1047 912 1104 hinc
935 1046 1130 1119 protenditur
1153 1063 1209 1121 per
1224 1063 1370 1121 campum
1395 1047 1432 1104 ad
1457 1049 1536 1105 vini·

270 1159 352 1210 tores
375 1153 456 1225 regis
479 1159 509 1210 et
533 1159 649 1209 metam
672 1151 711 1208 de
734 1152 858 1225 cespite,
882 1152 968 1210 illinc
991 1169 1048 1225 per
1071 1153 1184 1211 silvam
1200 1153 1345 1226 dirigitur
1368 1153 1407 1211 ad
1431 1154 1535 1211 rivum

271 1259 397 1315 maioris
421 1258 532 1327 Blisna,
557 1273 575 1314 a
598 1273 661 1330 quo
684 1273 782 1330 usque
802 1256 841 1314 ad
865 1257 961 1315 alium
985 1259 1133 1328 rivulum,
1150 1259 1204 1330 qui
1219 1260 1321 1316 minor
1344 1259 1447 1316 Blisna
1463 1258 1537 1316 dici·

272 1371 330 1433 tur,
354 1370 436 1421 terra
460 1365 646 1437 episcopalis
669 1363 769 1420 llllor.
792 1364 902 1420 aratris
933 1369 1075 1421 contenta
1106 1364 1309 1437 protenditur.
1333 1365 1409 1422 Item
1433 1380 1451 1421 a
1473 1379 1537 1421 ma·

271 1471 329 1527 iori
353 1470 456 1526 Blisna
479 1486 587 1526 versus
616 1470 869 1542 septemtrionem
902 1468 1047 1542 dirigitur
1077 1468 1117 1526 ad
1148 1470 1257 1527 villam
1282 1471 1418 1540 ecclesie,
1442 1485 1536 1542 quam

271 1576 367 1632 tenuit
391 1575 526 1633 Baranus
549 1574 691 1645 decanus
714 1573 786 1632 inde
807 1574 1003 1648 protenditur
1026 1591 1081 1648 per
1105 1576 1221 1632 vallem
1245 1592 1342 1648 usque
1365 1575 1402 1632 ad
1424 1581 1538 1632 metam

272 1680 440 1755 Turpigna‚
464 1681 518 1738 ubi
541 1689 688 1738 renovata
712 1687 757 1738 est
780 1690 870 1751 meta,
894 1679 965 1737 inde
988 1696 1063 1738 vero
1085 1697 1142 1754 per
1164 1696 1313 1753 magnum
1337 1686 1474 1739 montem
1497 1680 1536 1737 ad

271 1801 415 1858 magnam
440 1792 577 1856 stratam,
601 1787 645 1844 ibi
668 1793 816 1844 renovata
847 1792 892 1843 est
922 1791 1006 1844 meta
1029 1788 1059 1844 in
1083 1788 1195 1844 arbore
1222 1801 1396 1860 pomorum,
1427 1785 1538 1843 deinde

270 1890 365 1948 tendit
389 1908 446 1965 per
467 1892 584 1948 vallem
614 1891 653 1948 ad
684 1891 812 1949 ssuvium
847 1892 934 1962 Deze,
965 1892 1019 1964 qui
1049 1893 1080 1949 in
1111 1891 1172 1948 tine
1202 1893 1316 1949 montis
1348 1892 1416 1948 Ixes
1440 1890 1537 1947 intluit

272 1996 402 2054 fluvium
426 1997 628 2056 Circunizam.
654 1999 706 2070 qui
731 1996 797 2054 lluit
821 2014 876 2070 per
900 1997 1092 2069 Zagrabiam.

358 2149 467 2200 Initium
486 2150 546 2209 acti,
564 2166 617 2213 quo
632 2151 766 2200 Emericus
780 2151 932 2216 ilungariac
946 2158 992 2200 etc.
1007 2166 1061 2207 rex,
1075 2156 1156 2200 metas
1175 2158 1307 2200 terrarum
1319 2165 1349 2199 ac
1363 2150 1535 2214 praediorum

274 2253 356 2301 „quae
376 2239 535 2288 monasterio
554 2240 658 2302 zagrab.
685 2240 780 2289 devota
804 2238 915 2289 contulit
939 2239 1109 2302 antiquitas“,
1128 2244 1244 2288 recenset
1263 2245 1289 2287 et
1308 2237 1451 2287 confirmat.
1477 2238 1537 2286 Ori-

272 2326 360 2390 ginale
380 2327 406 2374 in
425 2328 583 2379 membrana.
603 2327 722 2392 sigillum
741 2329 861 2376 auulsum
884 2333 930 2383 est,
955 2328 1041 2376 solum
1063 2327 1194 2391 appendet
1218 2326 1317 2375 sericea
1336 2340 1400 2374 zona
1418 2325 1494 2374 rubri
1514 2334 1540 2374 ct

273 2414 368 2464 viridis
388 2416 492 2464 coloris.
518 2414 547 2464 In
573 2415 682 2465 archivo
708 2431 763 2465 ven.
790 2415 901 2479 capituli
923 2416 1027 2482 zagrab.
1055 2414 1114 2464 fasc.
1140 2424 1159 2462 1.
1180 2430 1218 2463 nr.
1240 2423 1279 2472 37.
1299 2414 1392 2463 Exstat
1415 2413 1494 2462 etiam
1513 2414 1540 2463 in

272 2501 477 2552 confirmatoriis
496 2503 621 2567 Gregorii
641 2503 689 2553 IX.
711 2504 804 2567 Papae,
824 2519 862 2553 an.
887 2513 958 2559 1227.
988 2513 1025 2553 to.
1048 2503 1117 2567 julii,
1140 2502 1165 2551 in
1189 2503 1281 2551 eodem
1304 2501 1413 2551 archivo
1435 2500 1495 2551 fasc.
1519 2512 1538 2551 1.

274 2605 311 2639 ur.
331 2602 372 2652 41.
393 2591 491 2641 Edidit.
512 2593 584 2657 Joan.
605 2590 721 2649 Tkaldic,
741 2591 810 2641 Mon.
830 2592 889 2642 hist.
915 2592 993 2656 episc.
1014 2591 1117 2655 zagrab.
1138 2598 1198 2639 tom.
1219 2589 1238 2638 1.
1257 2606 1280 2654 p.
1304 2599 1412 2639 11—12.

891 2879 927 2942 6.

380 2946 456 2995 Circa
477 2961 516 2995 an.
540 2955 610 3004 1215.

276 3073 444 3146 Stephanus
474 3075 496 3130 Ι.
528 3075 673 3146 episcopus
701 3074 787 3147 offert
807 3073 932 3146 capetulo
955 3073 1139 3143 zagrabiensi
1160 3072 1202 3127 ad
1217 3089 1394 3129 cornmuncm
1417 3091 1542 3128 mensam

577 3180 707 3236 ducentos
722 3188 827 3252 porcos
850 3188 878 3236 et
897 3176 1013 3237 totidem
1036 3179 1151 3235 cubulos
1174 3179 1242 3233 vini.

365 3340 449 3404 item,
475 3355 571 3411 quum
598 3346 771 3397 antecessor
797 3349 908 3411 noster,
939 3341 1018 3397 bone
1044 3340 1201 3407 memorie,
1226 3337 1398 3411 Stephanus
1426 3339 1542 3396 eisdem

276 3444 444 3502 donaverat
480 3444 628 3502 ducentos
658 3461 768 3519 porcos
800 3451 829 3502 et
860 3445 988 3502 totidem
1020 3445 1150 3501 cubulos
1182 3444 1243 3501 vini
1274 3443 1313 3499 ad
1345 3459 1543 3502 communem

277 3565 416 3607 mensam
449 3549 599 3620 fratrum,
631 3551 717 3608 annis
745 3551 875 3623 singulis
901 3560 1123 3622 proventuros,
1150 3548 1351 3606 donacionem
1379 3549 1467 3605 illam
1491 3565 1544 3606 vo-

277 3654 380 3712 lumus
405 3657 579 3714 observare.

365 3808 452 3858 Huius
471 3808 623 3859 donacionis
643 3809 740 3858 mentio
761 3808 790 3858 fit
810 3809 835 3858 in
856 3808 953 3857 litteris
967 3807 1091 3872 Stephani
1106 3806 1138 3856 11.
1153 3806 1231 3870 episc.
1247 3807 1351 3871 zagrab.
1366 3807 1450 3855 dean.
1469 3817 1542 3865 1237.

278 3896 337 3945 vide
358 3895 427 3945 intra
446 3912 484 3945 ur.
509 3905 547 3956 ¹4·

898 4102 932 4168 7.

384 4174 432 4218 An.
456 4179 528 4225 1217.
547 4171 700 4234 Zagrabiae.

230 4348 233 4353 .
280 4296 413 4353 Andreas
429 4297 470 4353 ΙΙ.
487 4298 665 4369 Hungoriac
679 4306 726 4354 etc.
743 4316 796 4354 rex
806 4297 1025 4371 profisciscemlo
1040 4297 1083 4353 ad
1102 4305 1209 4353 terram
1230 4305 1360 4354 sanctam
1379 4298 1545 4369 Zagrabiae

281 4421 390 4459 urorum
412 4402 540 4472 trahens,
571 4405 716 4462 ecclesiam
746 4404 937 4462 cathedralem
953 4412 1011 4476 per
1031 4404 1171 4475 episcopos
1192 4403 1320 4459 dedicari
1340 4405 1492 4470 constituit,
1518 4413 1547 4462 et

641 4511 737 4566 omnia
761 4512 821 4568 cius
836 4508 1001 4584 prz'ru'larr'a
1024 4509 1181 4581 corfirmat.

372 4669 402 4726 ln
427 4670 550 4728 nomine
565 4678 669 4730 sancte
685 4673 829 4730 trinitatis
844 4678 873 4729 et
890 4669 1048 4728 individue
1062 4669 1196 4727 unitatis.
1222 4667 1359 4725 Andreas
1375 4669 1424 4726 dei
1441 4672 1545 4743 gracia

284 4772 449 4847 Hungarie‚
479 4775 649 4849 Dalmacie,
680 4778 815 4848 Croacie,
847 4777 953 4847 Rame,
983 4774 1099 4842 Servie,
1129 4773 1270 4845 Gallicie,
1303 4773 1549 4850 Lodomerieque
