3488 5242
639 337 712 395 Doc.
730 333 799 413 363
836 369 871 378 -
898 337 954 392 An.
979 348 1067 411 1392.
1419 351 1479 410 345

215 531 376 597 descriptum
396 546 463 580 anno
486 531 567 593 1489,
580 545 657 579 rnanu
672 529 755 586 Pauli,
775 527 909 578 Valentini
924 529 957 577 de
970 528 1089 584 Chasma,
1106 526 1197 576 clerici
1211 526 1388 591 zagrabicnsis
1402 525 1475 575 dioe-

218 620 292 675 cesis,
320 626 381 669 tunc
404 618 561 668 auctoritate
586 617 733 682 apostolica
753 615 849 667 notarii
875 615 984 681 publici.
1004 616 1033 664 ln
1052 615 1161 665 archivo
1180 632 1236 664 ven.
1257 614 1367 679 capituli
1388 629 1479 679 zagru-

219 709 322 765 biensiS,
352 707 411 757 fasc.
435 717 472 756 10.
492 723 530 756 nr.
554 718 591 767 14.
620 707 701 755 Adest
728 720 834 768 quoquc
864 705 889 754 in
918 710 1082 770 transumpto
1102 703 1211 768 capituli
1235 702 1392 753 chasmensis
1411 702 1480 753 facto

215 812 281 846 anno
304 806 386 857 1490,
407 795 432 845 iu
452 794 551 845 archiv.
574 810 629 844 vcn.
651 795 728 860 capit.
751 794 855 859 zagrab.
876 793 936 844 fasc.
957 804 979 842 2.
999 808 1038 843 nr.
1058 797 1099 852 38.

807 1134 896 1199 363.

324 1297 398 1344 Anno
421 1304 494 1356 1392,
514 1306 554 1354 24.
576 1292 697 1358 Augusti.
716 1292 869 1358 Zagrabiae.

217 1437 388 1506 erdr'slaus,
414 1437 572 1495 Slavom'rre
594 1439 694 1507 banus,
714 1458 748 1495 ne
763 1438 884 1494 dccintne
899 1439 1131 1495 menturinurum
1146 1445 1175 1494 et
1180 1445 1336 1509 porcorum
1358 1455 1377 1491 ιι
1399 1436 1482 1493 banis

219 1545 266 1600 vel
286 1543 426 1601 vicebam‘s
448 1563 467 1600 α
482 1544 687 1619 jobugionibus
702 1545 806 1600 civilem
829 1543 1032 1601 Grecleensium
1048 1545 1078 1600 in
1095 1544 1254 1600 Petrove'na
1277 1550 1305 1599 ct
1330 1541 1482 1617 Hrustlrya

668 1651 859 1722 exigerentur,
875 1651 1025 1723 praeemit.

308 1809 369 1866 Nos
392 1808 561 1881 Ladislaus,
586 1809 670 1867 filius
695 1810 784 1880 Petri,
809 1811 895 1882 regni
911 1808 1073 1867 Scleuonie
1097 1810 1202 1866 banus.
1227 1807 1376 1864 Memorie
1400 1822 1483 1863 com-

219 1916 401 1972 mendamus
425 1931 480 1987 per
503 1923 667 1988 presentes,
692 1915 776 1988 quod
800 1917 872 1988 quia
888 1932 943 1972 nos
959 1916 999 1971 ab
1015 1915 1160 1973 omnibus
1177 1914 1335 1971 nobilibus
1351 1919 1382 1969 et·
1397 1913 1481 1984 igno-

218 2022 335 2078 bilibus
359 2021 432 2078 dicti
456 2023 542 2093 regni
564 2022 725 2079 Sclauonie
741 2022 772 2079 id
789 2021 1044 2079 certitudinaliter
1066 2021 1256 2087 rescivimus,
1277 2017 1358 2091 quod
1377 2017 1482 2075 nullus

220 2131 316 2185 banus
340 2145 392 2184 seu
414 2129 479 2184 eius
504 2130 670 2185 vicebanus
703 2128 831 2201 predicti
863 2127 950 2199 regni
978 2126 1140 2184 Sclauonie
1163 2142 1180 2183 a
1203 2124 1420 2196 iobagionibus
1442 2124 1484 2180 ci-

219 2234 304 2290 vium
329 2234 461 2290 civitatis
486 2235 598 2290 montis
621 2233 805 2290 Grechensis
829 2232 866 2289 de
882 2233 1032 2304 Zagrabia
1056 2233 1086 2289 in
1112 2230 1356 2304 possessionibus
1376 2244 1484 2286 eorum

220 2339 382 2395 Petrouina
406 2346 435 2395 et
462 2339 598 2395 Hrascha
621 2341 737 2396 vocatis
760 2346 789 2395 et
814 2340 844 2395 in
868 2340 937 2395 aliis
960 2338 1227 2396 iurisdiccionibus
1244 2339 1382 2410 ipsorum
1399 2350 1484 2392 com-

220 2445 420 2512 morantibus,
445 2444 631 2501 marturinas
653 2452 683 2500 et
706 2444 841 2501 decimas
870 2460 1036 2517 porcorum
1067 2450 1173 2501 contra
1206 2445 1380 2500 libertatem
1404 2441 1484 2501 dicte

218 2551 350 2607 civitatis
373 2551 412 2606 ab
436 2551 562 2622 antiquo
586 2551 792 2622 approbatam
820 2551 979 2623 exegisset,
1003 2566 1058 2606 nec
1074 2566 1129 2622 per
1145 2566 1216 2606 suos
1233 2549 1383 2607 officiales
1400 2551 1481 2621 exigi

222 2653 340 2711 iecisset
364 2663 392 2711 et
417 2654 499 2726 quod
524 2656 718 2712 serenissima
744 2657 886 2729 princeps
910 2656 1035 2712 domina
1053 2656 1156 2725 Maria,
1181 2654 1230 2711 dei
1252 2657 1355 2727 gracia
1377 2658 1485 2728 regina

221 2761 386 2832 liungarie,
422 2761 590 2829 Dalmacie,
623 2761 749 2818 Croacie
781 2768 843 2832 etc,
877 2762 1001 2818 domina
1032 2768 1135 2818 nostra
1167 2762 1322 2820 naturalis.
1355 2762 1484 2835 predicti

220 2867 303 2937 regni
328 2865 491 2923 Sclauonie
515 2868 602 2923 banis
626 2874 655 2923 et
678 2868 835 2924 vicebanis
858 2884 894 2924 ac
917 2866 1104 2924 officialibus
1124 2867 1302 2924 eorumdem
1321 2877 1392 2924 tunc
1417 2884 1487 2925 con-

219 2972 332 3028 stitutis
364 2979 393 3027 et
425 2972 454 3028 in
488 2971 625 3029 laturum
659 2972 878 3029 constituendis
908 2974 971 3028 suis
1003 2973 1113 3029 litteris
1146 2971 1352 3030 mediantibus
1387 2973 1486 3031 firmis

220 3076 303 3134 dedit
328 3078 357 3133 in
382 3078 542 3148 mandatis,
568 3085 601 3135 ut
624 3079 729 3135 nullus
755 3080 906 3136 banorum
930 3096 984 3135 nec
1016 3079 1236 3135 vicebanorum
1252 3094 1288 3134 ac
1304 3078 1485 3137 officialium

220 3183 356 3240 eiusdem
382 3185 468 3255 regni
500 3183 670 3244 Sclauonie.
702 3184 798 3241 dictas
831 3185 1016 3241 marturinas
1046 3190 1075 3240 et
1107 3183 1242 3240 decimas
1274 3199 1440 3256 porcorum
1468 3200 1486 3241 a

220 3288 310 3345 dictis
335 3290 550 3359 iobagionibus
573 3291 687 3346 civium
715 3290 923 3363 predictorum
946 3305 1007 3346 non
1030 3290 1186 3360 exigerent
1209 3305 1265 3345 nec
1288 3290 1369 3360 exigi
1386 3289 1486 3348 facere

223 3402 491 3466 presumpmerent
522 3396 616 3452 modo
646 3397 784 3468 aliquali,
818 3403 909 3469 prout
940 3395 970 3451 in
1002 3394 1117 3451 eisdem
1149 3395 1259 3451 litteris
1293 3395 1483 3466 reginalibus

221 3515 324 3555 coram
350 3501 439 3556 nobis
463 3501 621 3573 productis
652 3502 734 3558 clare
767 3503 902 3560 vidimus
933 3501 1088 3557 contineri.
1119 3499 1191 3556 ldeo
1223 3516 1276 3557 nos
1310 3501 1487 3572 iobagiones

220 3606 358 3677 ipsorum
383 3607 497 3662 civium
523 3608 654 3664 ubilibet
677 3609 706 3665 in
731 3623 839 3665 eorum
865 3607 1110 3681 possessionibus
1126 3613 1156 3663 et
1172 3607 1327 3679 signanter
1351 3607 1380 3663 in
1398 3607 1487 3664 dictis

221 3712 464 3783 possessionibus
501 3713 661 3769 Petrouina
692 3721 720 3769 et
752 3714 888 3770 llrascha
921 3713 1104 3785 nuncupatis
1135 3712 1302 3769 residentes
1326 3713 1357 3769 in
1379 3728 1487 3770 eorum

221 3818 339 3874 iuribus
362 3825 392 3874 et
416 3818 596 3874 libertatum
622 3820 826 3890 prerogativis
849 3820 988 3875 volentes
1019 3832 1210 3887 conservare,
1234 3819 1345 3875 nostris
1369 3817 1487 3875 officia·

222 3923 302 3978 libus
327 3924 464 3994 ipsorum
491 3926 733 3981 marturinarum
750 3936 779 3982 et
795 3925 986 3982 decimarum
1012 3939 1179 3997 porcorum
1195 3925 1390 3980 exactoribus
1406 3940 1486 3981 nunc

221 4029 392 4085 constitutis
416 4038 445 4086 et
469 4031 498 4086 in
523 4029 662 4086 futurum
687 4031 907 4088 constituendis
930 4029 1061 4087 tirmiter
1084 4030 1318 4097 committentes,
1336 4036 1485 4102 quatenus

221 4134 333 4189 amodo
357 4141 387 4190 et
410 4135 554 4208 deinceps
578 4136 756 4207 iobagiones
782 4144 971 4193 memoratos
1002 4135 1156 4192 dictorum
1188 4136 1303 4192 civium
1336 4137 1366 4192 in
1398 4137 1486 4192 nullo

221 4245 250 4295 et
273 4241 447 4312 specialiter
471 4242 500 4297 in
525 4241 676 4312 exigendo
700 4243 782 4315 ipsas
805 4243 991 4299 marturinas
1015 4249 1043 4298 et
1067 4241 1202 4298 decimas
1235 4256 1401 4314 porcorum
1430 4243 1488 4298 im·

223 4346 327 4417 pedire
358 4345 489 4403 debcant
521 4363 575 4403 nec
607 4356 841 4420 presumpmant
872 4348 966 4405 modo
997 4348 1135 4419 aliquali,
1168 4349 1351 4419 quinymmo
1378 4363 1487 4404 manus

221 4458 340 4508 nostras
365 4459 393 4507 et
418 4452 571 4508 dictorum
604 4452 786 4509 officialium
819 4463 995 4511 nostrorum
1027 4454 1152 4510 omnino
1183 4454 1223 4509 ab
1253 4452 1368 4510 eisdem
1392 4461 1487 4510 retra-

221 4558 336 4626 hentes,
362 4558 445 4629 ipsos
476 4559 504 4614 in
538 4573 646 4614 eorum
676 4558 949 4616 consvetudinibus
980 4558 1114 4631 gaudere
1146 4558 1345 4631 permisimus
1376 4559 1487 4615 harum

224 4674 396 4719 nostrarum
415 4664 589 4720 testimonio
608 4664 797 4733 litterarum;
821 4681 897 4736 quas
921 4665 1095 4737 sigillorum
1114 4672 1290 4722 nostrorum
1313 4665 1355 4721 ob
1378 4665 1487 4722 absen-

223 4769 313 4839 ciam,
335 4769 441 4840 sigillo
464 4769 577 4826 nobilis
603 4769 662 4826 viri
686 4769 825 4842 magistri
848 4770 949 4828 Dauid
975 4770 1116 4827 vicebani
1133 4778 1163 4828 et
1180 4769 1302 4828 comitis
1325 4771 1422 4828 nostri
1438 4786 1488 4829 za-
