3488 5242
243 325 341 386 cerv
777 326 963 401 Argumenta.

244 606 300 656 181.
320 607 396 656 Anno
419 615 493 668 1341,
515 616 554 667 14
573 604 728 661 decembris.
747 605 777 655 In
796 604 935 670 Visegrad.
956 604 1110 670 Capitulum
1128 603 1235 670 ragrab.
1257 604 1329 654 iussu
1348 528 1497 654 an

320 694 408 744 dorici
427 695 581 760 Hungariac
598 702 645 744 etc.
665 694 735 760 regis
763 694 790 743 in
808 708 884 743 usum
911 693 1124 759 praesigendum
1152 693 1348 745 immunitatum
1367 692 1400 743 ab

319 783 391 832 omni
409 784 546 834 exactione
564 783 628 841 vini,
646 782 720 832 bladi
738 786 765 831 et
784 782 954 832 denariorum
971 782 1005 832 ad
1021 786 1136 832 castrum
1149 781 1271 839 Medved,
1284 781 1399 831 immune

318 870 1251 922 statuitur
1261 895 1391 909 ········
1456 871 1504 929 158

246 979 304 1030 182.
323 979 399 1027 Anno
421 985 495 1038 1343,
520 986 559 1035 13.
576 976 701 1041 januarii.
728 976 881 1042 Zagrabiae
910 975 1005 1026 Modus
1024 975 1147 1041 exigendi
1167 975 1267 1025 tributa
1286 974 1314 1024 iu
1334 974 1397 1025 eivi-

320 1069 372 1114 tate
390 1064 541 1122 Greebcnsi‚
561 1065 628 1114 inter
647 1064 794 1130 capitulum
814 1062 919 1129 zagrab.
939 1069 964 1114 et
983 1064 1119 1115 civitatem
1128 1063 1399 1121 montisGrechcnsis‚

319 1154 451 1203 communi
469 1168 602 1211 consenso,
622 1152 759 1203 stabilitur
766 1177 1235 1193 ···························
1246 1183 1269 1204 .·
1282 1177 1394 1192 ·······
1456 1160 1505 1214 159

244 1259 299 1316 183.
319 1259 395 1309 Anno
417 1268 491 1321 1343.
512 1258 612 1310 martii.
632 1258 882 1323 Quinqueecclesiis.
905 1258 1058 1324 Capitulum
1080 1257 1352 1322 quinqucecelesiense
1365 1258 1397 1307 de

319 1348 462 1398 statutione
487 1349 567 1413 capit.
586 1350 648 1398 eccl.
667 1349 773 1414 zagrab.
793 1348 819 1398 in
840 1362 914 1398 usum
938 1347 1061 1397 immunis
1079 1347 1224 1396 exactionis
1242 1346 1305 1404 vini,
1324 1345 1399 1395 bladi

317 1440 344 1485 et
361 1436 530 1487 denariorum
550 1437 584 1486 ad
603 1443 717 1486 castrum
738 1436 858 1494 Medsed‚
879 1436 977 1486 Carolo
998 1435 1153 1500 Hungariae
1171 1440 1220 1485 etc.
1240 1434 1296 1501 regi
1311 1434 1398 1484 refert.

241 1543 298 1603 184.
317 1545 393 1593 Anno
408 1552 482 1604 1343.
501 1553 540 1602 15.
554 1544 652 1594 martii.
672 1544 810 1595 Arinionc.
826 1543 943 1607 Georgio
957 1541 1074 1592 Grobine
1088 1556 1102 1590 a
1116 1548 1189 1606 pont.
1204 1541 1337 1591 Clemente
1350 1540 1397 1595 lv.

317 1630 453 1683 confertur
472 1631 639 1682 canonicatus
658 1632 722 1683 ecel.
742 1631 848 1696 zagrab.
863 1653 1386 1669 ·····························
1449 1630 1497 1687 163

241 1737 297 1795 185.
318 1737 393 1787 Anno
416 1747 559 1799 134315.
580 1739 678 1788 martii.
699 1737 837 1788 Arinione.
866 1735 979 1800 Jacobus
1000 1736 1139 1802 episcopus
1168 1734 1348 1785 chanadiensis
1367 1735 1400 1784 ad

317 1827 452 1876 ecclesiam
471 1829 576 1893 zagrab.
596 1826 755 1877 transfertur
770 1831 796 1876 et
815 1825 847 1874 de
866 1839 939 1875 more
959 1824 1157 1874 commendatur
1173 1849 1393 1864 ·············
1456 1823 1502 1883 163

250 1933 298 1983 186
327 1934 404 1983 Anno
426 1943 500 1995 1343.
527 1942 551 1989 7.
570 1933 642 1984 maii.
666 1932 806 1983 Arinione.
833 1932 912 1982 Petro
932 1930 1049 1995 Georgia
1073 1937 1098 1979 et
1121 1928 1217 1994 Joanni
1237 1931 1398 1981 Vuleonisa

317 2027 391 2086 pont.
410 2022 542 2072 Clemente
562 2021 608 2072 Vl.
626 2020 761 2073 confertur
781 2021 949 2070 canonicatus
967 2019 1030 2068 eccl.
1050 2019 1169 2083 zagrab.·
1182 2045 1187 2056 ·
1199 2045 1205 2057 ·
1217 2044 1222 2052 =
1235 2045 1241 2056 ·
1253 2045 1259 2056 ·
1271 2045 1276 2056 ·
1289 2043 1295 2058 ·
1307 2045 1312 2056 ·
1325 2043 1330 2057 ·
1344 2045 1348 2056 ·
1361 2046 1366 2056 ·
1379 2045 1385 2057 ·
1450 2020 1495 2077 165

242 2127 297 2181 187.
318 2128 394 2177 Anno
415 2137 489 2190 1343.
512 2137 551 2185 15.
571 2127 643 2179 maii.
659 2126 798 2178 Arinione.
816 2126 904 2176 Blasio
923 2126 989 2184 viri,
1010 2125 1156 2190 Lupiean.
1170 2126 1276 2189 zagrab.
1289 2139 1304 2173 a
1317 2130 1391 2191 pont.

319 2215 453 2266 Clemente
471 2215 518 2266 v1.
546 2217 701 2282 indulgetur
729 2220 758 2265 ut
786 2219 903 2265 curatam
930 2214 993 2264 eccl.
1022 2230 1042 2262 s.
1062 2212 1201 2262 Michaelis
1225 2214 1256 2262 de
1277 2212 1352 2278 Ugra
1372 2219 1398 2264 et

317 2304 401 2352 altare
420 2303 445 2353 b.
465 2320 489 2354 v.
508 2303 609 2354 Mariae
628 2304 655 2354 in
674 2304 737 2353 eccl.
757 2304 862 2368 zagrab.
883 2303 994 2352 retinere
1007 2301 1090 2367 possit
1097 2326 1389 2341 ·················

243 2409 298 2459 188.
320 2408 396 2458 Anno
419 2418 493 2470 1343.
520 2420 544 2460 2.
564 2406 640 2472 Julii.
665 2408 695 2459 ln
718 2409 838 2461 Modrui.
858 2408 982 2458 Nicolaus
1002 2406 1085 2458 banus
1103 2405 1341 2460 totius'Slavoniae
1360 2409 1397 2457 in·

317 2496 384 2547 vitat
402 2496 548 2562 capitulum
566 2497 629 2548 eccl.
648 2497 755 2562 zagrab.
775 2502 804 2547 ut
824 2497 964 2560 quomodo,
986 2496 1102 2559 qualiter
1122 2502 1148 2545 et
1162 2496 1194 2545 de
1208 2496 1306 2561 quibus
1319 2497 1398 2547 rcbns

317 2583 449 2634 tricesima
468 2584 595 2650 reginalis
613 2585 782 2651 exigebatur,
801 2585 919 2648 inquirat
938 2611 1069 2623 ········
1079 2613 1087 2660 .'
1102 2610 1392 2625 ·················

242 2673 297 2734 189.
317 2673 393 2722 Anno
422 2681 496 2735 1343.
521 2688 547 2736 4.
572 2672 648 2737 Julii.
675 2674 706 2725 In
725 2673 784 2725 foro
811 2674 930 2725 Modrus.
956 2673 1085 2724 Domnius
1104 2688 1190 2724 comes
1209 2675 1317 2740 Veglae‚
1341 2674 1397 2725 Mo·

318 2760 414 2811 drusae
425 2766 451 2811 et
466 2762 582 2829 Poiegae
597 2761 783 2828 investigando
797 2763 954 2830 solutionem
969 2761 1117 2812 tricesimae
1130 2762 1264 2828 reginalis,
1284 2763 1397 2813 Nicolao

320 2849 388 2899 bano
407 2851 439 2899 de
459 2850 550 2900 eadem
565 2851 646 2900 refert
653 2875 1392 2890 ··········································

243 2947 299 3000 190.
319 2939 394 2987 Anno
417 2948 490 2998 1343,
516 2950 540 2988 2.
560 2939 684 3003 Augusti.
710 2938 865 3004 Zagrabiae.
892 2937 1046 3003 Capitulum
1070 2939 1134 2989 eccl.
1154 2940 1260 3003 zagrab.
1285 2939 1396 2988 Nicolao

319 3025 389 3076 bano
409 3025 491 3076 totius
509 3026 648 3078 Slavoniae
667 3027 700 3076 de
718 3028 798 3076 modo
821 3026 966 3076 exactionis
987 3026 1137 3077 tricesimae
1160 3027 1294 3092 reginalis
1314 3027 1396 3078 refert

242 3123 297 3176 191.
317 3117 392 3164 Anno
415 3125 488 3176 1343,
509 3118 531 3165 8.
552 3115 673 3180 Augusti.
694 3116 784 3167 Crisii.
805 3116 931 3166 Nicolaus
950 3117 1033 3166 banus
1054 3117 1133 3167 totius
1152 3115 1290 3167 Slavoniae
1308 3118 1335 3166 in
1354 3132 1398 3182 ge-

317 3203 402 3252 nerali
420 3204 494 3269 regni
505 3204 716 3269 congregatione,
730 3203 808 3253 Crisii
823 3204 964 3262 celebrata,
979 3205 1086 3255 modurn
1099 3204 1225 3270 exigendi
1239 3205 1397 3255 tricesimam

318 3293 462 3357 reginalem
487 3292 611 3358 praefigit
618 3319 1392 3333 ············································

241 3388 296 3440 192.
317 3380 392 3429 Anno
415 3390 488 3442 1343,
499 3391 540 3439 25.
554 3381 678 3446 Augusti.
692 3382 771 3447 Apud
784 3382 884 3430 Villam
898 3396 1001 3435 norarn.
1016 3382 1131 3431 Martino
1144 3382 1256 3431 Wellini
1270 3397 1324 3431 ean.
1338 3383 1397 3432 stri·

318 3469 436 3533 goniensi
457 3485 472 3519 a
491 3474 562 3535 pont.
586 3469 719 3520 Clemente
741 3470 787 3521 Vl.
814 3469 976 3533 indulgetur,
995 3478 1025 3520 ut
1045 3471 1072 3520 in
1090 3473 1153 3520 cccl.
1174 3471 1278 3536 zagrab.
1293 3472 1395 3520 canoni-

317 3564 403 3608 catum
421 3564 447 3607 et
466 3558 642 3623 praebendam
660 3559 773 3608 retinere
792 3559 875 3623 possit
883 3584 1386 3598 ·····························
1473 3597 1480 3608 ,

243 3654 299 3707 193.
321 3646 397 3695 Anno
419 3656 492 3707 1343,
516 3648 554 3696 18.
574 3648 739 3711 septembris.
760 3646 840 3712 Apud
859 3647 960 3716 Villam
979 3661 1081 3697 novam.
1102 3647 1181 3696 Petro
1201 3648 1278 3697 Pauli
1298 3648 1330 3696 de
1343 3647 1396 3697 Du-

318 3733 396 3783 bicba
424 3749 438 3782 a
466 3740 538 3798 pont.
568 3734 700 3784 Clemente
727 3734 771 3785 vl.
800 3733 936 3785 confertur
961 3735 1074 3799 simplex
1103 3734 1259 3784 beneficium
1287 3735 1312 3783 in
1333 3737 1395 3784 ecel.

315 3822 478 3884 zagrabiensi
488 3847 906 3862 ·······················
918 3837 923 3848 ·
935 3848 1388 3862 ··························

242 3916 297 3970 194
318 3910 394 3958 Anno
420 3919 494 3970 1344.
525 3911 563 3960 18.
590 3910 729 3960 februarii.
761 3909 791 3959 ln
816 3910 956 3974 Visegrad.
982 3912 1131 3961 Concordia
1162 3911 1230 3961 inter
1256 3911 1396 3961 Nicolaum

318 3997 414 4048 bonum
433 4003 459 4048 ct
478 3999 617 4063 magistros
637 3997 797 4063 Stephanum
816 4005 896 4061 atque
914 3999 997 4057 arkes,
1018 3999 1088 4049 lilios
1106 3998 1167 4048 bani
1189 3999 1272 4048 ltlilric‘
1291 4001 1322 4048 de
1335 3999 1392 4062 qui-

318 4084 429 4135 busdam
447 4086 657 4152 possessionibus
677 4093 768 4136 mutuo
787 4085 928 4136 reddendis
936 4110 1389 4127 ··························

244 4181 299 4233 195.
321 4174 396 4223 Anno
420 4183 494 4235 1344,
523 4183 561 4231 13.
582 4174 683 4239 aprilis.
709 4174 864 4239 Zagrabiae.
890 4174 1015 4226 Nicolans
1041 4176 1123 4226 totius
1147 4176 1286 4227 Slavoniae
1313 4177 1396 4227 banus

319 4261 449 4312 tributum
468 4278 483 4312 a
502 4279 528 4311 se
549 4262 575 4312 in
594 4262 653 4314 vico
672 4263 829 4313 Latinorum
848 4263 1007 4322 ordinatum,
1027 4269 1145 4315 removet
1152 4291 1389 4303 ··············

243 4350 298 4410 196.
319 4352 395 4399 Anno
417 4359 492 4411 1341.
511 4366 536 4414 r).
556 4351 720 4416 septembris.
734 4352 886 4416 Zaigrabiae.
898 4351 1042 4401 Libertatis
1056 4352 1232 4418 privilegium
1246 4353 1396 4418 hospitibus

320 4436 346 4487 in
365 4452 432 4487 nova
451 4439 524 4491 villa,
545 4438 634 4503 „Lepa
652 4445 711 4489 res“
732 4438 933 4505 congregandis,
958 4440 1109 4506 acapitulo
1135 4440 1241 4504 zagrab.
1261 4442 1392 4504 elargitur
1483 4455 1496 4492 2

243 4532 298 4588 197.
318 4526 394 4574 Anno
415 4535 489 4587 1344.
512 4537 552 4577 11.
566 4526 724 4577 novembris
739 4526 894 4592 Zagrabiae.
913 4527 1041 4578 Nicolaus
1055 4528 1136 4579 totius
1148 4528 1287 4580 Slaroniae
1302 4530 1391 4585 banus,

318 4612 359 4663 ius
377 4619 405 4665 et
422 4615 527 4665 lucrum
548 4630 667 4666 camerae
685 4615 796 4674 banalis,
822 4616 944 4666 omnibus
967 4616 1043 4682 regni
1067 4616 1203 4667 nobilibus
1227 4618 1395 4683 congregatis

319 4701 405 4767 iisque
423 4704 653 4764 consentientibus,
672 4705 772 4773 Jacobo
791 4705 845 4756 ciri
863 4704 1015 4763 Greebensi,
1039 4715 1092 4764 300
1109 4705 1204 4756 marcis
1223 4706 1393 4756 denariorum

319 4797 439 4842 monetae
457 4792 566 4852 banalis,
590 4793 662 4845 locat
668 4817 1390 4834 ·········································
