3488 5242
526 332 596 387 Dae.
622 327 691 405 169.
718 341 775 406 170
813 367 848 373 —
874 332 929 388 An.
955 329 1166 410 saxi-w&
1423 355 1480 412 149

216 530 301 586 iuxta
333 545 456 587 murum
489 530 617 588 domum
657 533 792 603 regalem
825 548 880 604 per
913 547 967 589 vos
998 532 1066 589 heri
1100 539 1127 590 et
1152 534 1257 605 parari
1280 533 1482 604 iussissemus,

217 641 312 706 quam
336 636 462 692 omnino
486 636 552 693 fieri
577 639 723 695 volumus
748 638 776 695 in
802 638 927 707 eadem;
953 644 1055 695 tamen
1087 654 1198 712 magne
1222 645 1311 713 porte
1335 654 1483 713 prepara·

215 742 343 811 cionem,
367 757 461 814 quam
486 742 560 800 dicti
585 744 668 800 cives
692 745 789 801 nostri
812 758 869 800 vos
885 744 968 801 velle
985 743 1086 801 facere
1102 759 1202 818 prope
1219 746 1319 818 ipsam
1345 753 1482 802 nostram

215 846 353 916 domurn,
377 847 482 904 dicunt
507 848 596 905 nobis
620 865 676 921 per
699 865 807 907 eorum
833 849 961 906 nuncios
986 850 1146 906 humiliter
1172 850 1357 918 nunciantes,
1381 850 1483 906 nollu-

216 968 285 1008 mus
310 967 454 1024 magnam
480 959 613 1026 portam,
636 954 688 1011 sed
714 955 880 1028 portellam
906 970 1080 1028 perquam
1103 971 1183 1012 unus
1203 970 1301 1027 equus
1324 956 1408 1012 exire
1432 955 1482 1011 vel

216 1060 329 1115 intrare
350 1059 452 1115 valeat
475 1060 540 1116 sine
563 1061 687 1129 lesione,
712 1062 880 1134 preparari.
906 1061 1010 1134 Quare
1033 1060 1225 1134 precipimus
1240 1061 1331 1117 vobis
1351 1060 1484 1118 firmiter

216 1181 272 1237 per
296 1171 459 1237 presentes,
484 1173 634 1237 quatenus
665 1182 810 1238 magnam
843 1171 965 1240 portam
996 1167 1026 1222 in
1058 1167 1126 1239 ipso
1156 1166 1225 1224 loco
1250 1182 1360 1239 parare
1383 1166 1483 1223 nulla·

217 1275 303 1326 tenus
327 1269 454 1340 faciatis,
478 1270 530 1327 sed
556 1286 688 1344 parvam
711 1277 843 1345 portam,
868 1279 961 1346 prout
984 1271 1120 1329 diximus
1144 1272 1220 1329 inibi
1244 1272 1313 1329 fieri
1328 1271 1482 1343 facientes

216 1376 421 1433 custodientes
445 1393 501 1450 per
524 1378 628 1434 omnia
659 1383 689 1434 et
718 1387 869 1448 caventes,
902 1378 985 1450 quod
1018 1394 1073 1435 nec
1104 1393 1160 1451 per
1190 1393 1247 1434 vos
1278 1393 1333 1435 nec
1364 1384 1483 1436 vestros

217 1481 367 1538 officiales
390 1482 526 1554 hospites
549 1490 671 1540 nostros
704 1483 742 1539 de
773 1483 882 1541 eadem
913 1485 944 1541 in
978 1485 1118 1556 ipsorum
1141 1484 1262 1541 iuribus
1285 1485 1481 1557 perturbetis,

216 1603 323 1644 eorum
348 1589 506 1645 libertates
530 1588 711 1661 infrigendo.
737 1590 851 1646 Datum
876 1590 905 1647 in
927 1589 1125 1662 Wyssegrad,
1149 1591 1179 1646 in
1199 1590 1306 1662 vigilia
1322 1591 1405 1647 beati
1421 1592 1484 1647 An·

217 1692 290 1749 dree
313 1695 454 1766 apostoli.
479 1695 568 1751 Anno
592 1694 710 1752 domini
735 1694 933 1751 MCCCXXX
958 1696 1073 1768 quinte.

306 1810 445 1873 Originale
473 1811 497 1860 in
524 1812 681 1860 membrana.
708 1811 867 1876 Impressum
891 1828 905 1860 a
932 1822 1007 1876 tergo
1032 1811 1159 1876 sigillum,
1185 1812 1307 1876 deperiit.
1334 1812 1363 1861 In
1383 1812 1482 1862 archiv.

218 1901 297 1947 head.
318 1899 411 1949 Scient.
433 1900 502 1949 Slav.
523 1899 613 1949 merid.
635 1901 708 1966 Joan.
731 1900 897 1965 liukuijevic'.
917 1901 1003 1951 Arkiv
1022 1918 1051 1950 za
1071 1900 1173 1966 povicst
1190 1902 1286 1966 jugosl.
1308 1901 1325 1950 1.
1346 1917 1371 1966 p.
1385 1911 1444 1951 201.

805 2043 891 2110 169.

326 2169 409 2223 Anno,
433 2176 506 2223 1335,
528 2177 566 2228 29.
588 2166 745 2216 novembris.
767 2167 795 2216 In
816 2166 953 2230 Visegrad.

254 2275 374 2332 Carolus
398 2276 572 2347 Hungariae
595 2284 641 2333 etc.
666 2294 728 2344 rex,
750 2277 834 2333 totitas
859 2277 1015 2334 Slarnintirc
1044 2277 1118 2333 batto
1150 2277 1248 2334 Miktc'
1257 2279 1411 2350 praecipit,
1434 2297 1453 2333 a

261 2384 350 2438 anneis
372 2383 476 2438 cineam
506 2382 718 2449 Grccltensinnt,
742 2395 781 2437 aa
803 2402 885 2439 nsum
908 2383 998 2439 castri
1018 2401 1166 2439 ntcnsnras
1190 2384 1254 2438 atini
1274 2401 1308 2439 ne
1332 2384 1437 2456 exigat.

309 2507 442 2563 Karolus
466 2508 514 2565 dei
538 2510 642 2580 gracia
658 2525 712 2565 rex
730 2509 893 2580 Hungarie.
912 2508 1009 2565 Fideli
1030 2524 1086 2566 suo
1104 2508 1271 2580 magnifico
1286 2510 1355 2565 viro
1372 2509 1483 2580 Mykch

217 2614 297 2669 bano
321 2614 418 2670 tocius
442 2613 612 2684 Sciauonie,
636 2615 769 2671 salutem
792 2621 822 2671 et
846 2615 991 2686 graciam.
1009 2614 1173 2682 Noveritis,
1194 2613 1277 2686 quod
1303 2614 1483 2671 Franciscus

219 2718 311 2775 iudex
335 2727 365 2775 et
389 2720 558 2776 Lambinus
582 2719 739 2792 quondam
765 2720 856 2777 iudex
881 2721 1013 2777 civitatis
1037 2728 1139 2776 nostre
1163 2720 1253 2776 castri
1278 2721 1391 2776 montis
1408 2719 1484 2777 Gre-

218 2826 316 2881 censis
340 2825 377 2881 de
402 2825 561 2895 Zagrabia
594 2827 696 2882 nuncii
730 2826 869 2882 fidelium
902 2827 1060 2898 hospitum
1092 2834 1269 2882 nostrorum
1300 2825 1338 2882 de
1366 2826 1484 2896 eadem,

219 2938 320 2987 nostre
344 2931 514 2987 serenitatis
538 2931 684 2987 adeuntes
701 2932 900 3004 presenciam,
918 2932 1041 2988 nomine
1056 2931 1155 2988 tocius
1171 2932 1379 2988 universitatis
1395 2932 1484 2989 nobis

219 3044 446 3109 proposuerunt
469 3044 698 3109 conquerentes
715 3037 797 3109 (ruod
814 3052 867 3092 vos
884 3053 977 3109 super
994 3037 1077 3108 ipsos
1092 3041 1122 3093 et
1138 3035 1177 3092 de
1193 3050 1301 3093 eorum
1314 3036 1410 3093 vineis
1427 3053 1484 3110 pro

220 3159 274 3198 usu
300 3142 391 3198 castri
416 3144 553 3213 singulas
577 3159 736 3199 mensuras
760 3144 832 3213 vini,
856 3158 916 3214 que
943 3142 1071 3213 cybrion
1103 3150 1261 3207 vocantur,
1284 3144 1407 3213 exigere
1430 3159 1484 3199 vo·

219 3247 352 3304 inissetis
377 3255 406 3304 et
430 3249 531 3305 adhuc
555 3250 711 3322 peteretis;
739 3265 835 3320 quare
850 3248 994 3305 fidelitati
1010 3256 1111 3304 vestre
1128 3246 1260 3304 firmiter
1277 3249 1483 3320 precipientes

221 3352 411 3423 mandamus,
436 3361 585 3425 quatenus
610 3356 692 3426 ipsos
716 3355 878 3425 cyhriones
902 3354 967 3409 vini
987 3368 1081 3425 super
1104 3367 1166 3422 eos,
1190 3353 1216 3409 si
1240 3353 1300 3425 ipsi
1317 3353 1404 3424 prius
1424 3368 1484 3410 non

220 3460 379 3516 solverunt
402 3476 457 3516 nec
481 3460 639 3529 dederunt,
664 3461 801 3532 recipere
817 3476 869 3515 seu
887 3459 1009 3530 exigere
1033 3459 1209 3515 nullatenus
1232 3461 1486 3532 presumpmatis‚

218 3573 247 3620 et
271 3566 328 3621 hoc
353 3564 434 3622 idem
459 3567 648 3639 precipimus
674 3563 840 3638 banis'pro
865 3570 1005 3638 tempore
1028 3564 1249 3622 constituendis
1272 3565 1404 3622 firmiter
1428 3565 1484 3621 ob·

219 3671 414 3727 servandum.
439 3672 552 3727 Datum
589 3673 618 3728 in
642 3671 840 3743 Wyssegrad,
874 3672 902 3727 in
935 3671 1043 3743 vigilia
1075 3670 1155 3726 beati
1189 3670 1311 3727 Andree
1339 3672 1482 3744 apostoli.

220 3780 309 3833 Anno
332 3777 450 3834 domini
475 3778 672 3834 ttttcexxx
697 3779 811 3850 quinto.

307 3894 447 3957 Originale
467 3895 492 3944 in
513 3896 670 3952 membrana,
690 3911 704 3944 a
725 3904 801 3958 tergo
820 3895 939 3960 sigillum
958 3896 1086 3951 avulsum,
1100 3896 1149 3945 sub
1163 3910 1230 3958 quo:
1252 3894 1367 3952 „relacio
1381 3895 1486 3945 comitis

219 3984 326 4045 capelle,
347 3982 418 4031 Petri
440 3983 593 4048 prepositi.“
618 3984 647 4033 In
666 3983 764 4033 archiv.
784 3986 794 4033 l
821 4000 842 4032 r.
862 3983 933 4033 civit.
953 3983 1057 4049 zagrab.

812 4127 897 4195 170.

325 4254 399 4299 rinno
424 4257 496 4308 1330,
517 4262 556 4311 24.
578 4250 742 4316 septembris.
763 4238 877 4300 (asmae.

263 4362 420 4418 ladislaus
443 4362 522 4434 ept'sc.
547 4362 661 4433 ansgrad.
686 4381 737 4418 sua
759 4364 882 4434 ccmttnla
905 4363 939 4419 ilc
955 4362 1087 4436 praediis
1102 4361 1321 4420 cattant'calt'bus
1335 4362 1441 4418 colonis
1488 4369 1490 4372 ’

441 4468 659 4540 ‹rtcgtnentatnlt's
681 4475 709 4524 et
722 4468 853 4542 prosim
875 4468 1091 4525 manutenendis
1108 4468 1259 4540 praecipit.

309 4595 478 4663 ladizlaus,
503 4595 552 4652 dei
576 4602 605 4652 et
628 4596 797 4668 apostolice
828 4594 908 4651 sedis
938 4594 1050 4666 gracia,
1077 4593 1285 4665 zagrabiensis
1310 4595 1482 4666 episeopus.

220 4700 367 4757 Discretis
390 4711 420 4757 et
444 4701 578 4758 honestis
608 4703 692 4771 viris,
723 4701 786 4758 suis
817 4699 965 4759 fratribus
996 4701 1026 4757 in
1057 4699 1189 4769 Christo,
1218 4698 1355 4772 capitulo
1379 4703 1484 4756 nostre

221 4807 429 4879 zagrabiensis
454 4807 581 4864 ecclesie
604 4808 735 4866 salutem
760 4822 830 4863 cum
863 4805 1078 4864 benediccione
1109 4811 1245 4878 paterna
1269 4803 1425 4877 Quoniam
1448 4818 1485 4859 ex
