3488 5242
268 333 306 374 io
698 317 771 374 Doc.
797 331 843 394 13.
868 351 905 360 -
931 319 987 375 An.
1013 330 1098 394 1235.

264 513 393 571 donacio
424 529 485 572 non
516 517 614 589 possit
645 517 675 573 in
706 517 829 573 irritum
859 503 965 589 aliquo
999 522 1140 590 tempore
1171 516 1326 586 revocari,
1357 522 1532 589 presentem

264 622 410 694 paginam
440 621 472 679 in
504 622 714 680 testimonium
743 624 839 680 nostri
863 622 959 695 sigilli
983 623 1156 679 munimine
1180 621 1324 679 dedimus
1347 622 1533 679 roboratam.

264 727 354 783 Anno
377 725 496 783 domini
519 726 728 786 MCCXXXV.

352 878 491 941 Originale
512 879 537 928 in
556 879 715 936 membrana,
735 879 854 943 sigillum
876 883 1003 930 avulsum.
1024 879 1055 929 In
1077 881 1146 930 arch.
1168 895 1223 930 ven.
1238 881 1314 945 capit.
1330 881 1434 944 zagrab.
1447 878 1531 946 Typis

263 966 392 1030 vulgavit,
414 967 477 1016 ivan·
495 967 610 1016 Tkalcic‘.
630 967 699 1017 lion.
714 968 778 1029 hist.
799 969 1001 1034 episcszagrab.
1023 985 1046 1033 p.
1069 978 1109 1026 75.
1446 967 1448 972 ’

370 1291 418 1336 Αη.
442 1297 515 1346 1235.
535 1288 688 1352 Zagrabiae.
871 1255 928 1320 13·

264 1413 452 1482 pancratius,
484 1417 613 1472 ccclesias
645 1417 839 1488 angrabiensis
862 1425 970 1485 cantor,
999 1419 1066 1473 emit
1086 1416 1123 1472 ab
1145 1417 1295 1473 ordinarii)
1320 1414 1464 1488 Stephano
1487 1415 1528 1472 II.

582 1530 689 1578 terram
718 1520 825 1596 Croglz,
855 1542 942 1597 quam
968 1521 1096 1596 capitulo
1118 1523 1213 1579 donat.

352 1678 525 1754 Stephanus
557 1681 605 1739 dei
636 1684 739 1755 gracia
771 1683 977 1756 zagrabiensis
1008 1684 1180 1757 episcopus.
1219 1682 1378 1741 Universis
1411 1680 1529 1737 litteras

263 1792 442 1857 presentens
466 1787 650 1864 inspecturis
673 1788 805 1845 salutem
822 1789 851 1846 in
868 1787 1003 1846 domino.
1028 1791 1203 1861 Agnoscent
1220 1786 1355 1843 universi
1374 1791 1530 1857 presentes

264 1898 292 1946 et
317 1889 411 1948 futuri
436 1892 513 1970 hanc
537 1893 680 1965 paginam
706 1895 881 1974 inspecturi,
920 1893 1002 1967 quod
1029 1894 1175 1965 magister
1200 1892 1394 1964 Pangracius,
1423 1896 1529 1947 cantor

263 1977 478 2078 ragrabiensis,
503 2013 607 2062 curam
632 2014 742 2072 gerens
765 2000 866 2057 anime
890 2017 951 2069 sue,
976 2008 1085 2074 utpote
1116 2001 1165 2057 vir
1188 1997 1358 2072 spiritualis
1382 2005 1412 2053 et
1436 1997 1530 2067 homo

264 2102 361 2158 tocius
394 2087 551 2176 religionis
575 2121 611 2161 ac
634 2106 821 2176 honestatis,¹
848 2107 1005 2182 ,quandam
1031 2112 1144 2164 terram
1171 2107 1200 2162 in
1224 2105 1415 2177 zagrabiensi
1438 2103 1529 2159 sitam

264 2209 427 2277 territorio,
459 2226 519 2281 que
550 2211 588 2267 ad
613 2220 717 2268 nostra
740 2219 842 2268 aratra
866 2213 1048 2286 pertinebat,
1080 2212 1170 2269 nobis
1194 2210 1320 2283 quidem
1344 2224 1404 2266 non
1428 2224 1530 2266 neces·

264 2307 375 2370 sariam
401 2307 530 2388 propter
552 2317 791 2390 amplitudinem
818 2319 1044 2390 possessionum
1069 2324 1099 2375 et
1122 2318 1243 2391 copiam
1261 2322 1445 2385 aratrorum,
1470 2331 1529 2386 que

264 2419 294 2474 in
319 2418 396 2476 locis
415 2421 558 2492 plurimis
577 2429 607 2479 et
623 2422 753 2480 diversis
770 2423 875 2481 divino
891 2423 1044 2481 adiutorio
1061 2423 1291 2496 acquisivimus,
1308 2420 1528 2489 ordinavimus

265 2525 545 2598 multiplicavimus
576 2527 799 2600 habundanter,
831 2530 979 2603 capitulo,
996 2544 1071 2586 vero
1094 2528 1284 2601 zagrabiensi
1309 2527 1475 2600 perutilem
1499 2532 1530 2581 et

262 2629 356 2686 valde
389 2632 565 2701 comodam.
598 2640 757 2706 tamquam
789 2635 873 2692 iuxta
906 2635 988 2709 ipsos
1019 2635 1199 2692 existentem
1231 2642 1260 2690 et
1288 2649 1339 2689 eos
1364 2631 1454 2688 nimis
1477 2646 1528 2688 an·

263 2744 446 2808 gustantem,
479 2749 508 2795 et
531 2741 605 2811 quia
628 2741 687 2813 ipsi
712 2740 885 2813 plurimum
909 2723 1102 2813 indigebant,
1134 2747 1164 2797 et
1188 2740 1227 2797 de
1250 2755 1311 2811 qua
1334 2752 1445 2810 guerra
1470 2735 1529 2792 fre-

266 2843 466 2914 quentissima
480 2885 482 2889 .
497 2851 526 2901 et
552 2844 707 2903 discordia
730 2847 888 2903 oriebatur
912 2847 990 2904 inter
1013 2854 1149 2903 nostram
1174 2845 1326 2902 familiam
1348 2850 1378 2898 et
1401 2842 1528 2914 capituli

264 2947 449 3020 supradicti,
481 2965 538 3022 pro
570 2950 695 3023 triginta
725 2967 900 3009 marcarum
933 2953 1036 3024 precio
1068 2952 1127 3008 sibi
1159 2949 1250 3007 vendi
1281 2947 1464 3022 postulavit,
1496 2956 1528 3003 ut

258 3059 401 3125 <emptam
434 3054 471 3110 ad
504 3055 667 3113 utilitatem
699 3065 727 3114 et
760 3058 980 3130 proprietatem
1012 3056 1190 3114 transferret
1221 3054 1348 3128 capituli
1381 3052 1528 3125 sepedicti

265 3168 415 3231 perpetuo
439 3161 664 3232 possidendam.
691 3162 751 3219 Nos
775 3163 869 3234 igitur
893 3164 978 3236 piam
1001 3163 1074 3220 dicti
1097 3162 1229 3219 cantoris
1253 3160 1458 3217 intencionem
1474 3157 1526 3213 be·

264 3264 358 3336 nigno
389 3264 495 3322 favore
527 3276 745 3339 prosequentes
777 3275 806 3325 et
837 3275 1013 3325 nostrorum
1046 3267 1175 3325 fratrum
1206 3266 1331 3322 utilitati
1365 3271 1528 3338 procurata

267 3370 476 3428 sollicitudine
495 3373 583 3429 iuxta
606 3380 743 3430 nostram
768 3374 1018 3431 consuetudinem
1048 3372 1261 3446 providentes,
1293 3370 1435 3444 peticioni
1458 3383 1528 3425 con-

266 3474 483 3533 descendentes
506 3479 638 3535 cantoris
653 3478 791 3551 sepefati,
807 3486 1067 3552 prememoratam
1086 3486 1199 3535 terram
1216 3475 1411 3533 vendidimus
1427 3472 1526 3530 eidem

267 3595 324 3651 pro
347 3582 451 3653 precio
476 3589 644 3656 pretaxato
670 3586 699 3641 in
724 3586 770 3641 ius
794 3593 822 3641 et
848 3585 1070 3657 possessionem
1096 3582 1302 3655 zagrabiensis
1318 3581 1446 3653 capituli
1462 3582 1527 3637 sine

266 3685 370 3757 aliqua
394 3689 552 3745 occasione
575 3698 604 3746 et
632 3690 783 3748 dilacione
811 3690 1047 3759 devolvendam
1072 3699 1101 3747 et
1125 3689 1263 3762 precium
1287 3687 1459 3759 recepimus
1485 3687 1528 3743 in-

266 3792 424 3862 tegraliter
451 3793 488 3850 ad
525 3796 689 3853 utilitatem
722 3803 825 3854 nostre
857 3797 984 3853 ecclesie
1015 3795 1092 3852 illud
1126 3793 1261 3851 totaliter
1291 3796 1458 3863 erogantes.
1487 3792 1528 3849 Ut

265 3903 367 3953 antem
392 3899 511 3970 prefata
535 3900 675 3958 vendicio
700 3909 880 3975 perpetuam
898 3902 1010 3958 habeat
1028 3908 1056 3958 et
1073 3898 1320 3970 irrefragabilem
1338 3897 1527 3966 firmitatem,

266 4011 422 4074 presentes
452 4004 593 4063 dedimus
625 4007 742 4064 litteras
772 4008 868 4080 sigilli
900 4007 993 4063 nostri
1030 4006 1199 4063 munimine
1230 4005 1397 4059 roboratas.
1439 4004 1526 4059 Anno

265 4106 382 4166 domini
407 4110 615 4170 MCCXXXV.
642 4113 837 4172 Pontificatus
861 4114 955 4171 nostri
979 4128 1058 4170 anno
1082 4112 1210 4168 decime.

356 4263 495 4325 Originaie
521 4265 643 4330 deperiit.
671 4266 875 4330 Transumptum
897 4272 970 4315 extat
989 4266 1014 4315 in
1034 4266 1105 4314 libro
1124 4265 1258 4312 acolarato
1277 4277 1320 4309 scu
1344 4261 1368 4309 in
1388 4260 1458 4308 libro
1478 4268 1527 4309 sta·

266 4355 383 4398 tutorum
409 4350 520 4414 capituli
544 4354 657 4415 zagrab,
683 4339 838 4418 super'qno
864 4354 900 4403 ita
925 4353 1045 4415 loquitur
1070 4352 1162 4400 index:
1194 4348 1334 4410 ,Sequitur
1364 4355 1437 4396 tenor
1458 4347 1526 4396 litte·

266 4438 355 4486 rarum
375 4438 475 4487 domini
495 4440 618 4505 Stephani
640 4441 757 4506 episcopi
772 4441 948 4505 zagrabiensis
962 4456 1040 4505 snper
1055 4447 1126 4489 terra
1139 4446 1228 4486 nostra
1242 4435 1331 4500 Crogh
1346 4451 1413 4484 nunc
1427 4441 1525 4485 vocata.

267 4525 337 4573 ultra
365 4527 508 4575 claustrum
532 4528 614 4578 sancti
633 4529 752 4586 Nicolai,
779 4529 891 4579 fratrum
913 4529 1124 4581 predicatorum.
1151 4523 1299 4577 constituta.
1328 4539 1380 4586 que
1400 4529 1470 4571 terra
1489 4528 1527 4572 est

266 4612 378 4662 deducta
403 4616 434 4662 ad
461 4615 593 4665 modicum
616 4617 746 4681 spacium,
772 4619 817 4666 scd
837 4618 901 4667 olim
921 4633 971 4666 non
998 4623 1069 4665 tanta
1094 4614 1173 4663 fuisse
1199 4611 1329 4667 creditur,
1356 4609 1526 4659 consideratis

267 4699 343 4749 metis
361 4702 470 4751 ecclesie
489 4708 577 4752 nostre
596 4711 622 4754 et
641 4703 854 4756 Grechensium.“
870 4705 953 4772 Typis
967 4703 1094 4768 vulgavit.
1113 4704 1187 4767 Joan.
1201 4698 1323 4748 Tkalcie‘:
1344 4698 1412 4748 Mon.
1432 4697 1524 4745 histor.

267 4787 345 4851 episc.
366 4790 469 4853 zagrab.
490 4792 534 4840 vol
562 4790 582 4840 1.
601 4808 626 4856 p.
647 4793 759 4847 noi-01.
780 4793 813 4842 11.
832 4809 857 4858 p.
878 4803 933 4851 130.
953 4791 1059 4842 Fariati.
1080 4790 1146 4840 Illir.
1166 4803 1231 4838 sacr.
1253 4793 1314 4846 torn,
1334 4786 1365 4834 V.
1385 4801 1403 4850 p
1429 4785 1489 4843 367.
