3480 5264
234 357 252 412 4
584 329 655 391 Dae.
679 328 707 390 6.
731 349 757 410 7.
785 365 822 374 -
848 334 903 390 An.
930 346 1136 411 1215—1217.

234 535 387 609 preminet
410 539 492 591 meta
515 538 623 600 terrea,
647 531 685 589 de
708 532 779 588 hinc
801 531 945 604 gradiens
969 548 1025 605 per
1045 549 1169 590 cursum
1194 531 1284 590 Sawa
1303 532 1498 606 pervenitad

234 639 448 698 molendinum
471 638 657 712 episcopale,
681 653 743 710 quo
766 638 888 695 rivulus
904 639 957 710 qui
973 637 1087 696 dicitur
1102 638 1253 695 Tornewa
1270 637 1368 696 inlluit
1387 637 1500 695 tlumen

234 746 331 815 Sawa,
356 746 443 803 illinc
467 760 575 802 versus
597 744 851 818 septemtrionem
875 744 937 801 itur
960 742 998 800 ad
1022 744 1167 801 arborem
1192 745 1310 817 platani
1338 745 1501 816 signatam,

234 852 320 909 iuxta
343 865 437 923 quam
461 856 521 908 seat
543 854 626 907 meta
650 849 688 906 de
711 849 832 922 sespite,
856 848 998 906 dividens
1023 856 1136 906 terram
1161 850 1289 907 ecclesie
1311 865 1330 906 a
1353 855 1434 907 terra
1449 865 1501 907 cu·

235 956 359 1015 iusdam
381 956 525 1025 hominis,
549 954 631 1013 Cena
654 955 786 1024 nomine,
810 955 897 1012 illinc
920 954 1064 1027 dirigitur
1089 971 1145 1028 per
1164 955 1277 1012 silvam
1297 971 1396 1027 usque
1412 971 1503 1028 quer-

234 1077 306 1119 cum
328 1061 368 1119 ad
392 1066 508 1118 metam
531 1066 721 1131 renovatam,
746 1059 784 1117 de
807 1061 878 1117 hinc
901 1059 1096 1133 protenditur
1118 1076 1175 1133 per
1190 1076 1336 1134 campum
1361 1060 1400 1117 ad
1423 1061 1502 1118 vini-

237 1173 318 1225 tores
340 1168 422 1240 regis
445 1175 475 1224 et
499 1173 613 1224 metam
638 1165 676 1223 de
699 1166 823 1239 cespite,
848 1166 934 1223 illinc
957 1182 1014 1239 per
1036 1167 1150 1223 silvam
1166 1165 1311 1238 dirigitur
1334 1166 1373 1223 ad
1397 1167 1501 1224 rivum

237 1273 363 1330 maioris
386 1273 498 1342 Blisna,
522 1288 540 1328 a
564 1287 627 1344 quo
649 1271 806 1343 usquead
830 1271 927 1329 alium
951 1272 1099 1341 rivulum,
1116 1272 1169 1343 qui
1185 1273 1287 1329 minor
1311 1271 1414 1329 Blisna
1430 1271 1503 1328 dici·

237 1386 296 1447 tur,
322 1385 402 1436 terra
425 1379 612 1452 episcopalis
635 1378 734 1435 llllor.
759 1377 868 1434 aratris
899 1383 1041 1435 contenta
1072 1377 1275 1450 protenditur.
1299 1378 1375 1435 Item
1400 1393 1418 1434 a
1439 1392 1503 1433 ma·

237 1485 296 1542 iori
319 1484 422 1541 Blisna
445 1501 552 1541 versus
582 1484 835 1557 septemtrionem
868 1483 1013 1555 dirigitur
1043 1482 1083 1540 ad
1114 1483 1223 1541 villam
1248 1484 1384 1553 ecclesie,
1410 1498 1503 1555 quam

236 1591 333 1647 tenuit
358 1589 492 1647 Baranus
516 1589 656 1659 decanus,
681 1589 751 1646 inde
773 1588 969 1662 protenditur
992 1604 1047 1662 per
1071 1589 1186 1645 vallem
1211 1605 1308 1661 usque
1331 1588 1370 1646 ad
1389 1597 1505 1645 metam

238 1695 406 1770 Turpigna,
430 1696 484 1754 ubi
507 1702 654 1754 renovata
677 1701 722 1753 est
745 1703 837 1765 meta,
860 1693 931 1752 inde
954 1710 1029 1751 vero
1051 1711 1108 1768 per
1131 1711 1280 1767 magnum
1303 1701 1441 1753 montem
1464 1692 1501 1750 ad

238 1817 381 1873 magnam
406 1808 543 1870 stratam,
567 1803 610 1859 ibi
635 1807 782 1858 renovata
813 1808 858 1857 est
889 1807 972 1857 meta
995 1801 1025 1859 in
1049 1801 1161 1857 arbore
1189 1816 1363 1874 pomorum,
1394 1798 1504 1857 deinde

236 1905 333 1963 tendit
355 1924 411 1981 per
433 1908 549 1964 vallem
580 1906 619 1964 ad
650 1906 779 1963 fluvium
813 1906 900 1976 Deze,
931 1906 985 1979 qui
1016 1907 1046 1963 in
1077 1905 1138 1963 fine
1169 1907 1282 1963 montis
1315 1907 1383 1962 lxes
1407 1904 1505 1963 intluit

239 2011 368 2068 fluvium
393 2014 594 2073 Circunizam.
619 2014 672 2084 qui
697 2011 762 2069 lluit
787 2028 842 2085 per
866 2011 1058 2083 Zagrabiam.

325 2164 433 2215 Initium
453 2165 512 2223 aeti,
530 2181 584 2228 quo
599 2164 732 2214 Emericus
746 2165 899 2229 ilungariae
912 2173 958 2214 etc.
973 2181 1028 2217 rex,
1042 2172 1123 2215 metas
1142 2173 1273 2215 terraram
1287 2180 1316 2213 ac
1330 2165 1501 2229 praediorum

241 2267 323 2315 ,quae
343 2254 502 2302 monasterio
520 2254 625 2315 zagrab.
651 2254 746 2303 deeora
770 2253 882 2304 contulit
906 2254 1075 2316 antiquitas“,
1094 2262 1210 2303 recenset
1230 2262 1255 2303 cl
1275 2252 1419 2302 confirmat.
1444 2252 1505 2302 Ori·

238 2341 327 2404 ginale
347 2341 372 2389 in
392 2342 550 2393 membrana,
569 2341 688 2406 sigillum
708 2343 827 2391 avulsum
851 2349 896 2399 est,
921 2344 1006 2391 solum
1029 2343 1161 2406 appendet
1185 2342 1284 2390 sericea
1303 2356 1367 2390 zona
1385 2341 1461 2390 rubri
1481 2348 1506 2390 et

240 2429 335 2478 viridis
355 2429 459 2478 coloris.
484 2429 514 2478 In
540 2429 648 2479 archivo
675 2445 730 2479 ren.
756 2430 867 2494 capituli
890 2432 994 2496 zagrab.
1021 2429 1080 2479 fasc.
1107 2440 1126 2478 1.
1147 2446 1185 2478 nr.
1207 2438 1246 2488 37.
1267 2430 1359 2479 Exstat
1382 2429 1461 2478 etiam
1481 2429 1507 2479 iu

240 2516 443 2567 confirmatoriis
462 2517 587 2581 Gregorii
608 2517 656 2567 lx.
677 2519 770 2582 Papae,
791 2534 829 2568 an.
854 2527 925 2573 1227.
954 2528 991 2567 10.
1014 2518 1083 2582 julii.
1107 2518 1133 2566 in
1155 2519 1247 2567 codem
1272 2517 1380 2567 archivo
1403 2516 1463 2567 fasc.
1487 2528 1506 2566 1.

240 2620 278 2653 nr.
298 2615 339 2666 41.
360 2606 458 2656 Edidit.
478 2608 551 2671 Joan.
572 2605 687 2657 Tkalcic.
708 2606 776 2655 Mon.
797 2606 855 2656 hist.
882 2607 960 2671 episc.
981 2607 1083 2669 zagrab,
1105 2614 1165 2656 tom.
1186 2605 1204 2655 1.
1224 2622 1248 2670 p.
1273 2614 1379 2655 11-12.

858 2894 894 2957 6.

347 2963 424 3012 Circa
444 2977 483 3011 an.
508 2970 569 3019 1215

244 3089 411 3162 Stephanus
440 3091 463 3146 l.
495 3092 640 3162 epe'seapas
668 3090 754 3163 effert
774 3090 899 3162 cape‘tula
922 3090 1107 3160 aaarabe'ensi
1127 3090 1170 3145 αιί
1185 3107 1362 3148 romanoram
1385 3109 1509 3148 neearsam

544 3197 675 3253 ducentas
689 3204 795 3268 pareas
817 3204 845 3253 et
865 3194 980 3254 ata'dem
1004 3196 1118 3252 credulas
1141 3196 1210 3251 viai.

333 3357 416 3421 ltem,
442 3373 537 3429 quum
566 3363 738 3414 antecessor
765 3363 876 3428 noster,
906 3359 985 3413 bone
1012 3359 1168 3428 memorie,
1193 3358 1366 3431 Stephanus
1394 3359 1509 3416 eisdem

244 3461 412 3519 donaverat
448 3462 595 3519 ducentos
626 3478 736 3536 porcos
767 3468 796 3519 et
827 3463 956 3519 totidem
987 3463 1117 3520 cubulos
1149 3465 1211 3520 vini
1242 3464 1280 3520 ad
1314 3480 1510 3521 communem

244 3584 383 3624 mensam
416 3568 566 3639 fratrum,
598 3568 685 3625 annis
712 3569 842 3641 singulis
869 3579 1090 3642 proventurOS,
1118 3568 1319 3626 donacionem
1347 3570 1436 3626 illam
1461 3584 1512 3625 vo·

244 3672 348 3729 lumus
373 3673 546 3731 observare.

332 3826 419 3876 Huius
439 3827 591 3877 donacionis
610 3828 708 3877 mentio
729 3827 758 3877 fit
778 3828 804 3876 in
823 3827 920 3877 litteris
934 3827 1059 3891 Stephani
1074 3827 1106 3876 II.
1121 3829 1199 3892 episc.
1216 3829 1320 3893 zagrab.
1335 3829 1367 3877 de
1380 3844 1419 3877 an.
1438 3838 1510 3886 1237.

245 3915 305 3965 vide
326 3913 394 3964 infra
414 3930 452 3963 nr.
476 3924 514 3976 14.

352 4192 399 4238 An.
424 4198 496 4244 1217.
515 4190 668 4253 Zagrabiac.

248 4317 381 4374 Andreas
397 4316 438 4372 ll.
455 4317 633 4390 Hueegrariae
647 4324 694 4373 etc.
711 4336 764 4374 rex
774 4319 993 4392 prafireiscenda
1009 4319 1051 4376 aa!
1070 4328 1178 4376 terram
1198 4328 1329 4377 sanctam
1348 4321 1514 4393 Zagrabeae

249 4441 357 4479 azaram
380 4422 508 4492 trahens,
538 4425 683 4482 ecclesiam
714 4424 905 4482 cathedralem
922 4435 980 4498 per
999 4428 1139 4499 episapas
1160 4426 1289 4483 dala'eari
1309 4429 1462 4487 consuluit.
1486 4435 1515 4484 et

609 4531 705 4586 anania
729 4533 790 4588 eius
804 4530 969 4605 priru'lega'a
992 4534 1149 4606 errafirraat.

340 4691 371 4748 ln
395 4691 518 4766 nomine
534 4696 636 4749 sancte
654 4693 797 4751 trinitatis
812 4702 842 4751 et
858 4693 1016 4751 individue
1033 4695 1164 4751 unitatis
1190 4694 1328 4751 Andreas
1344 4694 1393 4752 dei
1410 4695 1514 4767 gracia

252 4796 417 4868 Hungarie,
448 4795 617 4868 Dalmacie,
648 4798 784 4867 Croacie,
816 4800 921 4868 Rame,
952 4798 1067 4867 Servie,
1098 4799 1239 4870 Gallicie,
1273 4800 1517 4874 Lodomerieque
