3488 5242
277 387 340 446 324
702 370 774 426 Duc.
793 381 866 445 351.
894 403 929 412 -
957 370 1012 426 Au.
1038 385 1124 447 1391·

1187 480 1541 493 -—--·-·-—-----.--....

279 573 309 625 et
332 568 527 625 concanonici
551 568 647 624 nostri
671 573 700 624 et
723 568 857 624 aliorum
881 582 937 640 per
966 568 1068 639 ipsum
1099 569 1138 626 ad
1168 570 1225 627 hec
1251 572 1336 628 iuxta
1359 588 1413 629 sue
1436 574 1546 632 volun-

279 675 350 731 tatis
374 675 499 731 libitum
523 672 748 745 eligendorum,
773 673 922 744 Zagrabie
946 673 976 729 in
1000 675 1133 731 termino
1153 690 1210 748 per
1226 676 1357 735 eundem
1382 677 1543 737 dominum

280 781 474 853 prepositum
498 781 639 853 partibus
671 780 722 836 vel
755 795 862 836 earum
894 780 1040 851 legitimis
1071 784 1324 853 procuratoribus
1355 787 1545 857 assignantis,

279 887 401 960 penitus
424 891 455 943 et
478 903 534 959 per
557 887 660 943 omnia
685 885 831 942 duximus
855 885 1018 942 tradendas
1042 893 1072 943 et
1095 889 1339 960 committendas,
1363 892 1427 948 imo
1450 893 1545 950 tradi·

272 1008 349 1066 mus
373 1000 403 1049 et
425 993 649 1050 committimus
672 1007 729 1065 per
752 990 889 1065 prelatos
921 991 975 1048 tali
1007 993 1131 1049 vinculo
1154 995 1352 1092 obligaminis
1377 998 1543 1066 interiectu,

279 1098 362 1171 quod
387 1100 412 1155 si
436 1114 491 1155 nos
514 1099 544 1155 in
569 1099 706 1167 arbitrio
731 1097 958 1154 deliberacione
985 1103 1014 1153 et
1038 1097 1242 1171 disposicione
1266 1101 1413 1173 predictis
1429 1101 1541 1174 prefati

279 1203 397 1261 domini
421 1204 534 1260 Mathie
559 1203 708 1276 prepositi
731 1207 761 1259 et
784 1202 928 1273 aliorum,
956 1208 990 1258 ut
1014 1204 1189 1276 predictum
1212 1212 1265 1273 est,
1290 1222 1345 1279 per
1368 1208 1473 1280 ipsum
1496 1223 1546 1264 as-

279 1309 501 1367 sumendorum
523 1316 553 1366 et
574 1308 789 1381 eligendorum
824 1315 913 1378 stare,
945 1324 1126 1380 permanere
1156 1311 1207 1367 vel
1238 1327 1438 1384 perseverare
1461 1313 1544 1370 nole·

280 1431 358 1486 mus,
381 1422 434 1472 aut
458 1416 620 1487 quibusvis
644 1414 737 1470 modo
762 1422 791 1470 et
815 1415 918 1471 colore
951 1414 1078 1485 quesitis
1112 1415 1208 1487 ipsius
1231 1416 1369 1487 arbitrio,
1393 1417 1546 1474 delibera-

280 1522 360 1578 cioni
383 1526 413 1578 et
436 1521 635 1594 disposicioni
658 1521 756 1593 ipsius
787 1519 906 1577 domini
937 1519 1051 1576 Mathie
1083 1522 1234 1593 prepositi
1263 1528 1292 1578 et
1322 1522 1457 1579 aliorum
1489 1539 1546 1596 per

279 1627 384 1699 ipsum
407 1626 445 1683 ad
470 1626 528 1682 hoc
552 1624 767 1697 eligendorum
788 1625 940 1682 contraire
964 1626 1254 1697 presumpserimus,
1279 1634 1389 1685 extunc
1412 1629 1442 1685 in
1466 1643 1546 1701 pena

280 1733 414 1790 duorum
439 1732 575 1789 millium
599 1731 787 1788 florenorum
810 1730 911 1787 eidem
943 1730 1069 1788 domino
1100 1732 1247 1804 episcopo
1278 1732 1357 1789 infra
1379 1734 1451 1790 anni
1473 1749 1544 1806 spa-

280 1839 362 1894 cium
385 1838 564 1895 immediate
587 1837 741 1910 sequentis
766 1837 903 1909 plenarie
927 1842 956 1893 et
979 1852 1050 1892 cum
1074 1838 1184 1913 effectu
1208 1855 1265 1911 per
1285 1853 1340 1895 nos
1362 1839 1542 1912 persolven-

279 1943 391 2000 dorum
415 1945 636 2001 convincamur
659 1958 695 2000 eo
712 1941 810 2011 sactn;
834 1942 961 2016 ipseque
977 1941 1121 1998 dominus
1137 1944 1314 2016 prepositus
1337 1944 1456 2001 litteras
1471 1960 1544 2001 suas

279 2057 384 2106 contra
407 2064 464 2106 nos
486 2048 683 2106 memoriales
707 2055 736 2105 et
760 2048 990 2117 testimoniales
1014 2048 1094 2105 siin
1118 2047 1264 2120 predictis
1291 2050 1420 2106 arbitrio
1444 2056 1474 2106 et
1497 2049 1542 2106 di-

278 2156 450 2228 sposicione
472 2156 535 2211 suis
558 2170 618 2211 non
643 2155 876 2228 perstiterimus
901 2152 995 2210 simul
1018 2169 1091 2209 cum
1115 2156 1309 2225 presentibus
1332 2156 1391 2228 ipsi
1415 2155 1542 2211 domino

278 2263 425 2335 episcopo
449 2261 522 2318 dare
546 2261 700 2317 tenebitur
722 2266 752 2316 et
775 2260 938 2330 assignare.
960 2257 1009 2314 Ad
1034 2275 1094 2330 que
1117 2261 1220 2316 omnia
1244 2261 1394 2333 premissa
1418 2266 1447 2317 et
1472 2276 1540 2333 pre·

278 2367 447 2424 missorum
470 2367 593 2437 singula
616 2366 840 2422 inviolabiliter
863 2363 1058 2421 observanda
1081 2380 1135 2420 nos
1158 2373 1327 2438 spontanea
1342 2373 1447 2422 nostra
1463 2366 1544 2422 obli·

278 2488 388 2543 gamus
412 2473 572 2528 voluntate
596 2471 703 2542 vigore
727 2463 781 2546 (et)
805 2470 980 2526 testimonio
1013 2471 1206 2541 presencium
1239 2470 1399 2527 mediante,
1428 2471 1544 2527 Datum

279 2585 388 2634 octavo
410 2577 460 2634 die
492 2577 561 2634 festi
594 2577 676 2633 beati
706 2576 864 2632 Michaelis
895 2575 1080 2662 archangeli.
1115 2577 1202 2631 Anno
1230 2575 1346 2633 domini
1376 2578 1545 2634 millesimo

281 2683 493 2739 tercentesimo
519 2683 718 2753 nonagesimo
743 2682 852 2753 primo.

368 2816 390 2863 E
415 2815 531 2879 simplici
558 2821 722 2879 transumpto
748 2831 806 2863 saec
827 2815 899 2869 XVI,
920 2815 949 2864 In
969 2815 1067 2863 archiv.
1089 2814 1241 2879 archiepisc.
1262 2815 1365 2879 zagrab.
1390 2815 1543 2864 Decimalia.

280 2902 350 2951 Fasc.
371 2903 390 2951 Ι.
410 2918 448 2951 nr.
468 2904 490 2953 8.

867 3170 947 3236 351.

386 3334 461 3381 Anno
485 3340 558 3393 139¹.
580 3340 602 3385 7.
622 3329 746 3379 octobris.
761 3328 914 3392 Zagrabiae.

273 3478 428 3553 Julrumrrs
450 3478 530 3549 epm
555 3475 671 3547 :ugrud
690 3482 723 3530 ul
735 3492 833 3541 causa,
856 3492 942 3546 quarn
957 3473 1065 3529 diutius
1080 3490 1141 3528 cum
1157 3474 1281 3545 capitulo
1296 3473 1412 3543 augrab.
1431 3473 1544 3544 agebat,

410 3601 429 3638 a
452 3582 571 3638 „vatata
588 3581 754 3653 prrrrpusitu
777 3580 936 3635 (lausanensi
955 3579 1146 3650 dirirneretm,
1170 3586 1266 3650 sponte
1289 3580 1412 3634 assentit.

370 3744 433 3801 Nos
459 3744 591 3824 Joannes
623 3743 671 3800 dei
704 3749 734 3799 et
765 3742 933 3814 apostolice
970 3740 1050 3797 sedis
1080 3741 1183 3811 gracia
1222 3741 1385 3812 episcopus
1416 3741 1544 3797 ecclesie

278 3851 491 3922 zagrabiensis.
517 3849 665 3905 hiemorie
689 3847 940 3904 commendantes
972 3854 1075 3902 tenore
1107 3846 1300 3917 presencium
1331 3845 1541 3915 significamus

279 3958 393 4029 quibus
416 3955 541 4028 expedit
564 3955 724 4022 universis,
748 3953 831 4025 quod
855 3953 926 4008 licet
949 3953 1028 4009 inter
1051 3968 1114 4021 noS,
1139 3961 1171 4007 ut
1201 3952 1382 4011 incusatum.
1423 3966 1460 4006 ex
1485 3967 1545 4008 una

279 4069 308 4119 et
332 4060 511 4117 venerabile
537 4059 709 4130 capitulum
734 4059 860 4114 ecclesie
883 4058 1090 4127 zagrabiensis
1115 4056 1259 4130 predicte,
1285 4055 1394 4112 fratres
1413 4061 1543 4126 nostros

279 4150 426 4239 tanquam
450 4173 573 4237 agentes
599 4172 685 4237 parte
708 4181 746 4220 ex
769 4166 874 4232 altera,
900 4164 939 4220 lis
962 4171 991 4220 et
1015 4164 1182 4235 questionis
1207 4164 1335 4219 materia
1358 4178 1451 4235 super
1468 4178 1544 4220 non·

279 4274 373 4330 nullis
395 4272 617 4328 innovitatibus
648 4278 678 4326 et
709 4271 967 4342 occupacionibus
1000 4286 1054 4342 per
1086 4284 1149 4338 nOS,
1180 4269 1224 4324 uti
1256 4267 1423 4336 dicebatur,
1449 4267 1546 4337 factis,

278 4394 383 4435 coram
408 4377 534 4433 domino
557 4383 662 4432 nostro
679 4391 750 4446 rege
767 4376 893 4447 eiusque
910 4375 1037 4446 prelatis
1054 4381 1083 4430 et
1099 4374 1271 4430 baronibus
1287 4383 1317 4429 et
1334 4375 1546 4446 principaliter

279 4486 309 4542 in
333 4498 460 4540 romana
493 4483 577 4538 curia
609 4488 700 4550 mote‚
732 4482 858 4537 suborte
889 4487 919 4536 et
949 4481 1090 4536 suscitate
1122 4479 1304 4550 diuciusque
1334 4485 1363 4535 et
1388 4480 1546 4551 hucusque

280 4591 425 4646 ventilate
442 4587 586 4653 ruissent;
610 4595 712 4643 tamen
738 4631 926 4643 .......
950 4584 1229 4641 animadvertentes
1245 4583 1326 4656 quod
1347 4599 1383 4640 ea
1399 4599 1458 4640 non
1474 4585 1546 4640 abs·

279 4711 339 4767 que
370 4707 551 4764 magnarum
583 4707 786 4764 expensarum
822 4692 962 4763 parcium
993 4700 1236 4761 sumptuumque
1269 4697 1298 4744 et
1330 4690 1418 4760 gravi
1452 4704 1545 4746 onere

280 4813 481 4874 personarum
516 4814 571 4870 per
606 4797 736 4854 modum
771 4796 964 4854 iudiciarium
996 4796 1155 4852 terminari
1190 4795 1307 4876 possint
1341 4803 1371 4851 et
1401 4795 1541 4864 definiri;
