3488 5242
647 331 719 387 Doc.
745 325 814 407 146.
842 362 877 370 -
905 328 960 386 An.
986 323 1075 403 1328.
1444 345 1503 404 129

239 435 862 448 ——...—-.-——.—.—-—·..—-————-
1149 434 1214 440 -—-
1236 434 1327 440 --..-.-
1339 433 1385 440 .-.
1397 433 1495 439 --

825 522 911 587 146.

341 616 416 662 Anno
439 612 513 670 1328,
536 621 556 660 1.
576 610 698 674 Augusti.

278 724 441 795 Capitulum
464 720 576 777 albense
598 720 631 776 u'e
646 727 768 792 peracta
792 717 1014 774 reambulationc
1029 718 1238 789 posscssionum
1261 717 1384 790 capituli
1403 717 1464 773 eccl.

504 826 620 897 zagrab.
650 825 754 881 Carula
776 823 954 896 Hungariae
976 830 1023 879 erc.
1047 823 1116 894 regi,
1139 823 1235 897 refert.

323 971 588 1028 Excellentissimo
619 970 745 1027 domino
776 984 841 1040 suo,
873 967 1000 1025 domino
1021 968 1148 1035 Karolo,
1177 967 1226 1025 dei
1257 968 1360 1040 gracia
1384 967 1501 1024 illustri

235 1079 299 1149 regi
323 1077 490 1147 ilungarie,
522 1076 694 1148 capitulum
718 1075 853 1132 albensis
880 1073 1007 1132 ecclesie
1031 1074 1189 1131 oraciones
1212 1075 1243 1131 in
1267 1073 1394 1130 domino
1418 1073 1499 1130 salu·

235 1190 323 1240 lares.
356 1183 486 1238 Litteras
519 1181 751 1251 magnificencie
783 1187 884 1238 vestre
915 1181 1089 1253 recepimus
1118 1184 1303 1249 reverenter,
1336 1184 1369 1235 ut
1392 1179 1503 1248 decuit,

235 1290 315 1345 hunc
333 1295 469 1344 tenorem
487 1287 687 1343 continentes:
704 1279 745 1364 (v.
762 1303 805 1343 nr.
827 1302 895 1360 142,
908 1301 955 1342 an.
976 1285 1067 1358 1328,
1088 1301 1112 1342 r.
1130 1277 1223 1360 maii).
1237 1284 1300 1342 Nos
1313 1284 1406 1355 igitur
1418 1300 1503 1341 man-

235 1393 313 1450 datis
329 1391 514 1449 excellencie
531 1398 631 1447 vestre
647 1392 864 1472 obtemperare
880 1391 1046 1464 cupientes,
1062 1405 1158 1447 unum
1175 1406 1213 1447 ex
1229 1390 1319 1446 nobis
1335 1388 1503 1447 discretum

234 1500 338 1555 virum
362 1498 545 1569 magistrum
578 1497 715 1553 Blasium
742 1496 962 1554 subcustodem
987 1496 1114 1553 ecclesie
1136 1501 1240 1552 nostre
1269 1511 1327 1569 pro
1350 1495 1504 1567 erigendis

235 1606 334 1671 metis
351 1602 536 1660 renovandis
552 1609 581 1658 et
597 1602 838 1672 reambulandis,
855 1618 913 1675 pro
934 1601 1081 1659 faciendis
1101 1602 1302 1659 citacionibus
1325 1606 1356 1658 et
1378 1601 1504 1673 inquisi-

236 1711 376 1767 cionibus
391 1724 452 1765 una
469 1724 539 1764 cum
556 1709 680 1765 homine
697 1713 800 1764 vestro
816 1708 980 1776 lwachino,
997 1707 1064 1764 filio
1083 1707 1211 1777 Thome,
1228 1707 1285 1764 filii
1310 1706 1448 1777 Beriuoy,
1464 1705 1504 1763 ad

236 1816 445 1872 venerabilem
471 1820 591 1886 patrem
616 1812 776 1869 dominum
795 1813 975 1871 Ladizlaum
992 1813 1041 1870 dei
1056 1814 1159 1884 gracia
1175 1813 1408 1885 zagrabiensem
1424 1812 1504 1884 epis-

236 1937 349 1994 copum
366 1920 455 1978 acad
481 1920 619 1977 eiusdem
647 1920 818 1992 capitulum
846 1920 1043 1992 zagrabieuse
1071 1919 1217 1976 duximus
1245 1917 1503 1975 transmittendos.

236 2025 297 2098 Qui
313 2025 439 2083 demum
456 2025 494 2082 ad
512 2041 567 2082 nos
583 2024 744 2082 redeuntes
760 2025 912 2093 dixerunt,
933 2041 965 2082 se
984 2025 1196 2082 reambulasse
1220 2032 1316 2081 terras
1339 2028 1367 2079 et
1385 2037 1504 2096 posses-

235 2132 335 2189 siones
352 2130 479 2188 inferius
495 2131 676 2200 nominatas,
701 2137 730 2187 et
747 2132 776 2187 in
793 2131 909 2187 eisdem
926 2132 1058 2188 erexisse
1075 2147 1110 2188 ac
1126 2146 1289 2188 renovasse
1306 2136 1412 2191 metas.
1433 2143 1504 2185 con·

236 2238 352 2294 vocatis
383 2237 491 2293 vicinis
515 2246 545 2292 et
568 2237 787 2293 commetaneis
818 2237 907 2292 nullo
934 2236 1158 2294 contradictore
1185 2237 1341 2305 existente,
1369 2235 1447 2292 sicut
1473 2234 1503 2289 in

236 2344 358 2416 seriptis
374 2344 463 2399 nobis
480 2343 649 2399 attulerunt
670 2344 699 2398 iu
717 2343 772 2399 hec
789 2343 900 2399 verba:
927 2342 1030 2398 Prima
1046 2349 1126 2398 meta
1143 2347 1295 2399 terrarum
1312 2340 1440 2413 capituli
1456 2355 1504 2396 za·

235 2450 405 2520 grabiensis
420 2450 449 2505 in
463 2449 618 2505 vicinitate
631 2448 776 2505 Grecensi
790 2449 896 2522 incipit
909 2449 948 2505 ab
961 2450 1077 2505 oriente
1090 2448 1119 2504 in
1136 2454 1206 2505 orto
1223 2446 1386 2520 presbiteri
1401 2446 1504 2519 plebis

236 2555 363 2612 ecclesie
393 2556 475 2612 beati
506 2555 638 2611 limerici
670 2554 708 2611 de
740 2553 891 2625 Zagrabia
922 2555 962 2611 ab
997 2561 1065 2611 orto
1101 2553 1233 2610 fratrum
1271 2553 1503 2609 Predicatorum

237 2663 331 2718 sancti
364 2661 492 2729 Nicolai,
525 2661 578 2717 ubi
611 2661 730 2716 rivulus
762 2659 944 2717 Circuesche
976 2669 1102 2717 vocatus
1132 2659 1231 2716 influit
1262 2659 1366 2730 ipsum
1401 2666 1503 2715 ortum

237 2766 478 2828 Predicatorum.
503 2773 532 2823 et
558 2782 612 2839 per
635 2766 766 2822 eundem
791 2766 929 2822 rivulum
954 2765 1140 2823 includendo
1165 2762 1281 2822 dictum
1299 2771 1402 2821 ortum
1420 2780 1504 2837 pres-

238 2872 337 2943 byteri
362 2888 400 2928 ex
423 2878 553 2944 utraque
579 2879 665 2946 parte
689 2873 785 2929 rivuli
808 2871 894 2928 vadit
917 2888 1012 2945 supra
1035 2872 1073 2929 ad
1099 2872 1201 2928 locum
1224 2871 1393 2929 molendini
1410 2886 1504 2943 super

237 2977 346 3034 eodem
377 2977 480 3034 rivulo
513 2979 608 3035 sancti
640 2979 771 3035 Emerici
802 2993 900 3052 prope
932 2987 1068 3053 puteum,
1093 2978 1203 3035 deinde
1226 2994 1282 3051 per
1307 2977 1438 3035 eundem
1463 2978 1504 3034 ri-

237 3084 347 3139 vulum
371 3099 494 3139 sursum
520 3083 557 3140 ad
593 3083 654 3140 duo
688 3083 866 3141 molendina
893 3085 1015 3142 abbatis
1043 3084 1081 3141 de
1104 3083 1255 3156 Zagrabia
1278 3100 1372 3157 super
1394 3081 1504 3140 eodem

238 3189 349 3258 rivulo,
382 3205 442 3260 que
473 3190 651 3246 molendina
686 3189 723 3246 ad
758 3197 855 3246 metas
887 3191 1014 3264 capituli
1047 3189 1254 3260 includuntur,
1278 3189 1388 3246 deinde
1411 3205 1505 3262 super

238 3295 340 3366 ipsum
364 3295 502 3350 rivulum
527 3294 567 3351 ad
590 3296 649 3351 tria
672 3295 850 3352 molendina
874 3296 1011 3368 capituli,
1039 3303 1068 3352 et
1092 3295 1202 3352 dehinc
1225 3294 1265 3352 ad
1289 3294 1503 3352 molendinum

237 3398 355 3456 domini
385 3400 532 3473 episcopi,
564 3401 676 3457 abhinc
707 3402 819 3458 iterum
850 3400 889 3458 ad
921 3402 980 3458 tria
1011 3400 1188 3458 molendina
1212 3401 1349 3474 capituli,
1381 3415 1505 3474 semper

238 3521 308 3561 cum
333 3505 415 3562 dicto
446 3506 549 3562 rivulo
581 3507 610 3563 in
635 3513 734 3563 totum
757 3523 828 3564 cum
852 3506 1038 3564 molendinis
1061 3506 1100 3563 ad
1124 3506 1296 3581 capitulum
1321 3521 1374 3563 seu
1397 3521 1502 3578 zagra·

239 3611 375 3667 biensem
400 3611 560 3667 ecclesiam
585 3613 765 3684 pertinente,
789 3612 899 3669 dehinc
923 3629 978 3686 per
1001 3628 1112 3669 verum
1135 3619 1272 3669 meatum
1293 3613 1389 3684 ipsius
1408 3612 1503 3669 rivuli

238 3731 346 3772 versus
370 3718 646 3790 septemptrionem
670 3718 811 3791 pervenit
826 3719 864 3774 ad
882 3717 944 3775 duo
964 3718 1143 3775 molendina
1158 3717 1332 3786 Grecensia,
1348 3733 1408 3791 que
1424 3734 1504 3790 aqua

241 3821 279 3879 de
302 3822 385 3878 dicto
410 3823 512 3879 rivulo
535 3829 659 3895 recepta
682 3822 844 3881 ducuntur.
866 3825 988 3881 Abhinc
1004 3822 1101 3881 tendit
1117 3840 1173 3896 per
1189 3824 1351 3895 antiquum
1367 3832 1503 3880 meatum

239 3927 387 3999 sepedicti
420 3929 513 3984 rivuli
544 3928 584 3985 ad
615 3928 828 3985 molendinum
856 3916 1094 3998 lleremitarum‚
1126 3928 1236 3987 deinde
1263 3945 1319 4002 per
1342 3929 1505 4001 antiquum

238 4041 374 4090 meatum
399 4035 495 4106 ipsius
518 4035 613 4092 rivuli
638 4035 744 4091 transit
769 4035 902 4107 quedam
923 4035 1100 4092 molendina
1121 4033 1287 4093 Grecensia
1302 4035 1332 4092 in
1349 4035 1504 4092 vicinitate

238 4139 338 4212 predii
362 4139 489 4209 Nicolai,
514 4139 573 4196 filii
597 4138 757 4212 Sirgarini,
781 4140 864 4213 quod
890 4141 1060 4214 acapitulo
1077 4142 1195 4214 optinet
1210 4157 1248 4198 ex
1265 4148 1353 4214 parte
1369 4141 1504 4212 orientis,

239 4251 268 4300 et
294 4246 376 4301 venit
399 4245 437 4301 ad
463 4245 576 4311 locum,
598 4246 653 4301 ubi
679 4246 807 4317 quidam
830 4246 952 4304 rivulus
975 4262 1101 4303 currens
1120 4246 1158 4303 de
1182 4247 1317 4320 quadam
1341 4246 1419 4303 villa
1433 4246 1504 4304 Faiz

240 4351 326 4419 olim,
351 4368 429 4408 nunc
454 4351 606 4409 Craleuch
632 4353 804 4424 vulgariter
827 4360 1011 4425 nuncupata,
1035 4369 1095 4426 que
1119 4354 1177 4409 sub
1201 4361 1301 4409 castro
1326 4352 1435 4409 Medue
1451 4367 1504 4410 vo

239 4463 307 4513 cato
332 4458 435 4529 ipsum
459 4458 597 4514 rivulum
622 4456 728 4525 influit,
752 4466 781 4514 et
798 4457 908 4515 dehinc
923 4458 962 4514 ad
979 4458 1139 4515 dexteram
1155 4466 1276 4531 partem
1293 4472 1349 4530 per
1364 4458 1502 4530 primum

239 4564 377 4619 rivulum
408 4563 494 4619 vadit
525 4579 650 4620 sursum
683 4563 797 4621 directe
828 4564 859 4620 in
890 4564 971 4620 bono
1002 4564 1107 4637 spacio
1139 4561 1298 4636 usquead
1322 4563 1426 4620 locum
1450 4563 1504 4620 ubi

240 4667 278 4724 de
303 4673 390 4741 parte
413 4670 535 4726 sinistra
559 4671 588 4727 in
614 4678 695 4727 terra
719 4669 864 4727 Grecensi
885 4685 984 4743 prope
1007 4669 1158 4742 quasdam
1182 4671 1286 4727 vineas
1312 4670 1505 4742 estquidam

239 4775 428 4831 monticulus
459 4776 607 4846 eminens,
631 4776 684 4832 ubi
707 4776 771 4833 exit
794 4776 897 4849 ipsum
919 4776 1058 4833 rivulum
1082 4790 1190 4834 versus
1212 4776 1371 4848 orientem,
1395 4782 1425 4834 et
1449 4792 1505 4851 per

1382 4906 1401 4958 9
