3488 5242
625 339 698 396 Dec.
716 348 768 413 51.
786 347 840 412 52.
867 370 904 378 -
929 336 985 394 An.
1010 347 1098 414 1270.
1452 351 1490 412 45

225 535 352 609 aliquod
377 536 538 605 tributum,
564 539 628 591 tam
651 534 682 591 in
705 533 803 606 aquis,
827 548 923 605 quam
955 533 985 590 in
1012 533 1110 604 terris,
1134 548 1189 589 nec
1212 532 1351 605 aliquam
1378 531 1494 589 tricesi-

229 657 322 712 mam,
345 642 377 699 in
408 641 496 698 nullo
527 641 596 698 loco
627 640 749 697 solvere
780 645 947 710 teneantur,
979 638 1033 697 sed
1064 639 1124 697 sint
1154 654 1172 695 a
1204 623 1494 696 solucione'eorum

228 747 366 820 exempti
389 747 510 819 penitus
541 753 570 803 et
600 746 750 815 inmunes,
782 750 812 801 et
841 744 900 803 hoc
931 761 1002 802 cum
1033 745 1179 803 omnibus
1205 745 1275 801 aliis
1298 744 1495 805 libertatibus

229 854 367 926 ipsorum
391 853 536 910 similiter
559 868 615 926 per
639 866 694 909 nos
717 852 760 908 eis
788 851 939 908 concessis
970 851 1194 908 inviolabiliter
1223 860 1443 907 conservamus
1465 856 1496 906 et

228 976 284 1032 per
308 966 429 1016 nostros
452 972 642 1015 successores
671 958 820 1014 volumus
851 956 1035 1014 conservari.
1068 955 1102 1013 ln
1133 955 1219 1012 cuius
1243 955 1287 1011 rei
1310 955 1496 1013 memoriam

228 1070 257 1120 et
281 1069 463 1137 perpetuam
488 1063 668 1120 firmitatem
700 1070 856 1134 presentes
886 1063 1092 1120 concessimus
1123 1062 1240 1119 litteras
1263 1061 1421 1136 dupplicis
1458 1061 1497 1118 si-

228 1170 296 1243 gilli
319 1171 415 1227 nostri
439 1170 610 1227 munimine
633 1168 802 1226 roboratas
827 1168 943 1226 Datum
965 1184 1022 1241 per
1046 1183 1155 1225 manus
1183 1168 1324 1240 magistri
1347 1165 1493 1235 Farkasii‚

230 1276 378 1349 prepositi
401 1276 537 1332 albensis
561 1274 697 1344 ecclesie,
720 1275 792 1330 aule
815 1281 918 1332 nostre
940 1274 1195 1344 vicecancellarii,
1212 1273 1318 1331 dilecti
1342 1278 1371 1331 et
1393 1271 1497 1330 fidelis

230 1383 333 1438 nostri.
359 1383 447 1438 Anno
471 1381 588 1438 domini
613 1380 782 1437 millesimo
807 1379 1018 1438 ducentesimo
1043 1379 1095 1436 LX
1118 1379 1260 1453 septimo,
1283 1379 1417 1452 septimo
1439 1376 1492 1435 ka·

231 1487 336 1545 lendas
360 1488 475 1545 marcii.
500 1487 598 1558 Regni
621 1493 724 1543 autem
747 1486 843 1542 nostri
867 1500 947 1542 anno
969 1486 1126 1543 tricesimo
1148 1485 1290 1544 secundo

319 1623 341 1671 E
361 1628 525 1686 transumpto
545 1620 655 1686 capituli
676 1619 862 1685 zagrabieusis,
889 1622 922 1670 de
946 1636 1014 1671 anno
1043 1630 1117 1683 1329.
1138 1619 1225 1669 Huius
1244 1618 1383 1686 privilegii
1403 1621 1499 1670 adsunt

231 1713 284 1760 duo
305 1717 468 1775 transumpta
488 1711 521 1758 de
540 1713 685 1759 memorato
705 1724 772 1759 anno
795 1719 872 1772 13293
893 1724 974 1759 uuum
986 1708 1083 1759 facturn
1099 1708 1181 1768 „seria
1201 1707 1283 1758 tercia
1302 1707 1425 1773 proxima
1439 1715 1500 1774 post

232 1798 326 1848 testum
346 1798 471 1847 Omnium
490 1804 667 1855 sanctorum“,
687 1804 712 1847 et
737 1797 810 1846 aliud
837 1798 965 1856 „secunda
991 1796 1057 1847 seria
1081 1796 1205 1862 proxima
1229 1803 1288 1863 post
1311 1795 1406 1846 festum
1424 1796 1495 1847 beati

232 1886 340 1936 Martini
361 1885 542 1935 contessorise
564 1885 593 1935 In
612 1885 721 1935 archivo
741 1885 786 1935 lib.
807 1901 861 1950 reg.
881 1884 952 1935 civit.
966 1885 1150 1950 zagrabiensis.
1165 1882 1246 1949 Fejer.
1266 1885 1329 1935 Cod.
1344 1884 1409 1950 dipl.
1424 1901 1497 1951 regn.

234 1977 353 2040 ilungar.
374 1974 420 2024 lv.
441 1984 463 2032 3.
483 1990 507 2040 p.
529 1980 586 2036 390.

839 2117 893 2182 51.

339 2172 386 2218 An.
411 2177 483 2223 1270.

255 2279 416 2353 Stephanus
448 2279 477 2335 V.
503 2280 677 2351 Hungariae
700 2287 747 2336 etc.
771 2298 832 2347 rex,
856 2279 1001 2336 attendebas
1024 2279 1068 2336 die
1083 2280 1162 2354 festo
1184 2299 1206 2336 s.
1230 2280 1332 2337 Marci
1352 2279 1480 2353 agendas

487 2386 595 2442 civibus
617 2385 651 2443 de
673 2393 764 2442 mente
794 2384 889 2442 Grccle
912 2403 1063 2454 concessas,
1085 2387 1244 2460 confirmat.

320 2530 494 2603 Stephanus
527 2529 577 2588 dei
607 2530 711 2602 gracia
741 2546 796 2587 rex
829 2530 992 2602 Hungarie.
1024 2529 1178 2588 Omnibus
1206 2531 1320 2604 quibus
1345 2536 1502 2604 presentes

233 2634 454 2692 hostendentur
477 2636 609 2692 salutem
634 2642 664 2692 et
686 2636 831 2708 graciam.
855 2634 1057 2693 Universitati
1080 2641 1184 2693 vestre
1212 2636 1325 2693 harum
1348 2635 1427 2694 serie
1450 2635 1502 2694 de·

233 2741 396 2810 claramus,
420 2740 502 2812 quod
528 2741 665 2814 hospites
688 2741 786 2798 nostri
809 2740 847 2797 de
872 2755 953 2797 novo
978 2746 1083 2798 monte
1106 2740 1261 2812 Grecensi‚
1286 2742 1371 2799 iuxta
1390 2739 1502 2815 Zagra·

234 2847 327 2916 biam,
351 2845 388 2902 ad
414 2853 551 2902 nostram
583 2845 782 2902 accendentes
816 2847 1006 2919 presenciam
1037 2847 1223 2904 exibuerunt
1251 2848 1341 2904 nobis
1364 2851 1503 2921 patentes

234 2952 352 3008 litteras
376 2950 493 3008 domini
519 2950 598 3020 liele,
623 2951 753 3008 illustris
784 2952 866 3024 regis
900 2952 1065 3025 Hungarie,
1099 2952 1253 3010 karissimi
1277 2954 1374 3026 patris
1396 2955 1503 3025 nostri,

234 3057 332 3115 felicis
355 3055 588 3126 recordacionis,
613 3063 750 3131 petentes
773 3058 894 3114 anobis
911 3074 982 3115 cum
999 3059 1153 3128 instancia,
1171 3065 1205 3115 ut
1221 3066 1358 3117 tenorem
1382 3074 1503 3118 earum·

236 3163 307 3220 dem
333 3164 446 3220 nostris
470 3163 561 3220 inseri
586 3163 695 3220 litteris
720 3163 899 3221 faceremus.
924 3164 1193 3237 Quarumquidem
1220 3165 1391 3223 litteratum
1414 3168 1502 3223 tenor

236 3270 305 3327 talis
328 3275 388 3326 est:
414 3262 487 3344 (vid.
513 3286 555 3326 nr.
582 3283 631 3341 31.
652 3269 690 3326 de
714 3285 793 3326 anno
820 3271 910 3340 1256,
938 3286 985 3328 ει.
1009 3263 1132 3347 martii).
1157 3271 1220 3328 Nos
1238 3273 1341 3345 itaque
1358 3273 1502 3345 precibus

235 3375 417 3432 eorumdem
440 3376 598 3449 hospitum
623 3382 799 3433 nostrorum
823 3383 998 3447 annuentes,
1023 3383 1161 3434 tenorem
1185 3377 1366 3435 earumdem
1386 3378 1502 3437 littera-

237 3497 304 3538 rum
327 3481 419 3538 inseri
443 3479 587 3537 facientes
611 3482 814 3553 presentibus,
832 3481 1069 3552 confirmamus;
1095 3484 1232 3540 volentes
1248 3489 1278 3540 et
1297 3482 1501 3557 precipientes

236 3587 375 3656 tirmiter,
398 3591 432 3642 ut
455 3585 492 3642 ad
518 3585 642 3642 easdem
666 3586 817 3644 nundinas
847 3589 1004 3646 venientes
1033 3594 1086 3646 aut
1113 3588 1290 3648 recedentes
1311 3589 1349 3646 de
1373 3589 1498 3661 eisdem,

237 3692 340 3748 nullus
364 3692 475 3748 audeat
498 3692 641 3764 spoliare,
672 3707 830 3765 agravare,
859 3694 1011 3767 impedire
1035 3701 1088 3751 aut
1110 3695 1305 3768 aliquatenus
1328 3697 1501 3755 molestare.

239 3797 351 3854 Datum
375 3814 454 3854 anno
478 3797 595 3855 domini
619 3798 703 3855 MCC
726 3800 962 3872 septuagesimo.

327 3915 466 3979 Originale
487 3915 513 3963 in
533 3917 690 3966 membrana.
715 3916 840 3982 Sigillum
853 3934 868 3967 a
881 3924 957 3983 tergo
976 3918 1140 3984 impressum,
1154 3921 1276 3986 deperiit.
1290 3921 1321 3971 ln
1334 3921 1403 3971 arch.
1418 3922 1500 3976 Acad.

240 4002 334 4052 Scient.
354 4004 423 4052 Slav.
444 4003 535 4052 merid.

343 4201 390 4247 An.
414 4207 487 4254 1270,
508 4203 547 4247 20.
568 4201 637 4250 maii.
840 4171 899 4236 52.

240 4306 404 4380 Stephanus
436 4310 465 4364 V.
485 4311 662 4381 Hnngmiae
681 4320 727 4368 etc.
744 4332 806 4383 rex,
815 4315 1041 4387 praedecessoris
1059 4320 1108 4375 sui
1119 4319 1209 4377 Belac
1224 4321 1247 4378 l
1251 4322 1281 4378 V.
1297 4325 1381 4396 regis,
1404 4332 1503 4383 constr-

238 4414 380 4480 !utionem,
404 4421 437 4470 ut
456 4417 529 4471 cives
545 4413 583 4473 dc
606 4425 697 4473 iterante
727 4417 831 4488 Greclr,
849 4420 985 4479 eluctantes
1000 4427 1192 4482 tantummodo
1206 4436 1315 4501 pensas
1330 4439 1390 4503 pro
1404 4449 1504 4489 annuo

237 4534 320 4574 censu
342 4519 416 4575 bono
438 4522 560 4588 solvont,
579 4523 667 4578 simul
687 4531 794 4580 terram
810 4527 933 4597 regalem
956 4527 1078 4587 Sviblan
1098 4532 1167 4604 ipsis
1181 4533 1326 4604 ilonamm,
1343 4537 1501 4612 confirmat.

326 4660 500 4735 Stephanus
519 4662 568 4721 dei
592 4666 695 4735 gracia
719 4666 884 4738 Hungarie,
915 4669 1084 4742 Dalmacie‚
1116 4673 1274 4747 Crohacie,
1304 4676 1411 4750 Rame,
1435 4677 1504 4738 Ser·

238 4766 296 4836 uie,
320 4767 460 4840 Gallicie,
485 4768 668 4827 Lodomerie
699 4771 909 4848 Cumanieque
939 4791 1002 4834 ren
1033 4777 1187 4839 Omnibus
1217 4790 1282 4840 tam
1308 4786 1504 4858 presentibus
