3488 5242
655 331 727 388 Doc.
751 325 804 388 68.
831 363 867 371 -
893 329 949 387 An.
974 325 1062 405 1287.

831 526 893 591 68.

332 617 379 663 An.
403 617 476 667 1287.
500 623 536 672 13.
557 620 606 663 oet.
620 613 772 679 Zagrabiae.

228 724 364 796 loannes,
396 724 525 780 Arlomli
536 725 631 798 filias,
654 724 765 798 confert
789 725 1002 780 monasterias.
1020 723 1131 799 Jacobz'
1150 723 1209 779 ord.
1233 725 1415 781 cisterciensis
1438 733 1494 781 ter·

227 849 291 886 ram
321 849 403 886 suom
434 830 598 903 linigrodti
629 837 757 885 variatam
788 838 816 886 ct
845 829 941 887 &aar
963 833 1134 903 contiguum,
1157 848 1219 886 cum
1242 831 1301 886 loco
1323 847 1405 903 quem
1428 831 1495 886 olim

229 957 250 993 s.
272 938 423 994 olorinus
446 937 620 993 inhabitasse
642 937 777 1011 restatur,
799 954 861 992 curn
879 939 989 1010 tripallo
1005 938 1029 994 b.
1048 955 1073 994 v.
1090 937 1211 994 Mariae
1225 933 1327 994 ibidem
1343 944 1496 1008 exstructa,

316 1082 497 1154 Capitulum
522 1081 649 1137 ecclesie
672 1060 886 1153 zagrabiensis.
912 1082 1071 1140 Universis
1095 1083 1208 1155 quibus
1232 1080 1359 1155 expedit
1382 1081 1412 1138 in
1434 1080 1496 1138 fide

228 1205 263 1245 ac
286 1189 462 1245 reverencia
485 1187 535 1244 dei
559 1189 731 1245 constitutis
753 1188 885 1245 salutem
909 1188 940 1245 in
963 1203 1007 1257 ep,
1041 1189 1094 1260 qui
1117 1204 1191 1245 vere
1214 1187 1421 1261 penitentibus
1444 1201 1496 1244 ve·

229 1295 311 1352 niam
336 1294 467 1365 largitur
491 1298 696 1366 peccatorum.
717 1294 845 1351 Interest
861 1293 1083 1351 salvandorum
1099 1293 1197 1351 divini
1214 1293 1316 1351 cultus
1332 1293 1497 1366 invigilare

229 1400 378 1472 sagaciter
402 1400 605 1469 incrementis,
629 1406 658 1455 et
681 1399 720 1455 ad
744 1415 780 1456 ea
804 1410 861 1474 per
884 1415 944 1472 que
966 1401 1117 1458 memoria
1133 1399 1183 1458 dei
1198 1401 1333 1457 nominis
1349 1404 1497 1473 augeatur

229 1507 260 1562 in
284 1505 511 1578 temporalibus
535 1506 680 1578 aspirare.
704 1505 802 1578 Igitur
825 1505 863 1563 ad
891 1506 1107 1563 universorum
1130 1506 1277 1563 noticiam
1300 1510 1404 1562 tenore
1427 1520 1497 1578 pre·

230 1612 367 1668 seneium
397 1611 543 1668 volumus
574 1612 744 1684 pervenire,
777 1611 859 1684 quod
890 1612 1004 1669 nobilis
1027 1613 1077 1669 vir
1099 1627 1202 1669 comes
1224 1612 1387 1694 johannes,
1412 1610 1495 1668 filius

232 1716 368 1783 Arlandi,
391 1716 430 1773 de
453 1732 563 1789 genere
590 1718 685 1789 Agha,
709 1719 810 1775 anime
833 1733 886 1775 sue
902 1718 1070 1775 salubriter
1086 1719 1212 1791 cupiens
1228 1717 1403 1790 providere,
1422 1732 1495 1790 ope-

230 1823 377 1894 ribusque
410 1823 530 1896 pietatis
554 1822 637 1880 diem
660 1829 797 1880 extreme
821 1824 982 1897 prevenire
1007 1824 1175 1894 messionis,
1198 1822 1236 1880 ad
1260 1828 1398 1880 nostram
1424 1837 1493 1894 per·

231 1929 377 1986 sonaliter
409 1927 555 1985 accedens
587 1930 786 2002 presenciam,
817 1929 974 1987 confessus
1005 1936 1050 1986 est
1081 1930 1208 1987 oraculo
1239 1930 1309 1986 vive
1338 1929 1437 1986 vocis:
1461 1944 1493 1986 se

230 2033 385 2107 quandam
416 2035 600 2107 particulam
633 2040 712 2092 terre
735 2052 789 2092 sue
812 2036 870 2092 sub
895 2034 1076 2108 Podgradia,
1100 2012 1293 2105 hereditarie,
1316 2035 1493 2107 contiguam

231 2157 310 2212 aque
334 2139 433 2209 Zawa,
458 2142 547 2197 metis
570 2141 744 2198 distinctam
770 2140 983 2215 infrascriptis,
1007 2156 1079 2198 cum
1099 2142 1168 2198 loco
1185 2155 1278 2213 quem
1294 2140 1372 2197 olim
1389 2140 1497 2197 beatus

234 2248 382 2304 Martinus
405 2248 502 2303 vitam
527 2247 631 2303 colens
654 2247 866 2304 heremiticam
883 2247 1070 2304 inhabitasse
1086 2246 1227 2317 refertur,
1244 2252 1273 2303 et
1289 2261 1360 2303 eum
1376 2246 1497 2319 capella

232 2354 291 2408 sub
315 2353 432 2408 bonore
455 2352 590 2424 gloriose
620 2353 749 2424 virginis
773 2352 889 2410 ibidem
914 2358 1096 2422 constructa,
1120 2353 1200 2409 circa
1224 2367 1318 2424 quam
1344 2352 1441 2409 eciam
1467 2353 1497 2409 in

231 2459 420 2515 concavitate
451 2457 611 2514 cuiusdam
643 2457 733 2515 ardui
765 2459 878 2516 montis
902 2466 1111 2516 constructum
1135 2464 1180 2515 est
1203 2459 1301 2515 altare
1323 2458 1382 2514 sub
1406 2456 1497 2514 titulo

231 2563 343 2638 prefati
374 2565 470 2621 sancti
500 2565 557 2635 dei,
588 2581 705 2622 necnon
729 2582 799 2622 cum
832 2565 997 2634 montibus
1027 2565 1154 2638 campis,
1185 2564 1283 2636 aquis,
1318 2562 1497 2619 nemoribus

231 2672 361 2743 aliisque
393 2671 578 2728 utilitatibus
602 2670 640 2727 ad
666 2671 838 2745 predictam
866 2678 947 2727 terre
970 2670 1156 2744 particulam
1179 2669 1404 2742 pertinentibus
1426 2682 1497 2725 con·

231 2778 346 2847 tulisse,
377 2777 539 2834 tradidisse
570 2784 600 2834 et
628 2779 798 2849 assignasse
830 2778 982 2849 religiosis
1005 2777 1081 2833 viris
1104 2774 1253 2833 fratribus
1277 2774 1421 2831 videlicet
1443 2788 1496 2831 seu

232 2883 389 2939 monachis
413 2882 530 2940 ordinis
553 2884 799 2940 chisterchiensis
821 2884 981 2952 universis,
1004 2883 1170 2940 investiens
1193 2882 1428 2955 quamprimum
1452 2881 1498 2938 vi·

233 3005 300 3046 rum
325 2988 383 3046 deo
405 2991 572 3046 amabilem
598 2989 725 3047 fratrem
749 2990 930 3072 Johannem,
955 2994 1026 3045 tunc
1050 2989 1195 3045 abbatem
1220 2986 1259 3045 de
1282 2987 1383 3044 insula
1401 2987 1497 3044 sancti

233 3096 349 3176 Jacohi,
382 3095 482 3167 plena,
515 3096 613 3152 libera
643 3103 672 3152 et
704 3102 854 3170 perpetua
878 3112 913 3152 ac
937 3094 1144 3167 irrefragabili
1168 3094 1361 3168 possessione
1384 3093 1445 3151 loci
1468 3098 1498 3150 et

233 3209 321 3271 terre,
345 3203 597 3273 utilitatuumque
620 3217 744 3258 suarum
770 3201 980 3274 predictarum
1000 3201 1067 3258 vice
1091 3206 1120 3258 et
1143 3200 1267 3258 nomine
1290 3200 1498 3257 universitatis

235 3307 365 3365 fratrum
397 3309 591 3381 presencium
625 3307 862 3380 futurorumque
893 3308 1009 3364 ordinis
1040 3307 1202 3379 prenotati,
1226 3306 1268 3363 ob
1290 3305 1498 3362 reverenciam

236 3414 324 3470 beate
357 3414 486 3485 virginis
517 3429 552 3470 ac
584 3413 713 3486 predicti
744 3415 840 3472 sancti
864 3414 913 3471 dei
938 3414 1045 3470 voleus
1069 3411 1243 3487 predictum
1265 3412 1370 3468 locum
1393 3409 1500 3468 divino

235 3518 339 3576 officio
362 3535 419 3592 per
442 3519 552 3577 fratres
576 3520 739 3576 memorati
770 3520 886 3577 ordinis
914 3519 1062 3590 decorari,
1086 3518 1262 3576 conferreris
1285 3517 1500 3591 prenominato

235 3625 340 3681 abbati
364 3632 393 3681 et
418 3624 566 3681 fratribus
589 3626 652 3682 suis
675 3642 754 3682 nunc
778 3627 973 3698 presentibus
994 3632 1023 3682 et
1048 3625 1159 3682 futuris
1174 3625 1344 3682 claustrum
1364 3628 1394 3680 et
1409 3638 1500 3696 gran·

233 3731 315 3802 giam
341 3731 508 3788 secundum
534 3747 653 3789 morem
679 3732 880 3806 professionis
904 3734 1044 3806 ipsorum
1068 3731 1246 3789 facultatem
1271 3731 1369 3788 libere
1393 3738 1422 3788 et
1445 3746 1499 3804 pa·

233 3836 318 3893 cifice
353 3836 468 3893 ibidem
498 3839 702 3895 construendi.
730 3838 857 3896 Addidit
881 3841 978 3896 eciam
1002 3838 1118 3896 eisdem
1143 3838 1291 3896 fratribus
1315 3838 1418 3895 locum
1442 3853 1500 3912 pro

233 3941 428 3999 hedificando
463 3944 642 4001 molendino
672 3945 701 4000 in
733 3945 836 4001 rivulo
870 3961 925 4018 per
956 3944 1073 4001 vallem
1104 3942 1288 4017 Podgradya
1311 3942 1500 4002 decurrente.

234 4048 274 4106 111
306 4058 408 4104 autem
447 4048 557 4105 fratres
588 4049 661 4106 dicti
690 4049 807 4107 ordinis
833 4052 931 4124 ipsam
956 4058 1071 4107 terram
1095 4049 1223 4124 pacifice
1246 4048 1447 4123 possederant
1470 4058 1500 4106 et

234 4156 345 4225 quiete,
370 4154 524 4228 sepefatus
549 4171 651 4212 comes
675 4157 829 4238 Johannes
853 4157 1020 4228 assumpsit
1043 4155 1168 4213 eosdem
1192 4154 1302 4212 fratres
1319 4163 1349 4212 et
1366 4155 1500 4228 populos

236 4260 374 4331 ipsorum
400 4261 429 4316 in
462 4261 568 4317 eadem
601 4271 683 4318 terra
715 4278 772 4335 pro
797 4270 936 4335 tempore
960 4263 1141 4319 existentia
1165 4261 1312 4320 descensu
1336 4260 1500 4318 banaliac

235 4366 374 4421 collectis
408 4367 581 4438 ponderum
616 4378 645 4424 et
677 4369 927 4437 marturinarum,
962 4369 1113 4441 recipiens
1145 4367 1271 4425 eosdem
1305 4368 1336 4425 in
1374 4368 1499 4425 terciam

236 4478 357 4543 partem
383 4475 624 4530 marturinarum
656 4475 714 4531 sibi
738 4473 777 4531 de
800 4490 887 4531 more
917 4477 1004 4548 regni
1028 4476 1203 4549 approbato
1226 4474 1394 4533 cedentem*
1408 4491 1500 4549 expe·

237 4577 311 4634 dire.
345 4579 515 4635 Astiterunt
545 4581 641 4636 eciam
672 4580 792 4637 nobiles
824 4581 883 4637 viri
908 4579 1053 4638 Nicolaus
1076 4588 1106 4638 et
1129 4580 1226 4650 Achlc,
1250 4579 1361 4638 fratres
1384 4580 1501 4638 scilicet

234 4681 307 4739 dicti
331 4683 453 4740 comitis
476 4683 623 4766 Johannis
646 4684 793 4756 carnales,
818 4687 872 4757 qui
887 4685 1066 4744 huiusmodi
1081 4686 1284 4744 collacionem
1300 4702 1356 4760 per
1371 4685 1500 4743 fratrem

236 4789 376 4862 ipsorum
407 4806 445 4846 ex
476 4791 528 4864 pia
558 4790 726 4849 devocione
756 4798 787 4849 et
809 4791 929 4850 salubri
949 4792 1110 4866 proposito
1135 4792 1248 4850 factam
1273 4807 1423 4850 consensu
1444 4805 1501 4850 suo
