3488 5242
622 315 693 373 Doc.
717 328 766 393 70.
790 328 836 392 71.
864 349 900 357 —
926 315 981 373 An.
1005 312 1098 375 1288.
1453 318 1491 378 61

234 521 383 586 quatenus
408 515 511 588 ipsum
534 515 690 588 palacium
712 513 859 589 Stephani
883 516 965 586 bani,
987 517 1064 574 sicut
1088 515 1172 574 idem
1195 517 1238 574 sic
1261 520 1292 572 et
1315 529 1381 585 vos,
1397 513 1499 572 eidem

235 618 350 677 Gilioni
374 625 507 677 statuere
538 627 569 678 et
598 621 755 693 assignare
785 621 931 691 debeatis,
962 621 1049 679 aliud
1079 637 1140 680 non
1174 620 1285 679 facturi
1314 636 1372 694 pro
1395 624 1500 677 nostra

237 726 340 796 gracia
364 732 393 782 et
417 724 531 783 favore.
554 726 671 783 Datum
694 725 778 784 Bude
802 727 833 785 in
855 742 943 784 sacro
967 727 1106 784 sabbato

321 861 343 909 E
361 866 525 925 transumpto
545 860 714 926 magistratus
732 860 847 911 civitatis
867 860 1024 911 Grechensis
1043 861 1076 910 de
1094 860 1232 927 Zagrabia,
1251 876 1319 912 anno
1341 870 1415 924 1291.

831 1092 895 1161 70.

340 1217 415 1264 Anno
439 1215 510 1272 1288,
530 1216 553 1266 8.
573 1215 646 1280 Julii.
667 1215 763 1265 Budae.

233 1339 374 1397 Ne'eolaus
389 1341 480 1398 banus
502 1350 530 1398 et
543 1342 646 1416 frater
659 1343 719 1399 eius
735 1343 858 1412 Paulus,
866 1343 932 1417 filii
944 1343 1015 1399 bani
1033 1341 1181 1416 Stephani,
1196 1344 1373 1402 donationem
1383 1344 1496 1419 srotre's

539 1448 587 1503 sai
614 1446 728 1505 Gilione'
748 1449 806 1505 civi
819 1447 942 1521 sactum,
965 1457 1060 1505 rotam
1082 1449 1193 1506 habent.

323 1589 383 1647 Nos
407 1590 568 1648 Ladizlaus
592 1591 641 1648 dei
664 1593 767 1664 gracia
790 1608 845 1649 rex
870 1592 1034 1665 Hungarie.
1066 1593 1214 1651 Memorie
1243 1592 1497 1652 commendamus

233 1695 438 1766 significantes
462 1698 623 1766 universis,
646 1697 730 1769 quod
754 1697 900 1755 Nicolaus
923 1699 1029 1761 banus.
1052 1698 1136 1757 filius
1159 1697 1306 1774 Stephani
1330 1700 1410 1771 bani,
1434 1715 1493 1774 pro

231 1815 263 1857 se
276 1808 306 1857 et
320 1816 379 1874 pro
392 1802 542 1874 magistro
554 1802 659 1872 Paulo,
673 1802 767 1861 fratre
781 1819 845 1872 suc,
862 1819 967 1861 coram
986 1806 1076 1862 nobis
1088 1806 1292 1879 personaliter
1307 1806 1497 1877 constitutus,

232 1906 387 1978 palacium
412 1923 520 1965 eorum
543 1907 726 1979 desolatum,
743 1908 827 1981 quod
842 1909 956 1967 habent
972 1911 1004 1968 in
1020 1918 1120 1968 castro
1135 1911 1209 1969 novi
1228 1912 1341 1969 montis
1360 1909 1490 1981 Greech,

232 2010 444 2084 quodquidem
467 2014 623 2087 palacium
647 2013 820 2087 Stephanus
844 2015 951 2084 banus,
975 2014 1070 2073 frater
1094 2017 1243 2090 ipsorum,
1260 2018 1367 2074 comiti
1390 2015 1495 2075 Gilion

231 2132 288 2190 pro
312 2117 459 2176 fidelibus
481 2119 620 2177 serviciis
643 2121 706 2177 suis
729 2121 910 2191 contulerat,
941 2120 1042 2179 eidem
1073 2123 1265 2195 reliquerunt
1288 2129 1442 2196 perpetuo
1466 2127 1496 2181 et

232 2223 359 2296 pacifice
383 2224 614 2297 possidendum,
639 2240 712 2296 ymo
735 2232 764 2283 et
787 2226 846 2299 ipsi
870 2228 1066 2285 contulerunt
1088 2228 1167 2286 sicut
1190 2226 1363 2303 Stephanus
1388 2228 1495 2298 banus,

230 2327 325 2386 frater
350 2345 466 2400 eorum,
490 2330 659 2389 dinoscitur
690 2332 854 2390 contulisse
866 2351 873 2402 ;
897 2349 1030 2405 quorum
1061 2349 1117 2392 nos
1140 2333 1303 2392 collacioni
1329 2333 1493 2392 annuimus

230 2443 259 2492 et
282 2451 463 2494 consensum
489 2437 688 2495 adhibuimus
711 2439 797 2510 regio
813 2454 884 2496 cum
900 2437 1015 2497 favore.
1036 2439 1153 2498 Datum
1168 2439 1252 2498 Bude
1275 2440 1306 2497 in
1329 2437 1492 2512 quindenis

229 2542 325 2599 sancti
348 2542 496 2623 Johannis
520 2542 662 2616 baptiste.
687 2544 777 2600 Anno
800 2543 918 2601 domini
941 2543 1025 2601 MCC
1046 2545 1256 2618 octuagesimo
1279 2551 1397 2603 octavu.

319 2675 339 2723 E
359 2683 524 2741 transumpto
544 2676 713 2739 magistratus
732 2677 848 2728 civitatis
867 2678 1005 2728 Grccensis
1024 2680 1056 2728 de
1074 2678 1213 2744 Zagrabia‚
1233 2694 1300 2729 anno
1323 2689 1396 2743 1291.

834 2893 889 2959 71.

335 3000 409 3047 Anno
432 2998 504 3053 1288,
528 3006 568 3055 30.
589 2997 752 3062 septembris.

235 3127 365 3200 capabile
387 3128 503 3200 aegrab.
520 3145 624 3196 eoram,
647 3127 726 3200 quod
742 3135 836 3184 testem
858 3128 968 3200 agebat,
992 3128 1162 3199 liliroslaus,
1184 3128 1308 3185 Herkuk
1321 3129 1416 3203 filius,
1436 3147 1492 3185 mo-

228 3235 352 3290 nasterio
367 3234 502 3308 fraemm
525 3234 738 3290 Heremitarum
755 3241 847 3306 prope
871 3233 1048 3306 Zagrobe'am
1070 3236 1133 3302 sito,
1156 3236 1283 3291 animam
1302 3242 1336 3291 ul
1347 3234 1495 3291 redimeret

475 3360 566 3411 ruane,
581 3343 784 3413 possesseonem
807 3340 919 3398 Kratkr'
936 3341 986 3398 dol
1005 3349 1142 3410 vocatam,
1166 3342 1249 3414 legat.

316 3484 497 3558 Capitulum
513 3484 720 3556 zagrabiensis
736 3484 871 3541 ecclesie.
896 3483 1056 3543 Universis
1072 3483 1188 3541 Christi
1203 3482 1349 3541 fidelibus
1366 3498 1492 3557 presens

227 3591 377 3664 scriptum
401 3592 584 3665 inspecturis
608 3592 739 3647 salutern
763 3592 793 3647 in
817 3590 944 3648 domino
963 3591 1192 3664 sempiternam.
1208 3589 1256 3647 Ad
1275 3591 1492 3648 universorum

227 3698 371 3753 noticiam
407 3697 553 3753 volumus
592 3697 761 3769 peruenire,
791 3695 874 3768 quod
906 3711 977 3752 cum
1007 3695 1085 3753 duos
1117 3695 1226 3753 iratres
1256 3701 1377 3752 nostros
1408 3695 1492 3751 viros

227 3801 399 3875 fidedignos
423 3803 461 3859 ad
486 3803 666 3859 instanciam
697 3802 866 3874 Myrozlay,
898 3801 956 3859 filii
987 3801 1141 3868 Herchuk,
1169 3809 1240 3858 tunc
1263 3801 1399 3873 quadam
1423 3815 1490 3858 cor·

226 3909 310 3982 poris
334 3908 512 3966 infirmitate
536 3908 698 3982 prepediti,
723 3909 788 3964 sani
812 3915 914 3966 tamen
938 3915 1048 3976 mente,
1065 3923 1183 3965 necnon
1201 3906 1332 3964 fratrum
1349 3907 1490 3977 Firmyni

226 4016 338 4086 prioris
362 4026 392 4073 et
414 4016 496 4072 Petri
520 4015 729 4088 procuratoris
753 4015 974 4072 heremitarum
998 4013 1110 4072 dordus
1133 4015 1221 4070 beate
1245 4013 1375 4085 virginis
1390 4026 1488 4085 prope

226 4120 409 4193 Zagrabiam
443 4123 635 4179 misissemus
666 4119 705 4178 ad
728 4121 869 4191 eundem,
892 4119 976 4179 idem
1000 4121 1164 4178 Mirozlaus
1187 4134 1292 4177 coram
1315 4116 1405 4176 dictis
1429 4117 1490 4176 fra·

226 4229 325 4284 tribus
356 4229 467 4285 nostris
499 4228 701 4301 presentibhs,
737 4227 913 4285 volentibus
936 4233 966 4283 et
989 4226 1253 4284 consencientibus
1276 4225 1398 4293 Micula‚
1422 4223 1490 4281 filio

226 4348 281 4390 suo
312 4350 346 4390 ac
377 4334 473 4415 Jelen.
507 4334 573 4390 tilio
604 4333 705 4402 Wros,
737 4338 809 4389 tunc
841 4333 951 4389 maiori
982 4331 1059 4389 ville
1088 4331 1257 4404 grechensi,
1281 4344 1340 4404 pro
1362 4328 1489 4387 domina

226 4448 365 4496 consorte
389 4456 443 4497 sua
468 4441 662 4511 llargaretha
686 4441 818 4509 nomine,
842 4446 935 4512 nepte
958 4437 1103 4495 videlicet
1126 4438 1200 4495 dicti
1221 4437 1377 4507 Mirozlay,
1393 4451 1490 4508 quan·

225 4545 297 4602 dam
323 4546 507 4619 particulam
532 4552 612 4602 terre
635 4562 689 4602 sue
713 4545 897 4603 hereditarie
919 4544 957 4601 de
974 4543 1077 4601 Blizna
1098 4544 1260 4610 arabilem,
1277 4541 1415 4612 Crathky
1434 4540 1489 4599 dol

225 4658 375 4715 uocatam,
408 4658 436 4706 et
468 4651 562 4707 aliam
594 4650 779 4724 particulam
809 4649 982 4723 desupera
1010 4647 1139 4707 meridie
1161 4647 1263 4706 eidem
1286 4646 1488 4716 adiacentem,

223 4757 427 4814 continentem
442 4757 570 4814 arbores
586 4765 805 4827 castanearum,
819 4756 908 4813 metis
924 4755 956 4813 in
972 4769 1107 4828 quarum
1118 4753 1287 4829 particulas
1301 4751 1490 4825 subscriptis.
