3488 5242
623 326 696 383 Dor.
718 338 769 401 93.
797 359 833 368 -
860 326 1027 402 An.'1307.
1420 343 1458 403 79

197 429 470 438 ———-—.
876 431 1460 438 -·—-—-—·—-——-—-—----.-

796 517 860 583 93.

302 662 377 708 Anno
400 666 473 716 1307,
493 668 534 717 23.
552 657 633 724 Junii.
654 657 685 708 In
703 657 861 709 Stienibnak.

195 787 231 843 In
254 805 342 844 causa
362 805 449 860 quam
472 786 577 857 agebat
603 766 678 842 ὀνκ
704 794 804 843 contra
835 785 967 844 abbatem
990 804 1015 844 s.
1032 783 1145 862 Jacobi
1163 786 1198 843 de
1227 787 1323 843 insula
1348 785 1455 855 Sabae,

614 891 708 949 eadem
730 891 833 950 abbati
852 891 1042 949 adiudicatur.

282 1052 345 1110 Nos
368 1052 551 1126 Stephanus,
574 1054 729 1136 Johannes
752 1059 782 1110 et
798 1052 970 1111 Radoslaus
986 1053 1122 1110 comites.
1140 1053 1288 1110 Memorie
1304 1068 1459 1112 commen·
1479 1048 1486 1062 “

196 1160 303 1218 dantes
327 1158 536 1230 significamus
560 1159 719 1230 universis,
744 1160 858 1233 quibus
881 1158 1006 1233 expedit
1030 1160 1222 1232 presencium
1240 1176 1296 1233 per
1314 1164 1459 1229 tenorem,

197 1264 279 1339 quod
304 1280 360 1322 nos
383 1281 453 1322 cum
480 1267 557 1322 inter
581 1265 708 1322 fratrem
730 1265 931 1335 Hulmanum,
948 1271 1020 1323 tunc
1036 1265 1186 1340 temporis
1202 1265 1348 1324 abbatem
1364 1268 1461 1325 sancti

195 1371 303 1455 Jacobi
327 1386 426 1445 prope
450 1370 642 1443 Zagrabiam‚
667 1372 877 1443 cistercyensis
900 1371 1017 1429 ordinis
1041 1373 1082 1429 ab
1104 1388 1165 1429 una
1188 1377 1276 1445 parte
1292 1377 1323 1430 et
1337 1371 1458 1431 Cherne

197 1493 268 1535 cum
291 1478 353 1534 suis
377 1476 552 1542 fautoribus
575 1478 615 1534 ab
639 1478 745 1547 altera,
769 1477 808 1535 lis
831 1484 860 1534 ct
883 1479 1093 1536 controversia
1115 1494 1209 1553 super
1225 1478 1334 1550 insula,
1351 1494 1412 1552 que
1428 1479 1459 1537 in

197 1582 288 1640 lawa
319 1590 364 1639 est
395 1599 493 1656 prope
524 1583 685 1641 ecclesiam
716 1583 849 1656 predicti
880 1585 976 1642 sancti
1009 1584 1127 1668 Jacobi,
1160 1585 1192 1642 in
1227 1600 1289 1658 qua
1323 1584 1461 1659 prefatus

196 1686 315 1745 Cherne
339 1688 502 1757 residebat,
527 1695 706 1759 verteretur,
728 1687 854 1747 domino
877 1690 991 1748 abbate
1019 1696 1181 1760 asserente,
1205 1690 1289 1764 quod
1313 1690 1395 1750 dicta
1416 1691 1460 1749 in-

198 1795 266 1852 sula
290 1801 353 1852 tota
377 1795 504 1852 ecclesie
528 1795 664 1869 predicte
688 1802 717 1853 et
739 1796 898 1853 monachis
921 1796 1038 1854 ibidem
1062 1796 1154 1854 deum
1186 1798 1345 1883 orantibus
1368 1797 1462 1871 perti·

196 1907 289 1970 neret,
312 1901 394 1973 quod
420 1902 592 1974 privilegiis
615 1901 772 1973 regalibus
804 1908 906 1975 posset
937 1902 1113 1971 ostendere;
1143 1903 1200 1961 illo
1233 1917 1316 1974 vero,
1340 1897 1461 1960 Cherne

196 2007 320 2077 scilicet,
344 2008 467 2080 penitus
488 2006 722 2077 contradicente,
746 2007 865 2065 diucius
889 2009 992 2080 itaque
1015 2024 1106 2066 causa
1121 2023 1226 2066 coram
1249 2008 1339 2066 nobis
1363 2007 1460 2065 venti-

196 2114 267 2182 lata,
291 2112 430 2171 volentes
454 2115 595 2170 assistere
619 2114 738 2170 iusticie
762 2129 916 2171 unacum
940 2114 1100 2171 nobilibus
1126 2120 1206 2172 terre
1229 2120 1332 2172 nostre
1355 2112 1459 2171 decre·

195 2219 307 2289 vimuS,
330 2225 364 2276 ut
388 2219 514 2277 domino
537 2219 650 2277 abbate
673 2219 813 2294 predicto
837 2220 1010 2292 privilegiis
1027 2236 1120 2293 super
1142 2221 1201 2277 hoe
1225 2220 1354 2278 ostensis
1378 2218 1461 2291 lega·

196 2324 287 2392 libus,
312 2325 451 2399 predicta
475 2327 574 2383 insula
597 2326 682 2383 iuxta
707 2332 845 2383 tenorem
868 2326 1106 2399 privilegiorum
1130 2341 1256 2383 suorum
1273 2325 1393 2384 restitui
1409 2324 1461 2382 de·

197 2430 282 2487 beret
305 2432 336 2488 in
360 2432 522 2502 integrum,
548 2437 576 2487 et
592 2447 686 2504 super
701 2433 759 2489 hoc
774 2432 897 2504 utrique
915 2433 994 2505 parti
1010 2430 1094 2490 diem
1110 2433 1305 2504 assignantes.
1326 2431 1395 2504 Quo
1411 2430 1461 2489 die

196 2535 384 2605 adveniente,
407 2543 538 2609 utraque
561 2542 767 2610 comparente,
791 2536 935 2594 dominus
951 2537 1049 2594 abbas
1067 2537 1223 2611 sepefatus
1238 2537 1460 2595 excellencium

196 2656 305 2713 regum
328 2643 492 2715 privilegia
517 2643 651 2715 Vngarie
674 2642 834 2701 videlicet:
860 2642 930 2699 Bele
951 2650 981 2699 et
1004 2641 1152 2717 Stephani
1175 2642 1315 2700 exhibuit
1337 2642 1459 2715 legalia,

197 2763 257 2819 que
280 2763 351 2804 cum
374 2750 533 2821 perlegere
558 2749 744 2819 fecissemus,
760 2748 849 2806 alteri
874 2749 955 2821 parti
977 2755 1114 2806 materna
1138 2749 1254 2820 lingwa
1277 2747 1460 2821 exponendo

197 2854 316 2926 etipsa
340 2854 435 2912 altera
461 2857 601 2928 partein
625 2855 713 2912 nullo
743 2853 978 2925 contradicente,
1009 2853 1218 2912 contradicere
1247 2855 1299 2912 vel
1327 2856 1460 2925 valente,

196 2975 349 3017 unacum
382 2961 456 3017 viris
488 2962 677 3034 sapientibus
708 2968 737 3018 et
768 2959 907 3018 discretis
939 2967 1019 3018 terre
1048 2961 1208 3018 nobilibus
1236 2961 1462 3019 sentencialiter

197 3062 398 3133 decrevimus
422 3072 455 3122 ut
479 3066 615 3139 sepefata
639 3067 739 3123 insula
762 3065 800 3123 ad
825 3067 986 3124 ecclesiam
1006 3074 1212 3124 reverteretur
1235 3067 1377 3140 superius
1408 3082 1461 3124 no·

197 3170 345 3227 minatam
371 3172 454 3228 iuxta
479 3179 615 3229 tenorem
640 3173 877 3245 privilegiorum
908 3172 982 3230 dicti
1015 3174 1139 3230 abbatis
1161 3189 1254 3246 super
1277 3174 1335 3230 hoc
1357 3172 1461 3230 decre·

196 3280 314 3343 torum;
339 3284 368 3333 et
391 3277 428 3334 ad
454 3278 511 3334 hoc
528 3277 702 3335 iaciendum
721 3278 901 3350 Nycolaum,
919 3278 1018 3336 filiuni
1038 3278 1167 3336 Arlandi
1184 3286 1213 3337 et
1231 3279 1392 3337 Vrbanum
1408 3293 1458 3336 co-

197 3382 286 3461 mites
310 3384 523 3440 constituimus
544 3383 767 3454 assignandam.
791 3383 852 3456 Qui
876 3385 1079 3456 personaliter
1101 3384 1141 3442 ad
1165 3385 1298 3442 insulam
1323 3386 1383 3441 iarn
1407 3399 1461 3441 no·

196 3488 345 3545 minatam
370 3489 546 3546 accedentes
569 3506 628 3546 una
651 3505 722 3546 curn
747 3490 822 3546 viris
845 3489 985 3547 discretis
1008 3490 1171 3548 Dominico
1195 3491 1309 3547 lectore
1325 3497 1355 3547 et
1371 3489 1461 3547 Petro

197 3594 412 3651 archidiacono
444 3597 600 3668 magistris
631 3595 822 3653 honorabilis
853 3597 979 3669 capituli
1010 3597 1216 3668 zagrabiensis
1247 3596 1400 3653 canonicis
1431 3600 1460 3651 et

197 3700 293 3757 eciam
319 3717 388 3758 cum
414 3708 494 3758 terre
517 3702 746 3771 commetaneis‚
770 3702 876 3758 abbati
907 3701 1063 3775 sepedicto
1086 3702 1171 3759 iuxta
1193 3707 1334 3759 nostrum
1357 3701 1461 3758 decre·

197 3812 262 3863 tum
287 3808 480 3877 assignarunt
512 3809 755 3865 irrevocabiliter
786 3809 935 3865 rehabere
966 3814 995 3865 et
1026 3808 1091 3864 iure
1120 3814 1270 3880 perpetuo
1304 3807 1461 3879 possidere

197 3913 364 3969 secundum
389 3915 578 3985 exigenciam
603 3899 678 3971 iuris
701 3922 730 3971 et
754 3914 901 3971 debitum.
929 3914 966 3970 Et
989 3920 1083 3970 utne
1108 3912 1264 3986 predictus
1287 3911 1407 3969 Cherne
1431 3916 1460 3968 ct

197 4019 244 4074 sui
268 4018 402 4075 fautores
427 4021 476 4075 vel
504 4020 582 4076 alter
613 4021 800 4091 quicumque
831 4035 924 4092 super
955 4020 1131 4092 pretitulata
1162 4019 1262 4076 insula
1298 4018 1461 4075 dominum

197 4124 343 4180 abbatem
367 4126 417 4181 vel
442 4125 551 4181 fratres
575 4131 761 4182 memoratos
785 4126 920 4198 inpetere
944 4126 994 4182 vel
1019 4125 1185 4182 molestare
1213 4126 1336 4182 valeant
1359 4125 1389 4181 in
1414 4123 1461 4180 fu·

198 4238 310 4297 turum,
334 4238 489 4302 presentes
520 4231 637 4287 litteras
669 4232 698 4287 in
729 4232 825 4287 robur
855 4231 1042 4288 valetudinis
1073 4229 1218 4288 duximus
1245 4229 1342 4287 nostri
1365 4228 1462 4302 sigilli

198 4336 367 4392 munimine
399 4337 546 4393 roborari.
576 4336 691 4393 Datum
715 4337 745 4393 in
769 4336 970 4394 Stenichnach
1003 4338 1032 4395 in
1064 4338 1171 4409 vigilia
1202 4336 1283 4393 beati
1313 4335 1461 4418 Johannis

198 4441 337 4513 baptiste.
365 4444 452 4498 Anno
476 4442 593 4499 domini
618 4443 1025 4500 millesimo-trecentesimo
1048 4444 1189 4516 septimo.

287 4578 426 4642 originale
446 4577 472 4626 in
492 4578 648 4633 membrana,
673 4594 687 4626 a
706 4579 791 4643 ligula
810 4578 976 4628 membranea
995 4578 1126 4643 dependet
1138 4576 1258 4643 sigillum
1277 4582 1335 4627 utut
1354 4590 1458 4627 conser-

197 4672 294 4716 vatum
314 4667 343 4716 In
362 4667 432 4716 arch.
453 4683 508 4716 ven.
529 4682 583 4731 cap.
604 4669 708 4734 zagrab.
