3488 5242
260 316 320 374 186
679 316 751 373 Doc.
774 311 847 373 206.
875 348 910 357 —
937 315 992 372 An.
1017 311 1106 393 1346·

258 511 378 569 iusticia
402 511 519 569 eisdem
543 511 624 570 facta
654 528 714 570 non
748 512 862 570 suisset.
890 512 954 570 Nos
985 514 1198 571 commisimus
1231 515 1359 587 prelatis
1382 523 1411 572 et
1435 517 1525 574 baro-

258 618 351 675 nibus
375 618 495 689 nostris,
520 623 554 675 ut
576 618 696 676 litteras
720 618 934 692 privilegiales
951 619 1108 691 magnifici
1124 620 1184 677 viri
1200 620 1361 679 laurencii
1385 623 1526 694 magistri

260 723 498 781 tawamicorum
521 729 700 781 nostrorum
724 739 904 798 processum
936 725 1032 797 ipsius
1064 740 1154 782 cause
1185 725 1372 798 denotantes,
1396 727 1526 800 inspice-

259 834 335 899 rent,
358 834 388 886 et
411 828 490 886 illud
520 828 661 887 viderent
694 836 798 887 utrum
830 831 898 903 ipsa
928 846 1019 887 causa
1050 831 1128 888 iuste
1160 831 1199 888 sit
1229 830 1363 889 iudicata
1393 848 1448 890 nec
1479 849 1524 890 ne.

164 926 167 931 ⁴
259 934 380 1008 Quibus
411 935 523 993 litteris
554 935 806 1008 privilegialibus
838 936 992 1009 inspectis,
1022 937 1139 995 cercius
1170 937 1329 994 extitimus
1360 936 1527 1009 informati,

260 1040 344 1114 quod
378 1041 452 1099 dieti
484 1041 609 1099 discreti
645 1042 703 1099 viri
735 1043 907 1116 capitulum
943 1043 1071 1100 ecclesie
1104 1044 1312 1116 zagrabiensis
1347 1050 1527 1115 memorate,

260 1151 366 1204 contra
390 1147 488 1204 dictos
513 1148 596 1205 cives
619 1152 649 1204 et
671 1148 808 1221 hospites
838 1152 960 1206 nostros
992 1147 1183 1207 Grechenses
1209 1149 1240 1207 in
1273 1149 1414 1223 predicta
1436 1165 1544 1206 eausa·

260 1254 291 1310 in
313 1252 491 1326 calumpnia
514 1252 622 1310 ordine
647 1253 808 1310 iudiciario
830 1261 1043 1312 remanserunt
1066 1261 1095 1312 et
1119 1256 1251 1313 convicti
1273 1256 1447 1313 extiterunt
1464 1255 1528 1313 Nos

261 1359 356 1431 igitur
377 1359 421 1417 sic
450 1358 610 1416 informati
642 1360 757 1417 nemini
789 1360 933 1417 iniuriam
964 1360 1018 1417 sed
1049 1361 1176 1418 cuilibet
1207 1361 1359 1419 iusticiam
1383 1360 1452 1420 fieri
1475 1378 1529 1419 vo-

261 1465 366 1535 lentes,
392 1465 546 1537 predictas
570 1465 693 1522 litteras
723 1467 937 1539 privilegiales
968 1467 1065 1540 ipsius
1091 1466 1247 1539 magnifici
1275 1468 1335 1525 viri
1359 1469 1528 1538 Laurencii,
1590 1527 1600 1545 ,

261 1571 402 1642 magistri
424 1571 663 1628 tawamicorum
697 1577 875 1629 nostrorum
907 1587 1087 1646 processum
1118 1573 1215 1646 ipsius
1246 1589 1344 1645 cause,
1367 1590 1428 1647 que
1451 1575 1529 1632 inter

261 1677 364 1751 ipsum
396 1677 568 1750 capitulum
598 1684 629 1734 et
659 1679 739 1736 inter
771 1678 872 1751 ipsam
907 1679 1065 1736 civitatem
1097 1683 1235 1735 nostram
1267 1695 1361 1752 super
1383 1679 1530 1754 predictis

261 1783 506 1856 possessionibus
530 1789 560 1840 et
583 1783 654 1841 aliis
677 1784 776 1841 causis
802 1785 950 1842 ventilata
973 1791 1027 1855 est,
1051 1784 1238 1856 denotantes,
1263 1785 1444 1843 auctoritate
1460 1802 1530 1859 pre·

262 1889 400 1946 sericium
422 1889 644 1962 approbamus,
671 1888 861 1947 ratificamus
884 1895 915 1947 et
939 1890 1160 1948 confirmamus
1191 1897 1343 1965 perpetuo
1370 1892 1529 1964 valituras,

250 1999 436 2066 statuentes,
460 2000 493 2052 ut
516 1996 583 2068 ipse
607 1995 709 2052 littere
733 1995 945 2067 privilegiales
971 1997 1044 2054 dicti
1062 1997 1202 2070 magistri
1218 1999 1460 2055 tawarnicorum
1476 2015 1530 2057 no·

262 2107 398 2158 strorum
421 2102 518 2158 robur
542 2102 702 2159 obtineant
732 2106 883 2175 perpetue
914 2102 1080 2160 firmitatis.
1108 2103 1225 2160 Datum
1256 2104 1285 2161 in
1316 2102 1476 2176 Zagrabia,
1499 2107 1530 2163 in

262 2207 416 2264 dominica
439 2208 584 2281 proxima
607 2214 678 2265 ante
700 2214 826 2265 octavas
850 2207 921 2267 festi
944 2209 1040 2266 sancti
1063 2208 1173 2290 Jacobi
1196 2209 1340 2281 apostoli.
1363 2211 1452 2267 Anno
1476 2211 1531 2268 do-

264 2314 339 2371 mini
360 2313 528 2370 MCCCXL
550 2320 645 2371 sexto.

353 2432 493 2496 Originale
519 2432 546 2481 in
570 2433 728 2491 membrana,
754 2449 769 2482 a
793 2440 869 2499 tergo
895 2433 1051 2499 impressum
1077 2440 1115 2484 est
1140 2434 1260 2499 sigillum
1284 2436 1401 2493 anulare,
1421 2437 1532 2502 pulchre

264 2526 453 2570 conservatum.
474 2519 504 2570 In
522 2520 632 2571 archivo
650 2520 697 2570 lib.
718 2537 772 2586 reg.
792 2520 908 2572 civitatis
930 2523 1034 2588 zagrab.

851 2772 942 2838 206.

373 2915 448 2961 Anno
470 2918 544 2973 1340,
567 2913 604 2961 16.
625 2914 748 2978 Augusti.
768 2914 920 2979 Zagrabiae.

268 3042 411 3099 Mcolaus
432 3042 466 3098 dc
490 3041 572 3111 chlr,
596 3043 696 3110 bonus,
717 3042 839 3098 decimus
862 3044 987 3115 cpr'sccpio
1007 3044 1123 3115 rrrgrub.
1139 3044 1289 3100 solvendas
1305 3062 1370 3111 esse,
1378 3044 1531 3116 praecipit.

354 3185 418 3243 Nos
450 3186 595 3243 Nicolaus
626 3187 724 3243 tocius
755 3185 917 3244 Sclauonie
948 3195 977 3244 et
1000 3187 1127 3244 Croacie
1152 3187 1256 3243 banus.
1281 3187 1428 3242 Memorie
1451 3201 1534 3242 com-

265 3292 445 3348 mendantes
480 3292 689 3364 significamus
721 3298 826 3349 tenore
854 3295 1046 3365 presencium
1072 3293 1185 3364 quibus
1219 3291 1344 3365 expedit
1375 3292 1534 3359 universis

268 3398 350 3470 quod
376 3398 564 3480 uenerabilis
588 3399 617 3454 in
643 3398 769 3454 Christo
793 3403 889 3471 pater,
914 3398 1057 3456 dominus
1080 3399 1223 3480 Jacobus,
1247 3397 1297 3454 dei
1320 3404 1350 3454 et
1366 3398 1535 3470 apostolice

267 3503 349 3562 sedis
382 3505 484 3575 gracia
516 3505 724 3576 zagrabiensis
757 3505 929 3578 episcopus
961 3504 1032 3562 fecit
1062 3505 1153 3561 nobis
1176 3504 1315 3560 exhiberi
1340 3504 1458 3560 litteras
1483 3519 1535 3575 pa-

268 3618 364 3667 tentes
387 3610 506 3669 domini
531 3611 647 3681 Karoli,
679 3611 765 3683 olym
789 3611 870 3682 regis
896 3611 1060 3682 ilungarie,
1085 3609 1189 3667 inclite
1213 3610 1370 3678 memorie,
1399 3624 1458 3665 non
1482 3609 1535 3664 ab·

270 3733 360 3788 rasas,
386 3733 446 3773 non
470 3718 663 3787 cancellatas,
687 3733 742 3774 nec
765 3718 795 3773 in
819 3718 924 3790 aliqua
947 3718 994 3774 sui
1019 3724 1106 3789 parte
1130 3716 1265 3784 viciatas,
1292 3716 1371 3771 hunc
1397 3721 1535 3772 tenorem

269 3824 472 3880 continentes:
495 3815 569 3900 (vid.
593 3840 637 3880 nr.
666 3838 733 3898 141.
758 3839 804 3880 an.
833 3823 924 3895 1328,
950 3839 996 3879 ιο.
1013 3815 1140 3897 aprilis).
1158 3821 1261 3893 Quare
1278 3822 1368 3878 vobis
1386 3821 1536 3878 universis

270 3929 455 4000 castellanis
472 3930 646 3998 comitibus,
663 3928 860 3999 officialibus
876 3929 1044 3999 nobilibus
1061 3929 1182 3985 civibus
1200 3928 1369 3984 liberarum
1387 3926 1537 3983 villarum

270 4044 300 4091 et
323 4035 393 4092 aliis
416 4035 636 4107 cuiuscumque
659 4041 757 4092 status
780 4042 809 4092 et
833 4035 1021 4092 condicionis
1045 4034 1222 4091 hominibus
1247 4033 1277 4089 in
1300 4039 1406 4090 nostro
1422 4033 1536 4089 banatu

271 4141 443 4198 constitutis
472 4140 583 4198 damus
614 4140 745 4198 firmiter
776 4142 805 4197 in
834 4140 987 4198 mandatis
1010 4146 1160 4212 quatenus
1183 4138 1319 4195 decimas
1343 4145 1462 4194 vestras
1486 4136 1537 4194 de·

273 4247 352 4303 bitas
382 4245 522 4319 predicto
553 4246 679 4304 domino
710 4249 856 4321 episcopo
887 4253 916 4303 et
947 4247 1012 4303 eius
1041 4246 1169 4302 ecclesie
1193 4261 1228 4302 eo
1252 4243 1354 4313 modo,
1379 4249 1412 4300 ut
1434 4243 1538 4318 predi-

272 4353 359 4421 citur,
390 4351 630 4409 decimatoribus
660 4351 800 4409 eiusdem
830 4353 1005 4409 exsolvatis,
1037 4351 1232 4424 Quicumque
1259 4359 1362 4406 autem
1388 4366 1425 4406 ex
1448 4350 1538 4406 vobis

273 4457 474 4528 secussecerit,
506 4459 719 4514 commisimus
750 4466 779 4514 et
809 4459 1020 4515 commitimus
1051 4458 1217 4515 comitibus
1255 4457 1366 4513 nostris
1401 4456 1537 4512 crisiensi

274 4572 304 4621 et
333 4565 523 4636 zagrabiensi
554 4579 589 4621 ac
620 4565 689 4622 aliis
720 4566 832 4622 nostris
862 4566 1035 4636 comitibus
1071 4565 1245 4622 castellanis
1286 4570 1316 4620 et
1351 4562 1539 4620 officialibus

274 4669 530 4741 quibuscumque,
552 4674 586 4725 ut
608 4685 664 4727 vos
687 4670 878 4743 compellant
901 4669 940 4726 ad
962 4671 1045 4744 ipsas
1068 4670 1204 4727 decimas
1228 4667 1452 4742 persolvendas
1468 4681 1539 4724 cum

278 4781 379 4832 vestro
401 4777 583 4848 gravamine
605 4777 684 4834 sicut
707 4776 837 4849 requirit
864 4776 942 4834 ordo
965 4777 1040 4834 iuris
1064 4781 1171 4834 contra
1191 4781 1431 4848 transgressores
1454 4787 1540 4831 man-
