3488 5242
658 334 731 392 Dec.
755 328 825 391 262.
853 367 889 376 —
914 328 1082 411 An.1376.
1446 350 1503 403 251

240 531 386 604 religioso
407 537 437 588 et
460 530 518 588 deo
542 530 656 589 devoto
679 531 775 590 Paulo
799 533 904 606 priore
927 537 957 591 et
978 533 1118 616 Johanne
1142 531 1331 606 presbiteris,
1359 529 1507 589 fratribus

241 636 367 694 claustri
401 637 489 694 beate
520 637 659 710 virginis,
691 637 808 695 ordinis
839 637 971 696 fratrum
1001 637 1240 708 Heremitarum,
1267 636 1385 695 ordinis
1411 637 1507 695 sancti

241 741 332 800 Pauli
365 742 460 815 primi
484 742 650 814 Heremite,
682 742 720 801 de
743 743 957 817 promontorio
980 749 1094 813 nostro,
1121 743 1185 801 suis
1207 747 1237 800 et
1260 742 1327 800 vice
1350 758 1385 800 ac
1407 742 1506 800 nomi-

241 848 333 906 nibus
363 831 461 905 tocius
495 855 664 906 conventus
698 849 825 907 claustri
861 848 1008 918 eiusdem,
1043 847 1219 907 confessum
1253 848 1353 906 extitit
1387 854 1417 905 et
1450 864 1507 921 per

242 952 368 1011 eosdem
391 959 500 1027 sponte
523 969 561 1011 ex
584 960 666 1012 certa
689 955 819 1012 sciencia
841 970 945 1012 coram
969 954 1060 1012 nobis
1083 954 1200 1027 pariter
1215 960 1246 1011 et
1261 954 1404 1024 relatum,
1421 951 1506 1026 quod

239 1061 299 1133 ipsi
329 1065 450 1117 matura
483 1058 721 1132 deliberacione,
753 1060 955 1135 diligentique
978 1061 1106 1119 consilio
1136 1060 1308 1134 prehabitis
1329 1061 1408 1118 inter
1429 1075 1504 1130 sese,

240 1167 466 1240 diligenterque
489 1166 717 1225 considerantes
739 1183 776 1225 ac
799 1167 988 1241 dilegencius
1011 1166 1206 1225 advertentes
1222 1167 1371 1225 utilitates
1386 1172 1416 1223 et
1432 1181 1504 1239 pro-

239 1279 349 1331 ventus
379 1274 609 1346 possessionum
640 1274 720 1331 infra
751 1273 1019 1344 nominandarum,
1049 1272 1219 1346 prenotatis
1250 1272 1386 1330 ecclesiis
1409 1271 1506 1328 sancti

238 1379 387 1463 Johannis
410 1385 440 1435 et
461 1380 551 1436 beate
574 1379 704 1452 virginis
727 1395 763 1436 ac
786 1379 925 1453 ipsamm
948 1379 1149 1437 ecclesiarum
1168 1377 1372 1435 servitoribus
1387 1392 1506 1434 succes·

239 1486 313 1543 sivis
336 1486 529 1557 temporibus
561 1501 632 1542 cum
663 1485 796 1543 utilioris
823 1485 973 1543 ubertatis
999 1483 1130 1543 comodo
1151 1483 1316 1558 provenire
1339 1481 1505 1554 debendas‚

240 1591 277 1648 de
309 1597 415 1649 nostro
447 1606 596 1648 consensu
626 1597 656 1648 et
685 1592 813 1664 speciali
843 1591 1011 1649 annuencia
1034 1606 1069 1648 ac
1092 1589 1294 1664 permissione
1327 1586 1505 1647 huiusmodi

238 1699 317 1754 inter
348 1713 380 1754 se
410 1698 628 1755 concambium
659 1713 711 1754 seu
744 1697 1009 1771 permutacionem
1036 1695 1309 1770 possessionariam
1333 1691 1505 1751 ordinando

240 1801 381 1860 fecissent
404 1818 458 1860 seu
481 1802 698 1875 celebrassent,
730 1817 837 1875 ymmo
862 1803 1007 1874 fecerunt,
1030 1801 1212 1860 ordinarunt
1235 1799 1505 1875 etsollempniter

239 1909 436 1966 celebrarunt
471 1924 576 1966 coram
610 1910 708 1981 nobis,
742 1910 786 1966 sic
820 1907 982 1967 videlicet:
1018 1906 1101 1982 quod
1128 1906 1324 1981 supradictus
1357 1905 1505 1977 magister

240 2014 390 2086 Mychael,
413 2014 559 2087 predium
575 2014 702 2073 inferior
717 2015 832 2087 Blyzna
848 2022 1001 2086 vocatum,
1017 2030 1087 2072 curn
1105 2028 1168 2088 quo
1183 2011 1361 2086 supradicta
1376 2010 1505 2068 ecclesia

238 2121 333 2177 sancti
363 2119 512 2202 Johannis
542 2121 678 2195 baptiste
707 2137 764 2194 per
793 2121 897 2178 virum
927 2121 1034 2194 utique
1069 2119 1285 2179 honorabilem
1309 2123 1340 2175 et
1363 2131 1423 2174 non
1446 2117 1504 2174 im·

238 2226 350 2283 merito
379 2225 614 2298 recordacionis,
642 2226 774 2284 condam
804 2227 965 2285 dominum
986 2227 1168 2310 Johannem,
1191 2224 1442 2283 archidiaconum
1465 2220 1504 2280 de

239 2330 389 2388 Gewrche
412 2332 616 2406 principalem
642 2332 838 2391 fundatorem
854 2331 1001 2403 eiusdem,
1017 2349 1055 2390 ex
1078 2332 1175 2406 ipsius
1198 2330 1327 2405 capituli
1349 2328 1504 2387 adiutorio

240 2437 381 2494 extiterat
413 2437 517 2496 dotata
547 2439 665 2511 pariter
687 2444 717 2495 et
738 2445 854 2511 omata,
877 2439 968 2497 metis
992 2437 1195 2512 infrascriptis
1219 2436 1371 2495 inclusam
1394 2441 1423 2492 et
1446 2435 1504 2492 cir·

240 2541 427 2614 cumdatam,
458 2549 586 2616 excepta
617 2543 753 2618 quadam
784 2545 937 2617 particula
967 2550 1047 2602 terre
1078 2545 1212 2618 aplaga
1235 2541 1418 2600 occidentali
1441 2540 1504 2598 exi·

240 2653 336 2705 stente
354 2648 391 2705 de
407 2656 489 2706 terra
505 2649 579 2707 dicti
594 2650 702 2723 predii,
719 2651 810 2708 metis
825 2650 905 2709 inira
925 2650 1119 2708 declarandis
1135 2649 1270 2708 excisam
1286 2653 1316 2705 et
1331 2652 1502 2720 exceptam,

239 2755 270 2812 in
294 2770 355 2828 qua
379 2755 495 2812 scilicet
525 2756 614 2813 vinee
646 2757 761 2814 civium
791 2757 924 2815 civitatis
947 2756 1109 2816 Grecensis
1132 2762 1162 2814 et
1184 2755 1318 2813 aliorum
1341 2752 1502 2811 hominum

238 2861 550 2934 comprovincialium
579 2863 712 2920 existunt
743 2863 888 2936 plantate,
919 2879 1014 2937 quam
1044 2863 1145 2921 dictus
1172 2856 1335 2936 plebanus,
1365 2857 1504 2933 predicta

240 2967 370 3023 ecclesia
392 2967 489 3025 sancti
511 2968 658 3051 Johannis
682 2985 717 3026 ac
739 2985 797 3043 pro
821 2986 853 3028 se
879 2970 1004 3044 suisque
1026 2968 1255 3028 successoribus
1278 2971 1501 3040 sequestratam

238 3088 308 3129 curn
340 3073 404 3129 suis
435 3074 678 3132 obvencionibus
709 3077 861 3134 universis
890 3076 979 3134 duxit
1005 3072 1234 3145 reservandam,
1265 3088 1337 3131 cum
1363 3070 1502 3129 eiusdem

237 3180 337 3253 predii
363 3180 550 3238 utilitatibus
573 3187 603 3238 et
626 3183 820 3254 pertinenciis
854 3184 1007 3241 universis
1034 3182 1169 3241 cuiusvis
1191 3179 1325 3238 nominis
1348 3177 1503 3234 vocabulo

237 3285 387 3357 vocitatis,
411 3286 586 3358 specialiter
609 3302 684 3345 vero
707 3304 779 3346 curn
802 3305 864 3347 uno
886 3288 1066 3347 molendino
1089 3287 1120 3346 in
1143 3287 1238 3346 lluvio
1262 3285 1376 3358 Blyzna
1392 3288 1503 3341 vocato

240 3398 269 3448 et
292 3408 351 3449 una
384 3393 473 3449 vinea
505 3393 583 3450 intra
612 3399 709 3452 metas
740 3395 877 3453 eiusdem
905 3395 1006 3470 predii
1029 3394 1208 3465 constitutis
1232 3390 1418 3466 supradictis
1441 3389 1502 3447 fra·

239 3498 337 3554 tribus
361 3499 527 3556 Heremitis
558 3516 637 3557 nunc
664 3501 695 3557 in
726 3501 808 3558 dicto
832 3501 966 3560 claustro
989 3502 1079 3559 beate
1101 3500 1232 3573 virginis
1255 3503 1285 3557 et
1307 3499 1338 3556 in
1361 3495 1501 3554 futurum

238 3602 296 3660 deo
320 3609 350 3660 et
373 3604 438 3661 eius
458 3606 598 3677 genitrici
615 3607 727 3679 virgini
742 3608 877 3679 gloriose
892 3608 1006 3683 Jugiter
1022 3605 1253 3677 famulantibus
1269 3605 1335 3662 iure
1350 3608 1501 3678 perpetuo

237 3716 266 3766 et
291 3711 537 3769 irrevocabiliter
559 3714 789 3785 possidendum.
814 3713 980 3785 tenendum
1004 3719 1033 3771 et
1055 3712 1233 3772 habendum
1249 3709 1503 3770 concambialiter

239 3816 380 3887 dedisset,
401 3818 578 3876 tradidisset
602 3826 631 3876 et
654 3821 846 3893 assignasset,
869 3836 943 3893 ymo
962 3821 1069 3893 vigore
1084 3819 1324 3893 permutacionis
1350 3817 1501 3891 premisse

237 3922 330 3990 dedit,
355 3923 481 3980 tradidit
505 3932 535 3981 et
558 3926 725 3996 assignavit
748 3942 851 3984 coram
869 3927 966 3985 nobis.
982 3927 1006 3983 E
1021 3941 1171 3984 converso
1186 3931 1290 3984 autem
1306 3922 1501 3998 supradictus

237 4028 323 4101 prior
354 4033 382 4085 et
410 4030 545 4087 universi
581 4030 691 4088 fratres
720 4034 878 4091 Heremite
912 4033 1044 4107 predicti
1077 4032 1205 4090 claustri
1239 4032 1328 4090 beate
1362 4031 1499 4102 virginis,

238 4134 393 4206 quandam
418 4135 527 4193 villam
550 4138 697 4210 ipsorum,
714 4139 825 4213 Twpal
849 4147 1000 4210 vocatam,
1016 4139 1256 4208 Heremitarum,
1272 4139 1354 4196 ultra
1370 4138 1499 4197 fluvium

238 4239 326 4311 Zaue,
350 4241 381 4298 in
405 4243 547 4300 continua
572 4243 726 4301 vicinitate
750 4246 951 4318 possessionis
973 4251 1077 4304 nostre
1100 4245 1204 4304 Mlaka
1226 4253 1408 4319 nuncupate,
1428 4264 1500 4306 cum

237 4347 384 4403 omnibus
415 4348 600 4405 utilitatibus
630 4354 659 4406 et
689 4350 885 4423 pertinenciis
914 4367 950 4409 ac
983 4352 1150 4410 utilitatum
1177 4359 1208 4410 et
1240 4353 1499 4426 pertinenciarum

239 4451 376 4508 eiusdem
394 4453 636 4526 proprietatibus
653 4456 812 4528 universis,
829 4458 888 4514 sub
905 4457 1021 4515 eisdem
1037 4457 1243 4530 libertatibus,
1258 4458 1499 4534 condicionibus,

236 4557 325 4613 metis
348 4564 378 4615 et
402 4559 540 4616 terminis
570 4561 712 4633 antiquis,
743 4563 802 4619 sub
833 4563 948 4636 quibus
970 4579 1027 4637 per
1049 4564 1133 4638 ipsos
1157 4569 1316 4622 eteorum
1339 4565 1500 4640 predeces-

235 4676 329 4731 sores,
354 4670 388 4720 ut
410 4664 504 4721 series
527 4665 660 4723 continet
683 4673 860 4725 nostrarum
875 4668 1058 4740 litterarum,
1079 4670 1188 4728 eadem
1204 4677 1384 4729 conservata
1399 4673 1500 4732 extitit

235 4766 381 4825 hactenus
404 4765 520 4843 p’ariter
543 4777 573 4828 et
595 4786 745 4845 possessa,
776 4789 893 4833 necnon
923 4791 996 4833 cum
1018 4775 1154 4850 quadam
1177 4777 1267 4835 vinea
1289 4777 1321 4836 in
1344 4778 1500 4837 territorio
