3488 5242
571 341 644 397 Doc.
667 354 735 397 212.
759 351 826 416 ²¹3·
847 373 883 381 -
902 339 958 396 An.
982 352 1071 417 1347.

782 533 863 598 212.

295 678 372 725 Anno
395 684 468 736 1347,
491 675 530 728 16.
552 673 678 725 octobris.
699 674 795 723 Budae.

225 803 388 860 erdoot'cus
411 801 590 874 Hungariac
612 810 659 860 etc.
681 821 744 871 rex,
767 803 841 859 cives
870 801 1044 860 Grechenses
1067 821 1086 858 a
1109 802 1237 876 qualibet
1258 800 1414 857 tributaria

596 910 742 966 exactione
764 909 866 966 liberos
888 927 945 965 esse
967 909 1041 966 dicit.

278 1071 451 1129 Lodouicus
473 1071 523 1128 dei
546 1072 650 1142 gracia
673 1088 727 1129 rex
750 1073 914 1144 ilungarie.
938 1071 1097 1129 Fidelibus
1120 1073 1183 1129 suis
1210 1073 1362 1130 universis
1386 1086 1455 1144 pre·

190 1177 270 1245 latis,
291 1177 468 1247 baronibus,
484 1178 660 1248 comitibus,
676 1171 884 1254 (castellanis),
901 1178 1060 1235 nobilibus
1077 1183 1108 1234 et
1123 1178 1194 1235 aliis
1210 1178 1345 1235 cuiusvis
1361 1182 1458 1234 status

191 1287 220 1339 et
236 1283 394 1354 dignitatis
418 1283 604 1350 hominibus,
621 1297 791 1355 eorumque
806 1284 889 1340 vices
912 1284 1106 1355 gerentibus;
1130 1284 1204 1340 item
1228 1283 1407 1340 civitatibus
1425 1286 1455 1340 et

192 1388 299 1445 liberis
323 1388 408 1445 villis
431 1434 437 1446 .
462 1435 468 1447 .
492 1435 498 1446 .
522 1435 528 1447 .
552 1390 619 1457 bus,
650 1388 805 1446 iudicibus
834 1395 865 1447 et
899 1389 1013 1447 villicis
1045 1395 1107 1447 tam
1139 1390 1169 1446 in
1197 1390 1286 1447 terris
1309 1403 1403 1461 quam
1428 1389 1458 1446 in

191 1496 280 1567 aquis
304 1497 420 1552 tributa
442 1496 639 1561 habentibus,
663 1497 777 1568 quibus
800 1503 957 1571 presentes
980 1496 1181 1554 ostendentur
1197 1497 1328 1554 salutem
1345 1503 1375 1553 et
1390 1510 1459 1564 gra·

192 1603 280 1659 ciam.
304 1603 451 1659 Exhibuit
474 1604 564 1660 nobis
586 1604 662 1685 Jexa
693 1603 786 1660 iudex
816 1604 949 1660 civitatis
981 1603 1168 1661 Grechensis
1195 1602 1233 1659 de
1256 1602 1406 1674 Zagrabia
1430 1611 1459 1658 et

193 1707 374 1766 Benedictus
397 1709 474 1766 civis
497 1708 536 1765 de
559 1708 667 1765 eadem
691 1725 746 1766 sua
769 1714 799 1766 et
821 1710 1039 1767 universorum
1071 1710 1186 1767 civium
1220 1725 1273 1765 seu
1301 1709 1458 1780 hospitum

192 1812 230 1870 de
254 1814 390 1887 predicta
414 1815 537 1873 civitate
560 1821 665 1872 nostra
688 1817 719 1872 in
741 1816 890 1888 personis
920 1815 1147 1888 conquerendo
1171 1815 1254 1888 quod
1279 1830 1335 1871 vos
1354 1821 1460 1872 contra

192 1920 332 1992 ipsorum
356 1922 533 1978 libertatem
567 1938 623 1995 per
655 1921 886 1995 predecessores
915 1928 1037 1978 nostros
1069 1936 1247 1977 concessam
1270 1926 1299 1977 et
1324 1936 1379 1994 per
1406 1936 1461 1977 no·

193 2031 288 2083 stram
314 2026 505 2082 maiestatem
529 2026 644 2083 eisdem
670 2026 893 2095 confirmatam,
918 2027 948 2083 in
970 2026 1046 2083 locis
1070 2026 1260 2083 tributorum
1285 2032 1460 2082 vestrorum

193 2133 234 2189 ab
258 2133 333 2206 ipsis
358 2133 473 2189 tributa
497 2133 660 2204 exigeretis
684 2138 713 2189 et
737 2133 859 2204 exigere
891 2131 1040 2202 faceretis,
1073 2133 1189 2189 litteras
1218 2131 1373 2204 predictas
1396 2137 1485 2188 tam·

193 2239 447 2313 predecessorum
472 2246 649 2297 nostrorum
673 2254 768 2312 quam
784 2244 904 2296 nostras
928 2239 1175 2296 confirmatorias
1198 2237 1461 2311 parvipendendo.

194 2343 294 2419 Super
316 2361 378 2418 quo
402 2345 544 2403 fidelitati
568 2352 669 2403 vestre
698 2346 785 2417 regio
815 2344 917 2402 edicto
946 2344 1078 2402 firmiter
1100 2345 1211 2402 damus
1243 2345 1273 2401 in
1298 2344 1461 2417 preceptis.

195 2459 345 2523 quatenus
367 2467 385 2508 a
409 2450 536 2523 pretatis
561 2452 681 2508 civibus
704 2456 735 2508 et
759 2451 934 2524 hospitibus
964 2452 1077 2508 nostris
1105 2449 1142 2507 de
1164 2457 1268 2506 monte
1291 2448 1460 2507 Grechensi

194 2556 317 2613 nullum
341 2558 502 2628 tributum,
518 2558 679 2615 nullamve
696 2559 892 2615 tributariam
910 2558 1106 2615 exaccionem
1123 2558 1260 2630 recipere
1284 2560 1313 2613 et
1339 2556 1461 2627 exigere

194 2670 299 2719 contra
324 2662 497 2720 libertatem
523 2665 663 2738 ipsorum
687 2680 743 2737 per
767 2663 998 2736 predecessores
1021 2669 1142 2720 nostros
1165 2661 1321 2737 predictos
1345 2660 1459 2718 factam

195 2776 224 2824 et
248 2785 304 2842 per
327 2784 383 2825 nos
405 2769 522 2825 eisdem
557 2768 780 2839 confirmatam,
813 2769 1070 2842 presumpmatis;
1094 2784 1181 2825 secus
1215 2768 1292 2824 sicut
1320 2774 1457 2823 nostram

194 2876 311 2947 regiam
336 2874 581 2947 indignacionem
605 2876 741 2947 graviter
773 2876 929 2932 incurrere
952 2874 1136 2945 formidatis,
1162 2873 1262 2931 facere
1282 2873 1458 2930 nullatenus

195 2980 339 3037 audeatis.
375 2981 489 3038 Datum
515 2981 607 3051 Bude‚
640 2980 771 3038 infesto
796 2982 876 3038 beati
900 2980 986 3038 Galli
1007 2980 1198 3038 contessoris.
1231 2982 1320 3036 Anno
1344 2968 1462 3035 domini

196 3087 363 3144 millesimo
387 3087 521 3144 CCCXL
544 3088 686 3162 septimo,

284 3205 423 3270 Originale
443 3205 470 3253 in
489 3205 647 3258 membrana.
667 3221 681 3253 a
701 3211 778 3268 tergo
798 3205 939 3271 vestigium
958 3205 1047 3269 magni
1068 3204 1190 3269 impressi
1210 3203 1302 3268 sigilli.
1317 3202 1347 3252 In
1361 3202 1461 3252 archiv.

195 3292 241 3341 lib.
261 3308 316 3359 reg.
336 3293 385 3343 civ.
404 3294 511 3358 zagrab.

790 3523 871 3590 213.

302 3668 378 3715 Anno
400 3674 473 3726 1347,
494 3675 516 3724 3.
537 3666 695 3716 novembris.
716 3666 854 3716 Avinione.

203 3792 349 3852 Unirnrsis
379 3794 488 3850 Cltrr'slr'
507 3794 645 3868 fidelibus
675 3793 819 3852 ecclesiam
841 3796 1008 3862 nrorrastcre'i
1028 3795 1051 3851 b.
1077 3813 1102 3851 a.
1127 3796 1249 3852 Mariae
1279 3796 1339 3852 arel.
1370 3797 1464 3853 cister·

196 3902 304 3963 creasti,
330 3900 505 3971 Zagrnhioe,
528 3900 625 3958 dicbus
648 3901 817 3975 quibusdam
832 3901 920 3976 festis
942 3901 1039 3958 cleonte
1063 3902 1254 3971 visitantibus,
1271 3900 1465 3973 itrrlulgeatr'ac

729 4009 926 4065 conceduntur.

288 4152 444 4209 Universis
475 4158 577 4209 sancte
608 4153 716 4209 matris
746 4154 873 4212 ecclesie
904 4153 978 4210 filiis
1005 4152 1044 4210 ad
1079 4169 1158 4226 quos
1181 4161 1339 4228 presentes
1363 4157 1464 4214 littere

199 4259 402 4330 pervenerint,
426 4274 489 4325 nos
513 4259 713 4316 miseracione
736 4258 849 4328 divina,
875 4259 976 4316 Adam
993 4261 1178 4332 parmensis,
1197 4261 1378 4318 Franciscus
1394 4278 1463 4319 can-

199 4364 328 4431 licensis,
352 4363 520 4420 Nicholaus
551 4365 705 4434 acciensis
736 4364 871 4447 Jacobus
902 4365 1059 4433 hairensis‚
1090 4364 1259 4437 Gregorius
1282 4366 1464 4435 salimensis‚

199 4471 389 4541 Augustinus
419 4469 660 4540 destillariensis‚
691 4471 845 4552 Johannes
876 4471 1083 4540 tribuniensis‚
1108 4470 1276 4543 Gregorius
1300 4471 1464 4544 opidensis,

198 4575 334 4632 Thomas
358 4577 503 4646 tiniensis,
528 4576 696 4634 Nicholaus
718 4577 883 4647 suanensis,
907 4577 1061 4633 Auancius
1085 4577 1282 4648 xanthiensis,
1309 4577 1464 4660 Johannes

200 4682 435 4754 termipolensis‚
470 4683 649 4739 Franciscus
682 4682 850 4753 brehensiS,
885 4683 994 4739 Petrus
1028 4682 1183 4740 calliensis
1217 4687 1246 4739 et
1283 4682 1464 4740 Benedictus

198 4788 395 4858 samonensis,
412 4788 557 4861 episcopi,
574 4788 705 4845 salutem
723 4789 753 4845 in
773 4787 899 4846 domino
916 4788 1146 4862 sempiternam.
1163 4786 1320 4862 Splendor
1337 4779 1465 4861 pateme'
