3488 5242
237 326 297 401 296
659 325 730 381 Dec.
749 338 820 401 311.
849 358 884 365 -
912 325 967 381 Aa.
992 320 1081 400 1382.

236 537 326 578 causa
349 521 380 578 in
402 521 553 594 premissa
576 522 656 578 inter
678 527 782 595 partes
805 521 972 579 antedictas
996 522 1090 580 finem
1115 520 1286 580 decisivum
1310 524 1392 580 bono
1408 522 1503 580 modo

238 626 338 683 facere
368 642 428 684 non
461 627 678 700 potuissemus,
710 625 864 699 predictas
894 627 1013 685 litteras
1043 629 1074 685 in
1106 628 1279 702 crapellum
1306 628 1502 700 includendo

237 734 296 790 sub
319 733 521 806 impressione
544 734 653 806 capitis
675 733 771 805 sigilli
793 733 899 804 nostri,
918 750 974 807 per
997 734 1128 791 eundem
1153 732 1314 791 dominum
1330 736 1503 817 Johannem

238 840 328 896 vobis
351 839 595 910 transmittendo,
619 839 801 897 litteratorie
825 840 916 897 vobis
939 840 1111 911 scribendo,
1135 840 1219 912 regia
1243 840 1273 897 in
1298 855 1429 913 persona
1451 855 1503 897 no-

237 954 362 1019 straque
385 947 566 1003 auctoritate
586 946 746 1004 iudiciaria
770 946 925 1003 mediante
949 946 1048 1003 firmis
1072 946 1264 1003 dedissemus
1287 946 1316 1004 in
1342 945 1503 1016 mandatis,

237 1052 320 1125 quod
346 1059 439 1126 prout
462 1053 552 1109 vobis
575 1052 614 1109 de
636 1053 833 1109 emanacione
857 1051 1012 1109 dictarum
1038 1053 1211 1110 litterarum
1230 1059 1402 1109 vestrarum
1420 1051 1504 1108 vide·

237 1159 310 1215 licet
340 1158 370 1215 in
402 1163 511 1229 quarta
541 1159 702 1232 scriptura,
734 1174 804 1214 cera
836 1164 865 1215 et
892 1159 987 1230 sigilli
1012 1159 1149 1215 scultura
1183 1173 1219 1214 ac
1242 1157 1339 1214 eciam
1363 1157 1402 1214 de
1425 1172 1504 1214 anno

238 1272 268 1321 et
298 1270 439 1337 tempore
470 1264 676 1321 emanacionis
708 1263 888 1321 earumdem
924 1269 1076 1321 constaret
1110 1263 1262 1321 certitudo
1292 1263 1438 1333 veritatis,
1466 1263 1503 1319 ad

239 1376 395 1443 presentes
423 1375 547 1426 octavas
580 1369 650 1427 festi
683 1370 764 1427 beati
795 1370 904 1452 Jacobi
928 1370 1062 1443 apostoli
1085 1370 1251 1426 simulcum
1275 1369 1505 1427 transmissione

240 1475 392 1532 dictarum
424 1476 598 1532 litterarum
629 1481 804 1533 nostrarum
836 1483 866 1532 et
898 1475 971 1532 dicti
995 1476 1089 1532 vestri
1115 1475 1271 1548 privilegii
1295 1490 1351 1548 per
1374 1473 1505 1531 eundem

240 1580 402 1639 dominum
431 1582 604 1663 Johannem
634 1582 693 1638 sub
728 1586 832 1638 vestro
863 1581 968 1653 sigillo
999 1581 1088 1638 nobis
1111 1581 1377 1655 reportandarum,
1402 1588 1504 1637 utrum

240 1703 315 1744 vero
339 1694 369 1744 et
391 1687 472 1743 iusto
495 1686 589 1743 modo
612 1692 712 1744 essent
735 1693 882 1758 emanate,
907 1704 964 1761 per
988 1694 1106 1745 vestras
1131 1687 1248 1744 litteras
1271 1687 1360 1743 nobis
1381 1700 1507 1759 respon-

242 1792 314 1850 dere
338 1792 530 1862 debuissetis,
553 1798 645 1865 prout
668 1792 765 1849 eciam
789 1792 828 1850 de
852 1793 1012 1867 premissis
1035 1792 1125 1849 nobis
1148 1797 1267 1849 constat
1287 1790 1439 1848 certitudo
1457 1807 1507 1847 ve·

240 1897 358 1967 ritatis;
382 1913 499 1970 vosque
522 1898 650 1972 prefatis
673 1899 784 1956 litteris
807 1900 920 1956 nostris
953 1898 1156 1972 parvipensis,
1187 1897 1310 1954 easdem
1341 1898 1507 1953 simulcum

241 2003 388 2077 predictis
420 2004 530 2060 litteris
563 2005 673 2061 vestris
704 2004 954 2077 privilegialibus
986 2005 1076 2061 vobis
1107 2003 1145 2060 ad
1175 2011 1322 2073 vestrum,
1351 2009 1383 2060 ut
1405 2002 1509 2076 predi·

201 2090 204 2095 ⁴
242 2109 329 2179 citur,
353 2125 482 2166 examen
506 2110 702 2180 transmissis,
727 2125 800 2181 erga
821 2125 877 2166 vos
896 2110 1084 2167 reservando
1107 2110 1145 2167 ad
1164 2116 1305 2166 contenta
1328 2109 1508 2166 earumdem

242 2215 362 2273 nullam
383 2214 597 2288 responsivam
613 2231 668 2272 nec
683 2221 825 2272 oretenus
842 2231 897 2272 nec
913 2217 1023 2272 vestris
1042 2215 1152 2273 litteris
1169 2214 1376 2272 mediantibus
1392 2215 1423 2270 in
1441 2230 1509 2287 pre·

242 2320 391 2378 iudicium
422 2320 519 2377 nostri
549 2320 700 2377 iudicatus
735 2319 809 2377 dare
840 2325 870 2377 et
901 2320 1089 2393 respondere
1120 2321 1290 2377 curassetis.
1315 2319 1412 2390 Unde,
1437 2321 1510 2392 quia

244 2427 321 2484 tales
354 2426 604 2500 presumpciosos
635 2433 665 2483 et
695 2427 859 2500 nepharios
892 2443 1033 2483 excessus
1056 2443 1091 2482 ac
1115 2428 1213 2483 eciam
1238 2427 1508 2500 parvipensionem

244 2532 418 2589 litterarum
454 2538 629 2588 nostrarum
664 2531 809 2588 nolumus
848 2531 936 2588 inane
972 2532 1167 2604 pertransire,
1197 2532 1389 2589 universitati
1416 2532 1510 2602 igitur

244 2643 346 2694 vestre
378 2637 444 2694 vice
475 2637 592 2707 iterata,
622 2637 707 2708 regia
738 2637 767 2693 in
793 2652 922 2709 persona
951 2642 1118 2709 nostraque
1146 2637 1326 2693 auctoritate
1351 2636 1509 2694 iudiciaria

245 2744 399 2801 mediante
430 2744 529 2801 firmis
559 2743 669 2799 damus
699 2743 730 2800 in
763 2742 922 2812 mandatis,
951 2750 1100 2815 quatenus
1136 2751 1228 2816 prout
1251 2744 1342 2800 vobis
1366 2743 1403 2799 de
1427 2760 1509 2800 erna-

244 2851 371 2908 nacione
395 2850 546 2906 dictarum
572 2848 745 2906 litterarum
769 2856 944 2906 vestrarum
970 2849 1213 2922 privilegialium
1238 2849 1376 2906 veritatis
1392 2857 1511 2906 constat

246 2956 406 3027 certitudo
430 2963 534 3013 utrum
559 2970 632 3012 vero
656 2954 763 3011 eedem
789 2955 890 3011 littere
914 2961 1015 3011 vestre
1037 2955 1098 3012 sint
1121 2962 1151 3011 et
1171 2961 1283 3024 extant,
1300 2971 1336 3011 an
1355 2972 1400 3025 ne,
1417 2956 1510 3012 simul

246 3078 318 3119 cum
341 3061 570 3119 transmissione
594 3060 773 3117 earumdem
798 3062 856 3117 sub
880 3067 984 3116 vestro
1008 3060 1113 3131 sigillo
1135 3075 1239 3116 coram
1264 3061 1439 3117 testimonio
1463 3077 1512 3117 ca-

247 3167 339 3242 pituli
368 3168 495 3224 ecclesie
525 3167 739 3238 zagrabiensiS,
770 3167 851 3239 quod
886 3183 941 3239 per
977 3167 1079 3239 ipsum
1111 3167 1282 3239 capitulum
1315 3166 1352 3222 ad
1379 3167 1409 3222 id
1434 3168 1512 3223 serie

248 3273 440 3346 presencium
474 3273 680 3330 amicabiliter
712 3273 918 3329 transmittere
949 3273 1152 3344 postulamus,
1182 3273 1291 3340 litteris
1314 3273 1425 3328 vestris
1449 3289 1512 3328 me·

248 3379 404 3435 diantibus
428 3394 484 3450 per
507 3379 609 3450 ipsum
634 3378 795 3434 dominum
818 3378 990 3459 Johannem
1008 3378 1096 3433 nobis
1113 3378 1308 3451 reportandis
1327 3378 1513 3451 respondere

250 3484 387 3541 debeatis
411 3500 521 3541 recusa
544 3490 573 3540 et
590 3500 679 3541 mora
695 3485 812 3557 absque
829 3485 920 3541 omni.
940 3484 998 3540 Pro
1023 3484 1141 3556 prefata
1165 3491 1268 3540 antem
1284 3493 1386 3540 vestra
1409 3490 1513 3540 contu-

249 3592 348 3648 macia
370 3596 400 3647 et
431 3591 601 3647 rebellione
633 3592 663 3648 in
696 3591 812 3647 octavis
844 3590 911 3646 sesti
936 3590 1016 3646 beati
1042 3590 1210 3661 Mychaelis
1233 3591 1408 3660 archangeli
1434 3607 1514 3646 nunc

249 3697 394 3764 venturis,
418 3696 482 3753 sine
507 3697 734 3764 crastinacione,
767 3696 970 3769 personaliter
1001 3703 1030 3752 et
1061 3711 1121 3751 non
1145 3712 1201 3768 per
1225 3702 1457 3768 procuratorem
1482 3697 1512 3752 in

249 3803 334 3860 curia
356 3803 442 3874 regia
466 3802 495 3858 in
521 3802 678 3873 presencia
710 3808 857 3874 tanquam
888 3804 1008 3860 evocati
1038 3803 1243 3875 compareatis
1267 3802 1420 3857 racionem
1446 3818 1513 3873 pre-

250 3909 414 3965 missorum
441 3907 590 3965 reddituri
615 3907 772 3964 efficacem
796 3915 825 3964 et
848 3914 918 3980 post
941 3909 998 3964 bec
1022 3909 1120 3966 tocius
1144 3908 1215 3964 facti
1235 3909 1356 3976 seriem,
1373 3914 1405 3963 ut
1423 3907 1514 3964 luerit

250 4013 424 4086 expediens,
457 4013 495 4069 ad
528 4013 624 4069 dictas
655 4019 778 4069 octavas
810 4014 840 4070 in
871 4014 982 4070 litteris
1013 4014 1086 4071 dicti
1108 4014 1236 4086 capituli
1260 4013 1386 4069 domino
1410 4020 1514 4069 nostro

251 4121 314 4191 regi
339 4120 486 4176 volumus
509 4119 676 4191 reportari3
714 4127 870 4191 presentes
894 4135 969 4176 vero
992 4126 1062 4192 post
1088 4120 1236 4176 lecturam
1261 4118 1349 4176 reddi
1373 4120 1516 4175 iubemus

252 4226 445 4300 presentanti.
470 4227 584 4282 Datum
609 4225 639 4281 in
663 4224 851 4296 Wissegrad,
876 4225 1026 4296 vigesimo
1049 4232 1159 4281 octavo
1183 4224 1233 4280 die
1249 4233 1429 4279 octavarum
1448 4223 1515 4281 festi

252 4333 334 4390 beati
357 4332 465 4414 jacobi
488 4331 621 4404 apostoli
646 4329 863 4402 predictarum.
889 4333 977 4387 Anno
999 4331 1115 4388 domini
1134 4330 1356 4386 ltht't'JLXXX
1374 4330 1514 4387 secundo

342 4467 481 4532 originale
502 4466 528 4515 in
547 4466 645 4523 charta,
666 4481 679 4514 a
700 4471 775 4530 tergo
796 4464 953 4530 impressum
973 4472 1011 4515 est
1035 4465 1161 4530 sigillum.
1188 4465 1217 4514 In
1235 4465 1305 4513 arch.
1325 4464 1371 4513 lib.
1392 4481 1446 4529 reg.
1466 4465 1514 4514 civ.

253 4557 357 4622 zagrab.
