3488 5242
594 315 667 372 Doc.
686 330 763 393 304.
774 326 850 393 305.
877 349 913 358 -
934 316 990 374 An.
1013 312 1106 393 1380.

800 511 894 577 304.

312 635 389 684 Anno
411 635 485 693 1380,
506 643 546 694 23.
566 634 637 685 maii.
656 633 810 700 Zagrabiae.

248 759 415 818 Themlinus
437 762 606 819 taoamicus
629 762 674 818 ius
700 759 811 817 (luendi
838 760 868 816 in
898 779 987 818 causa
1014 761 1196 832 Michaslem
1216 763 1317 837 filium
1346 762 1472 839 Orthols

398 867 523 924 intere!
537 867 680 943 jacobum
703 868 787 924 Bolle
809 866 852 923 ad
872 868 1026 942 „antiquos
1047 867 1172 925 iudicest
1194 869 1310 942 relegat.

309 1009 371 1067 Nos
394 1010 576 1069 Themlinus
606 1012 753 1084 magister
784 1011 1035 1069 thavamicorum
1067 1014 1221 1085 regalium
1243 1020 1274 1070 et
1296 1014 1389 1071 iudex
1421 1015 1487 1071 uui-

220 1130 380 1173 versarum
402 1118 563 1174 civitatum
587 1117 760 1175 liberarum
783 1118 813 1174 in
836 1133 931 1189 regno
960 1118 1116 1190 Hungarie
1147 1120 1355 1177 existencium.
1389 1120 1486 1178 Vobis

220 1220 324 1292 iudici,
348 1219 464 1292 iuratis,
495 1223 678 1281 consiiiariis
708 1230 738 1280 et
769 1223 921 1281 universis
952 1223 1073 1280 civibus
1105 1224 1239 1282 civitatis
1271 1225 1384 1282 montis
1408 1224 1485 1283 Gre-

220 1328 340 1385 chensis
363 1328 402 1385 de
425 1328 584 1400 Zagrabia,
608 1330 721 1387 nostris
751 1329 867 1399 amicis,
891 1329 1082 1402 precipimus
1106 1335 1136 1386 et
1158 1330 1303 1402 petimus,
1335 1337 1486 1403 quatenus

220 1449 344 1491 causam
368 1435 536 1505 Michaelis,
561 1434 620 1492 filii
644 1435 773 1493 Ortholf
793 1442 824 1493 et
843 1434 953 1518 Jacobi
976 1433 1058 1505 Bole,
1074 1434 1207 1492 condam
1223 1434 1341 1508 iudicis,
1366 1443 1483 1494 vestro-

220 1555 290 1596 rum
313 1542 496 1612 concivium,
524 1542 603 1598 inter
633 1542 717 1615 ipsos
748 1541 941 1611 ventilatam,
974 1548 1066 1614 prout
1098 1540 1204 1598 suisset
1238 1542 1399 1615 nuperime
1430 1558 1486 1615 per

219 1660 275 1701 nos
299 1646 465 1703 diiudicata
490 1654 519 1705 et
543 1647 669 1705 demum
694 1648 732 1704 ad
755 1648 898 1719 antiquos
921 1646 1037 1703 iudices
1059 1645 1190 1704 deducta
1207 1654 1236 1704 et
1252 1648 1412 1721 appellata
1429 1664 1485 1721 per

218 1752 351 1809 eundem
374 1753 527 1835 Jacobum
552 1753 634 1824 Bole,
658 1753 718 1810 fine
743 1753 873 1811 iuridico
897 1760 927 1810 et
950 1752 1086 1809 decisivo
1109 1755 1174 1811 sine
1197 1754 1303 1826 aliqua
1331 1753 1483 1811 dilacione

220 1855 388 1915 diiudicare
412 1865 442 1916 et
465 1858 671 1916 determinare
695 1858 821 1930 faciatis,
853 1864 945 1933 prout
976 1859 1005 1915 in
1030 1866 1134 1915 nostra
1158 1860 1315 1932 presencia
1339 1875 1485 1932 persona-

220 1963 291 2020 liter
314 1966 540 2038 assumpsistis;
564 1966 702 2037 alioquin
736 1966 761 2022 si
791 1981 878 2022 secus
910 1965 1051 2033 feceritis
1075 1964 1227 2037 prefatam
1252 1980 1377 2022 causam
1400 1967 1485 2022 iuxta

219 2071 442 2128 continenciam
464 2072 597 2128 aliarum
622 2071 798 2129 litterarum
820 2077 997 2128 nostrarum
1020 2070 1315 2128 adiudicatoriarum
1338 2086 1485 2144 persona·

218 2176 290 2233 liter
313 2175 476 2234 decernere
499 2177 694 2234 intendamus
717 2183 747 2233 et
769 2176 899 2234 difinire.
930 2177 1046 2233 Datum
1076 2175 1233 2248 Zagrabie‚
1268 2175 1344 2233 seria
1375 2185 1484 2249 quarta

146 2259 151 2269 ¹
219 2283 363 2353 proxima
386 2288 455 2339 ante
480 2281 592 2339 festum
615 2282 815 2339 sacratissimi
838 2282 977 2355 corporis
1001 2281 1123 2339 Christi.
1155 2284 1245 2339 Anno
1269 2281 1386 2339 domini
1411 2283 1480 2340 mil·

219 2387 327 2444 lesimo
351 2387 551 2444 CCCLXXX.
576 2388 734 2445 Presentes
757 2389 840 2445 enim
864 2386 952 2444 reddi
976 2388 1121 2445 iubemus
1149 2393 1219 2460 post
1242 2388 1389 2445 lectivam
1413 2404 1484 2460 pre·

218 2493 356 2549 sentanti.
379 2493 504 2561 Datum,
529 2500 562 2550 ut
585 2509 688 2567 supra.

308 2608 448 2675 Originale
468 2610 494 2659 in
513 2610 612 2666 charta,
632 2610 751 2676 sigilium
771 2611 933 2676 impressum.
954 2610 983 2660 In
996 2611 1095 2661 archiv.
1110 2614 1127 2660 l.
1147 2628 1169 2663 r.
1188 2612 1237 2662 civ.
1258 2614 1361 2678 zagrab.

805 2879 895 2944 305.

323 3005 400 3051 Anno
423 3003 496 3060 1380,
516 3008 556 3055 27.
577 3001 647 3051 maii.
668 3002 774 3051 Romae.

224 3128 361 3186 Urbanus.
391 3130 438 3185 Vl.
455 3136 539 3203 papa
564 3130 664 3186 abbati
691 3130 715 3186 b.
747 3147 772 3186 u.
800 3130 923 3186 Mariae
944 3130 979 3187 de
1005 3131 1139 3203 Toprcsko
1159 3132 1289 3201 mandat,
1312 3141 1346 3190 ut
1365 3133 1400 3189 de
1422 3133 1484 3190 iure

404 3242 583 3308 patronatus
611 3236 673 3292 eccl.
695 3254 717 3292 s.
740 3235 844 3291 Marci
868 3237 1001 3310 inquirat
1021 3244 1049 3293 el
1069 3237 1176 3294 abusus
1198 3238 1287 3294 tollat.

306 3379 450 3436 Vrbanus
481 3381 645 3453 episcopus
675 3396 784 3437 servus
815 3395 977 3437 servorum
1008 3379 1064 3438 dei.
1088 3380 1211 3438 Dilecto
1233 3379 1301 3437 filio
1325 3426 1353 3439 ..
1377 3382 1484 3440 abbati

218 3491 321 3541 sancte
344 3486 440 3542 Marie
463 3485 502 3542 de
525 3485 663 3559 Toplica,
687 3487 893 3559 zagrabiensis
917 3485 1046 3543 diocesis
1069 3486 1203 3543 salutem
1226 3492 1256 3543 et
1279 3488 1484 3560 apostolicam

219 3591 471 3648 benedictionem.
495 3591 621 3649 Dudum
654 3593 795 3666 exposito
825 3592 915 3649 nobis
939 3607 996 3665 pro
1020 3598 1107 3664 parte
1130 3593 1280 3648 carissimi
1305 3593 1335 3649 in
1359 3593 1483 3650 Christo

218 3696 276 3753 filii
299 3698 396 3754 nostri
420 3697 588 3768 Ludowici‚
612 3700 693 3770 regis
717 3699 852 3771 Vngarie
873 3698 1013 3768 illustris,
1030 3698 1114 3770 quod
1138 3698 1279 3755 licerius
1302 3705 1482 3771 patronatus

217 3804 315 3859 tocius
348 3804 492 3876 cappelle
526 3805 622 3862 sancti
655 3806 749 3862 Marci
774 3805 887 3862 montis
910 3803 1073 3861 Grecensis
1096 3820 1153 3877 per
1174 3810 1236 3861 tres
1259 3804 1349 3861 solite
1369 3805 1481 3876 guber-

217 3909 282 3964 nari
308 3916 450 3979 rectores,
474 3912 681 3981 zagrahiensis
713 3911 851 3981 diocesis,
879 3909 917 3966 ad
942 3910 1044 3982 ipsum
1068 3925 1174 3981 regem
1195 3910 1275 3967 iusto
1299 3910 1389 3967 titulo
1413 3926 1482 3983 per·

216 4014 325 4070 tineret
349 4022 441 4087 prout
465 4016 605 4088 pertinet,
625 4017 753 4090 ipsaque
776 4016 898 4089 capella
922 4016 972 4072 vel
996 4016 1101 4087 aliqua
1126 4016 1190 4072 eius
1213 4031 1286 4089 pars
1309 4022 1381 4072 tunc
1405 4022 1482 4072 tem·

216 4121 301 4192 poris
325 4122 452 4178 minime
477 4122 654 4191 vacavisset,
686 4138 741 4179 nec
765 4128 894 4179 vacaret.
927 4121 1064 4178 Tandem
1100 4120 1231 4178 dilectus
1254 4120 1338 4178 filius
1363 4120 1482 4179 Blasius

216 4225 254 4281 de
278 4227 400 4297 Paiana,
424 4228 553 4284 clericus
576 4226 656 4285 dicte
680 4228 818 4299 diocesis,
851 4228 929 4286 falso
952 4227 1135 4302 pretendens
1169 4227 1252 4300 quod
1284 4229 1378 4285 tercia
1408 4244 1480 4301 pars

217 4332 335 4403 prefate
366 4334 486 4406 capelle
518 4335 654 4405 vacabat,
685 4342 714 4391 et
738 4341 880 4408 pretextu
905 4335 1112 4407 quarumdam
1136 4334 1310 4391 litterarum
1334 4335 1482 4408 apostoli·

216 4452 331 4508 carum,
356 4454 433 4510 quas
455 4455 613 4511 nunquam
637 4440 667 4497 in
692 4441 834 4513 partibus
857 4441 920 4497 illis
943 4441 1134 4510 exhibuerat,
1157 4441 1217 4497 sibi
1241 4440 1280 4497 de
1304 4441 1368 4497 iure
1389 4440 1482 4498 debe·

217 4543 316 4614 batur,
351 4545 482 4601 eundem
507 4560 612 4617 regem
635 4561 728 4619 super
751 4546 834 4603 dicta
858 4547 953 4604 tercia
973 4553 1061 4620 parte
1081 4546 1162 4604 dicte
1184 4546 1305 4620 capelle
1328 4547 1482 4620 multipli-

215 4650 290 4705 citer
313 4650 539 4707 molestaverat.
565 4650 627 4707 Nos
650 4650 689 4707 ad
713 4652 894 4710 instanciam
917 4652 991 4709 dicti
1015 4653 1096 4725 regis
1114 4651 1228 4710 dilecto
1243 4651 1311 4710 filio
1327 4696 1333 4710 .
1350 4697 1356 4710 .
1373 4653 1481 4710 abbati

216 4756 394 4813 monasterii
426 4763 529 4813 sancte
563 4758 659 4814 Marie
692 4765 780 4815 extra
807 4773 914 4816 muros
936 4756 1156 4831 Zagrabienses
1179 4773 1236 4832 per
1259 4758 1336 4816 alias
1358 4765 1480 4816 nostras
