3488 5242
261 338 321 411 338
678 335 751 392 Dec.
769 331 847 410 360.
874 366 910 375 -
936 333 992 390 An.
1016 346 1104 409 1392.

259 538 289 589 et
311 531 519 589 controversie
542 531 655 604 prioris
678 532 729 588 vel
752 532 814 589 alia
837 547 1034 604 quacumque
1057 547 1148 588 causa
1171 547 1269 604 usque
1294 532 1324 589 in
1349 537 1525 604 presentem

260 636 359 706 diem;
391 653 428 694 ex
459 643 546 709 parte
577 651 652 694 vero
683 636 837 694 dictorum
870 637 1067 695 dominorum
1100 639 1318 695 canonicorum
1345 645 1374 694 et
1397 639 1526 711 capituli

259 742 403 799 similiter
433 742 574 800 remissio
603 742 669 799 fieri
701 743 813 800 debeat
843 743 902 816 ipsi
935 743 1061 799 domino
1091 744 1237 817 episcopo
1265 743 1303 799 dc
1326 744 1472 801 omnibus
1495 738 1525 800 et

259 847 389 919 singulis
412 848 556 905 similiter
589 848 715 919 iniuriis,
747 848 877 917 damnis,
901 850 1043 921 expensis
1067 856 1097 906 et
1120 850 1274 920 interesse,
1299 850 1324 906 si
1347 864 1424 922 quas
1447 855 1477 906 et
1500 851 1526 907 si

260 969 320 1025 que
343 952 459 1010 eisdem
484 953 584 1010 dictus
607 953 751 1010 dominus
774 955 939 1027 episcopus
963 954 1123 1025 intulisset,
1148 960 1177 1012 et
1201 957 1286 1013 omni
1309 956 1365 1025 liti,
1390 971 1480 1013 cause
1496 965 1526 1013 et

258 1060 375 1117 accioni
398 1074 433 1116 ac
457 1060 673 1128 controversie,
697 1075 792 1132 quam
816 1061 845 1117 in
873 1061 958 1116 curia
982 1075 1109 1117 romana
1134 1062 1282 1118 haberent
1306 1078 1400 1134 super
1416 1078 1524 1135 supra·

259 1166 367 1238 positis
399 1181 456 1238 per
486 1167 569 1238 ipsos
603 1166 673 1222 hinc
701 1166 771 1222 inde
798 1165 906 1223 cedere
930 1166 1063 1223 debeant
1085 1174 1214 1239 utreque
1235 1174 1338 1240 partes
1362 1172 1392 1224 et
1414 1184 1526 1225 renun-

260 1272 357 1339 ciare;
389 1277 501 1329 statuta
535 1278 639 1329 eotum
670 1279 700 1329 et
731 1272 974 1342 constituciones,
1011 1273 1197 1329 moniciones
1228 1279 1258 1329 et
1289 1280 1435 1346 precepta
1470 1290 1526 1346 per

260 1379 363 1452 ipsum
394 1379 555 1435 dominum
587 1379 768 1451 episcopum
801 1379 865 1434 sine
897 1394 1019 1435 assensu
1052 1379 1148 1450 ipsius
1172 1379 1299 1451 capituli
1323 1379 1450 1436 iuridice
1474 1380 1525 1436 vel

260 1500 319 1541 non
353 1484 481 1542 iuridice
505 1500 564 1557 que
589 1484 686 1541 dictos
710 1483 851 1540 dominos
874 1486 1037 1541 canonicos
1053 1492 1082 1542 et
1098 1486 1268 1558 capitulum
1285 1486 1435 1543 valuisset
1450 1501 1526 1558 quo-

260 1591 308 1647 vis
332 1589 425 1647 modo
448 1605 619 1662 aggravare
654 1589 771 1646 fiendas
802 1595 831 1646 et
861 1588 957 1646 factas
984 1606 1129 1648 revocare
1152 1597 1181 1648 et
1204 1592 1364 1648 annullare
1388 1598 1417 1648 et
1438 1592 1526 1648 nulla

259 1702 290 1781 et
327 1696 438 1764 nullas,
486 1696 571 1752 irrita
609 1702 639 1752 et
677 1696 779 1752 irritas
817 1696 1022 1768 pronunciare
1059 1705 1089 1753 et
1126 1712 1184 1770 pro
1226 1697 1322 1754 nullis
1358 1698 1426 1770 ipse
1471 1697 1525 1754 do·

261 1803 363 1859 minus
394 1803 557 1874 episcopus
588 1803 703 1858 babere
734 1801 852 1858 debeat.
884 1799 943 1859 Sed
971 1803 1044 1874 quia
1067 1802 1105 1858 de
1137 1808 1166 1857 et
1196 1818 1290 1875 super
1324 1802 1452 1859 decimis
1487 1802 1525 1858 de

260 1909 431 1966 Dauidowc
461 1924 496 1964 ac
528 1915 610 1964 recta
633 1908 738 1981 equali
761 1907 925 1964 medietate
949 1907 1141 1964 decimarum
1165 1907 1204 1964 de
1226 1907 1354 1964 decimis
1378 1908 1525 1965 territorii

261 2016 321 2072 vici
344 2015 523 2072 Latinorum
557 2031 592 2070 ac
615 2013 653 2070 de
677 2013 766 2070 dictis
796 2015 915 2086 campis
941 2028 976 2070 ac
1000 2014 1089 2070 terris
1113 2013 1335 2086 Bokaniapolia
1358 2020 1388 2070 et
1411 2012 1525 2085 Ztruga

260 2121 436 2194 appellatis
461 2137 546 2193 quas,
573 2135 652 2192 quos
675 2128 704 2175 et
729 2135 789 2191 que
813 2118 925 2192 prefati
948 2119 1064 2176 domini
1090 2119 1234 2176 videlicet
1259 2119 1388 2192 predicti
1412 2119 1471 2176 sibi
1495 2126 1525 2175 et

260 2227 400 2298 ipsorum
424 2242 528 2283 mense
552 2227 592 2282 ab
616 2227 742 2298 antiquo
766 2225 948 2298 pertinuisse
972 2232 1002 2282 et
1025 2226 1177 2297 pertinere
1201 2241 1240 2281 ex
1263 2241 1299 2282 eo
1319 2225 1433 2282 debere
1448 2225 1524 2282 alle·

259 2331 362 2404 gando
384 2334 561 2388 asserebant
582 2339 611 2388 et
633 2331 810 2388 huiusmodi
834 2332 1038 2387 assercionem
1063 2347 1119 2403 per
1146 2339 1227 2388 certa
1248 2332 1396 2388 litteraria
1413 2332 1525 2388 instru-

260 2445 371 2503 menta,
395 2444 428 2494 ut
452 2436 614 2509 prefertur,
639 2437 903 2509 comprobabant;
927 2452 998 2492 cum
1022 2437 1115 2508 igitur
1131 2438 1307 2508 negativam
1324 2452 1379 2509 per
1395 2435 1524 2493 modum

261 2544 454 2615 excepcionis
478 2550 508 2599 et
531 2543 784 2599 contradiccionis
807 2535 1046 2618 (procuratores)
1069 2543 1166 2615 ipsius
1189 2542 1305 2600 domini
1330 2543 1466 2616 episcopi
1495 2551 1525 2600 et

261 2651 325 2707 eius
347 2650 577 2720 allegacionem,
602 2650 804 2705 assercionem
830 2650 860 2706 in
885 2651 1073 2706 contrarium
1098 2650 1126 2705 in
1149 2650 1205 2704 hac
1223 2655 1309 2721 parte
1326 2651 1523 2717 certantibus,

261 2757 320 2829 ipsi
351 2755 468 2812 domini
502 2756 709 2826 paciebantur,
741 2755 782 2810 ob
813 2755 873 2811 hoc
904 2762 933 2811 et
958 2762 1122 2828 propterea
1146 2755 1300 2826 prelibato
1323 2755 1450 2811 domino
1472 2757 1524 2837 Jo-

261 2862 352 2918 hanni
377 2863 531 2933 episcopo,
564 2860 794 2933 pontificalibus
826 2861 941 2931 indut0,
974 2862 1032 2918 sibi
1064 2860 1130 2923 soli,
1155 2861 1185 2917 in
1209 2862 1325 2918 octavis
1350 2861 1418 2918 sesti
1443 2862 1525 2919 beati

261 2966 383 3023 Andree
414 2967 546 3039 apostoli
578 2983 658 3022 nunc
689 2967 818 3031 venturi,
841 2968 870 3023 in
895 2967 1025 3023 ecclesia
1047 2967 1144 3023 sancti
1167 2968 1248 3038 regis
1267 2966 1423 3039 Stephani,
1448 2968 1525 3024 hora

261 3074 425 3128 terciarum
449 3089 559 3144 magne
583 3073 683 3141 misse,
708 3072 865 3143 Zagrabie.
891 3073 1096 3128 iuramentum
1119 3072 1157 3128 de
1175 3073 1345 3144 proborum
1364 3073 1523 3128 hominurn

261 3193 296 3234 ac
319 3180 415 3234 eciam
449 3194 636 3234 assessorum
668 3184 843 3233 nostrorum
876 3179 904 3233 in
939 3179 993 3234 hac
1026 3186 1112 3249 parte
1142 3179 1269 3234 consilio
1300 3180 1461 3234 nobiscum
1494 3179 1523 3233 in

261 3283 373 3340 iudicio
397 3284 630 3339 consedencium
652 3281 913 3345 adiudicabamus.
932 3288 964 3338 ut
982 3283 1012 3338 id
1030 3283 1112 3353 quod
1129 3285 1269 3353 negative
1287 3282 1523 3339 contradicendo

260 3390 449 3460 allegaverat
474 3396 503 3444 et
526 3389 690 3459 allegabat,
722 3389 780 3444 hoc
811 3388 945 3459 idipsum
971 3404 1027 3460 per
1061 3405 1150 3444 suum
1186 3389 1407 3445 sacramentale
1443 3390 1523 3444 iura-

261 3503 400 3552 mentum
432 3497 658 3566 comprobaret.
697 3494 855 3550 videlicet:
880 3493 963 3564 quod
999 3493 1104 3549 eedem
1141 3493 1259 3550 decime
1282 3495 1457 3565 supradicte
1488 3510 1523 3549 ac

260 3601 361 3672 campi
382 3606 412 3656 et
436 3607 515 3656 terre
540 3601 678 3671 parcium
702 3606 731 3655 et
757 3599 894 3655 locorum
920 3599 1129 3671 predictorum
1147 3616 1205 3655 non
1223 3600 1262 3655 ad
1278 3601 1362 3671 ipsos
1379 3600 1520 3655 dominos

262 3706 300 3762 de
331 3706 413 3762 dicto
448 3707 591 3777 capitulo·
619 3705 807 3773 ragrabiensi
844 3705 896 3760 sed
933 3721 987 3760 nec
1019 3705 1057 3760 ad
1091 3721 1226 3761 mensam
1260 3707 1397 3777 ipsorum
1430 3706 1522 3776 perti-

260 3813 380 3868 nuerint
419 3816 471 3866 aut
510 3811 724 3882 pertinuissent
762 3827 818 3865 nec
853 3811 1005 3881 pertinere
1028 3810 1184 3879 deberent,
1218 3811 1269 3866 sed
1298 3812 1399 3867 solum
1431 3811 1519 3867 dum·

261 3924 344 3972 taxat
376 3916 414 3972 ad
448 3917 550 3988 ipsum
590 3915 749 3971 dominum
786 3916 966 3988 episcopum
1003 3923 1032 3972 et
1067 3933 1153 3972 suam
1190 3933 1326 3973 mensam
1362 3918 1521 3989 episcopa·

261 4022 322 4078 lem
347 4028 376 4077 et
400 4037 525 4077 suorum
551 4021 802 4092 predecessorum
829 4022 1009 4093 pertinuisse
1032 4028 1061 4077 et
1081 4038 1290 4078 successorum
1308 4037 1434 4077 suorum
1453 4037 1521 4093 per·

262 4128 356 4184 tinere
380 4127 526 4183 deberent
550 4128 632 4182 omni
651 4128 722 4183 iure.
736 4128 772 4183 Et
785 4128 856 4198 quia
871 4129 972 4199 ipsum
988 4129 1163 4185 huiusmodi
1178 4131 1383 4184 iuramentum
1399 4145 1453 4201 per
1465 4144 1520 4184 nos

260 4233 364 4304 sepius
388 4234 552 4302 requisitus
573 4234 638 4304 ipse
662 4232 805 4288 dominus
829 4233 992 4305 episcopus
1009 4234 1163 4306 deponere
1180 4241 1209 4290 et
1225 4234 1325 4290 iacere
1342 4233 1435 4290 modo
1452 4250 1520 4306 pre·

260 4339 394 4410 allegato
415 4340 575 4399 recusavit.
596 4338 664 4394 ideo
680 4353 736 4394 nos
758 4339 954 4410 preallegatis
974 4338 1107 4394 dominis
1127 4339 1165 4394 de
1184 4339 1521 4411 capitulozagrabiensi

260 4444 298 4500 de
322 4444 451 4501 consilio
474 4451 503 4500 et
534 4452 652 4500 matura
676 4444 902 4500 deliberacione
923 4443 1126 4500 discretorum
1143 4450 1173 4500 et
1193 4447 1363 4517 proborum
1382 4447 1520 4501 virorum

260 4550 423 4606 nobiscum
443 4549 675 4606 consedencium
701 4551 731 4605 in
754 4550 811 4605 hac
827 4556 914 4621 parte
931 4535 1120 4606 assessorum
1137 4557 1313 4607 nostrorum
1329 4552 1367 4607 de
1383 4559 1413 4607 et
1428 4566 1522 4622 super

261 4655 336 4726 ipsis
367 4655 495 4712 decimis
518 4655 556 4711 de
583 4654 767 4711 Dauidotvcz
798 4670 833 4711 ac
857 4661 940 4711 recta
964 4661 992 4710 et
1016 4655 1117 4726 equali
1143 4655 1306 4712 medietate
1329 4657 1520 4712 decimarum

261 4758 299 4815 de
322 4761 419 4817 vineis
449 4761 596 4818 territorii
627 4761 685 4817 vici
714 4760 892 4816 Latinorum
920 4776 956 4816 ac
978 4761 1076 4817 eciam
1099 4762 1225 4834 campis,
1250 4762 1346 4831 terris,
1372 4760 1520 4820 Bokania·
