3488 5242
584 302 657 358 Doc.
680 313 728 376 25.
752 296 801 357 26.
827 335 869 342 -
891 302 947 358 An.
966 257 1181 377 ‘1250-1251.
1476 321 1514 380 23

252 499 398 556 lationem
423 499 545 556 tandem
578 506 693 557 temere
724 502 952 573 processissent,
984 502 1051 575 ipsa
1081 502 1260 560 confirmari
1292 503 1330 560 de
1362 504 1428 561 iure
1455 517 1515 560 non

251 610 380 677 poterat,
405 622 458 662 nec
483 605 624 671 debebat,
648 606 699 663 sed
726 608 833 680 pocius
865 608 987 678 irritari,
1019 616 1180 680 tamquam
1211 615 1317 666 contra
1346 609 1517 666 sanctiones

250 711 410 767 canonicas
434 717 590 781 attentata,
614 718 648 769 ut
672 730 709 769 ne
732 712 771 769 ad
795 713 1062 771 confirmationem
1088 715 1306 787 procederetur
1329 713 1516 784 huiusmodi,

250 814 389 889 prefatus
413 817 646 875 archidiaconus
670 818 780 875 iterato
803 819 892 876 duxit
914 819 953 877 ad
977 825 1114 876 nostram
1142 820 1329 877 audientiam
1353 820 1516 894 appellau-

250 920 341 989 dum;
372 924 458 979 cuius
488 925 698 996 appellatione
727 931 912 998 contempta,
935 925 1043 995 dictus,
1071 925 1322 1000 archiepiscopus
1356 930 1386 982 et
1420 924 1515 982 talem

250 1029 430 1085 electionem
462 1029 646 1087 confirmare
678 1039 707 1087 et
738 1030 840 1087 eidem
871 1031 1019 1104 Philippo
1049 1032 1093 1088 sic
1126 1032 1244 1088 intruso
1279 1031 1516 1088 consecrationis

250 1149 361 1190 munus
386 1135 563 1207 impendere
595 1137 722 1209 propria
754 1137 913 1194 voluntate
944 1137 1141 1209 presumpsit.
1169 1137 1272 1209 Quare
1295 1136 1396 1194 dictus
1418 1137 1516 1194 archi·

250 1238 396 1296 diaconus
428 1240 593 1313 providere
621 1258 715 1315 super
746 1242 782 1299 iis
813 1258 830 1298 a
857 1243 947 1300 nobis
978 1258 1016 1299 ex
1048 1242 1323 1315 circumspectione
1346 1241 1517 1315 apostolica

249 1346 427 1417 postulavit.
452 1346 530 1402 Cum
556 1347 649 1419 igitur
672 1355 810 1404 nostrum
843 1348 882 1405 sit
915 1363 1014 1421 prava
1046 1347 1174 1420 dirigite
1201 1363 1237 1404 ac
1260 1347 1377 1405 directa
1400 1346 1515 1416 fovere,

248 1450 442 1521 mandamus,
468 1459 617 1524 quatenus
641 1453 766 1513 vocatis.
791 1454 844 1526 qui
874 1452 987 1511 fuerint
1019 1452 1158 1524 vocandi,
1191 1459 1222 1510 et
1252 1453 1398 1525 inquisita
1422 1468 1516 1526 super

249 1545 415 1629 premissis,
448 1567 477 1615 et
509 1559 630 1631 cognita
663 1559 783 1631 plenius
814 1561 952 1630 veritate,
986 1559 1068 1630 quod
1098 1560 1280 1617 canonicum
1302 1557 1403 1628 fuerit,
1427 1559 1454 1616 si
1476 1557 1516 1616 de

250 1664 388 1735 parcium
413 1666 572 1722 voluntate
595 1665 786 1738 processerit,
811 1665 891 1723 inira
917 1673 1050 1736 quatuor
1066 1679 1185 1722 menses
1201 1672 1271 1737 post
1288 1665 1515 1738 susceptionem

251 1771 448 1842 presentium,
477 1771 686 1844 appellatione
710 1772 890 1846 postposita,
918 1770 1088 1828 decernatis
1096 1790 1103 1839 ;
1135 1769 1278 1828 iacientes
1302 1769 1386 1842 quod
1410 1769 1516 1827 decre·

249 1876 354 1932 veritis
378 1877 558 1933 auctoritate
581 1878 751 1949 apostolica
777 1877 908 1934 firmiter
930 1877 1098 1934 observari.
1125 1876 1272 1948 Alioquin
1300 1890 1424 1933 causam
1452 1873 1516 1932 suf-

248 1981 385 2038 ficienter
410 1982 589 2038 instructam
614 1981 652 2039 ad
676 1983 845 2056 apostolice
867 1983 949 2040 sedis
972 1982 1136 2039 remittatis
1164 1986 1302 2050 examen,
1326 1980 1514 2054 prefigentes

248 2088 389 2158 partibus
414 2089 659 2161 peremptorium
691 2089 860 2146 terminum
891 2093 1127 2161 competentem,
1152 2102 1214 2159 quo
1238 2103 1295 2160 per
1317 2103 1358 2157 se,
1382 2087 1434 2172 vel
1458 2101 1515 2160 per

248 2201 462 2265 procuratores
486 2193 613 2251 idoneos
637 2201 741 2251 nostro
764 2210 797 2250 se
825 2195 1002 2268 conspectui
1033 2200 1253 2266 representem,
1277 2193 1400 2264 iustam,
1423 2191 1515 2250 dante

246 2298 381 2369 domino,
405 2302 587 2384 sententiam
616 2309 784 2375 recepture.
816 2300 907 2374 Quod
939 2302 964 2359 si
995 2315 1056 2358 non
1087 2315 1202 2368 omnes,
1235 2300 1293 2357 hiis
1326 2297 1515 2372 exequendis

246 2407 387 2478 poteritis
410 2408 554 2464 interesse
579 2414 642 2480 etc,
660 2407 722 2465 duo
738 2416 877 2464 vestrum
894 2423 929 2464 ea
946 2406 1165 2464 nichilominus
1179 2412 1378 2479 exequantur.
1397 2404 1514 2462 Datum

247 2512 396 2584 Lugduni,
420 2512 561 2571 kalendis
585 2514 736 2572 Octobris.
760 2514 935 2571 Ponticatus
959 2512 1055 2570 nostri
1079 2525 1159 2568 anno
1181 2517 1275 2568 sexto

335 2647 453 2697 Farlatti.
475 2648 541 2697 Illir.
562 2663 626 2696 sacr.
647 2655 664 2696 t.
684 2648 715 2696 V.
736 2664 760 2712 p.
781 2656 839 2705 370,
859 2663 873 2696 e
893 2647 1067 2697 miscellaneis
1087 2646 1211 2710 Stephani
1231 2646 1334 2696 Baluzii
1352 2646 1415 2698 libr.
1438 2655 1461 2700 7.

847 2897 906 2962 25.

334 2948 413 2998 Circa
432 2963 471 2997 an.
494 2958 567 3005 1250.

332 3078 405 3136 Bela
422 3078 470 3136 lV.
488 3079 663 3150 Hungariae
679 3085 734 3138 etc.
750 3096 814 3150 rex,
830 3079 979 3138 fratribus
995 3078 1205 3137 Cisterciensis
1220 3077 1336 3136 ordinis
1358 3079 1389 3135 iu
1412 3077 1513 3135 insula

245 3184 345 3257 Egidii
376 3186 406 3241 in
437 3200 497 3256 qun
528 3184 628 3241 insula
659 3191 832 3243 constructa
864 3185 922 3243 fuit
948 3186 1076 3243 ecclesia
1099 3185 1196 3242 sancti
1222 3183 1339 3266 Jacobi,
1378 3189 1513 3254 „terram

245 3292 333 3348 unius
359 3290 471 3348 aratri“
499 3289 624 3348 confert.

335 3426 424 3474 Huius
443 3426 593 3475 donationis
612 3426 709 3475 mentio
735 3425 763 3474 iit
789 3427 814 3475 in
840 3426 938 3476 litteris
963 3427 1080 3476 ciusdem
1105 3427 1183 3476 Belae
1207 3427 1279 3491 regis
1299 3426 1332 3475 de
1352 3440 1419 3475 anno
1442 3430 1509 3482 1257

245 3516 303 3563 vide
323 3513 391 3563 inira
410 3530 447 3563 nr.
469 3523 509 3571 32.

848 3710 909 3774 26.

349 3766 396 3812 Αῃ.
414 3772 487 3821 1251,
506 3772 544 3820 15.
558 3764 612 3810 dec.
627 3761 738 3810 Perusii.

245 3891 428 3948 Innocentius
454 3892 475 3946 Ι
480 3891 508 3946 V.
532 3890 620 3963 Papa
644 3891 773 3957 concedit,
797 3899 830 3947 ut
842 3893 921 3966 festo
944 3909 964 3946 s.
991 3887 1136 3963 Stephani
1148 3890 1224 3961 regis
1239 3890 1270 3945 in
1286 3888 1400 3946 ecclesia
1417 3886 1511 3944 cathe-

432 3997 514 4052 drali
534 3996 650 4067 engrnb.
675 3996 870 4082 indulgentiae
891 4009 942 4073 40.
967 3996 1075 4052 dicrum
1092 3996 1322 4068 promulgentur.

332 4141 416 4203 ltem,
441 4141 500 4195 sub
525 4140 613 4196 bulla
638 4140 808 4196 Innocencii
831 4155 912 4213 pape
936 4139 1047 4211 quarti,
1075 4144 1217 4195 emanata
1241 4136 1440 4210 pontificatus
1463 4137 1511 4194 sui

242 4261 322 4303 anno
350 4261 448 4314 nono,
480 4247 652 4303 continetur
676 4245 868 4317 indulgentia
891 4245 929 4302 de
953 4245 1063 4302 diebus
1094 4243 1306 4316 quadraginta,
1338 4241 1431 4300 modo
1461 4257 1511 4299 su·

244 4352 383 4425 pradieto
407 4350 436 4422 (i.
461 4368 484 4407 e.
509 4347 567 4424 pr'o
590 4349 668 4408 festo
691 4368 713 4407 s.
738 4351 819 4423 regis
841 4346 1009 4426 Stephani).

331 4486 471 4547 originale
490 4485 667 4550 conscriptum
693 4486 719 4535 in
744 4487 902 4543 membrana,
927 4486 1051 4550 plumbea
1078 4486 1151 4534 bulla
1177 4484 1316 4540 munitum,
1333 4485 1406 4546 quod
1425 4497 1507 4532 asser·

243 4583 319 4622 vatur
339 4574 365 4621 in
384 4573 493 4622 archivo
514 4590 569 4622 ven.
591 4589 645 4638 cap.
666 4576 727 4623 eccl.
748 4574 853 4641 zagrab.
874 4573 934 4623 fasc.
958 4582 1013 4623 101.
1034 4589 1071 4623 nr.
1096 4583 1114 4622 1.
1136 4572 1165 4622 ln
1186 4580 1260 4637 parte
1280 4570 1367 4621 media
1386 4577 1507 4622 estman·

241 4677 307 4715 cum.
327 4663 371 4710 secl
394 4670 577 4725 argumentum
596 4662 652 4710 eius
666 4662 792 4712 insertum
812 4671 850 4712 est
869 4663 896 4712 in
915 4661 985 4711 libro
1004 4662 1130 4713 Statutor.
1150 4660 1228 4799 cassit
1248 4660 1352 4725 zagrab.
1373 4665 1440 4724 part.
1461 4657 1508 4708 IV.

243 4765 299 4815 cap.
319 4749 352 4799 11.
373 4749 457 4816 Typis
477 4750 597 4815 vulgavit
615 4751 689 4815 Joan.
710 4750 824 4800 Tkaltic‘.
845 4750 913 4800 lion.
932 4750 991 4799 hist.
1012 4749 1090 4814 episc.
1111 4765 1174 4815 zagr
1210 4787 1215 4797 .
1236 4764 1259 4798 ν.
1280 4747 1313 4797 11.
1333 4763 1359 4813 p.
1382 4756 1438 4806 103.
