3488 5242
554 325 626 381 Dac.
650 334 720 399 207.
743 319 815 380 208.
840 335 911 397 209.
934 357 968 366 -
987 325 1043 382 Aa.
1067 335 1154 401 1347.
1432 325 1489 394 ¹87

224 524 288 580 dati
323 531 353 580 et
384 523 519 581 rebelles
549 538 769 596 quoscumque.
800 523 833 579 In
865 539 1000 595 quorum
1024 524 1164 581 omnium
1189 523 1398 581 testimonium
1423 538 1492 595 pre-

224 629 528 702 sentibusaigillum
551 633 691 686 nostrum
715 627 861 685 duximus
887 629 1116 703 apponendum.
1141 629 1255 686 Datum
1280 628 1437 700 Zagrabie‚
1460 628 1491 685 in

157 728 158 733 ’
223 737 356 793 crastino
396 735 465 792 festi
501 735 727 809 assumpcionis
763 735 892 807 virginis
925 735 1068 808 gloriose.
1107 737 1196 793 Anno
1231 734 1349 793 domini
1383 733 1493 791 MCCC

226 842 464 916 quadragesimo
487 846 581 899 sexto.

312 960 414 1009 Elibr.
433 960 559 1010 Statutor.
588 958 666 1024 capit.
692 958 796 1024 zagrab.
816 974 841 1024 p.
860 959 906 1009 IV.
927 974 947 1009 c.
967 959 987 1008 1.
1006 960 1081 1025 Joan
1100 958 1216 1009 Tkaltic'.
1243 958 1311 1008 Mon.
1334 957 1394 1008 hist.
1415 958 1493 1023 episc.

223 1047 328 1114 zagrab.
347 1046 380 1097 11.
400 1063 425 1113 p.
448 1055 592 1096 loo-101.

815 1190 904 1258 207.

336 1316 413 1365 Anno
435 1323 510 1376 1347,
530 1324 570 1372 25.
588 1313 712 1379 januarii.
730 1312 870 1363 Avinione.

314 1445 453 1502 Tedaldo
469 1445 507 1501 de
523 1444 662 1515 Fariolis‚
686 1444 833 1501 canonico
848 1445 1049 1517 zagrabiensi‚
1074 1461 1091 1502 a
1110 1445 1255 1518 pontifice
1271 1445 1432 1502 Clemente
1445 1445 1493 1502 VI.

227 1552 383 1609 confertur
406 1551 601 1608 canonicatus
629 1551 720 1608 huius
752 1551 907 1620 ecclesiae,
931 1567 1024 1623 quem
1047 1552 1224 1610 Demetrius
1248 1552 1413 1626 episcopus
1440 1567 1493 1608 va-

226 1658 375 1716 radiensis
399 1662 540 1731 tempore
563 1672 636 1713 suae
659 1657 864 1729 promotionis
887 1657 1054 1715 obtinebat.

315 1795 344 1842 Α.
365 1793 487 1843 Theincr.
508 1793 576 1843 Mon.
597 1793 686 1858 Hung.
708 1792 767 1842 hist
787 1793 807 1842 1.
827 1808 852 1857 p.
874 1799 931 1852 742.

330 2064 407 2111 Anno
428 2068 503 2120 1347,
525 2069 563 2118 15.
578 2060 680 2125 aprilis.
811 2007 901 2073 208·

250 2174 392 2230 lt't'calaas
414 2172 506 2229 bareas
527 2171 635 2228 ce'az'bm
666 2170 873 2229 Grechensibas
896 2188 1004 2245 „ariam
1027 2171 1148 2228 arcam“
1174 2171 1204 2227 ia
1228 2178 1320 2228 inante
1344 2171 1478 2229 Medaed-

535 2278 600 2334 aica
623 2277 784 2351 ‹pera-ndis
799 2276 914 2352 fodinis
936 2277 1051 2347 saltam,
1073 2276 1190 2351 confert.

317 2423 380 2480 Nos
405 2423 551 2479 Nicolaus
575 2423 674 2480 tocius
690 2420 853 2478 Sclauonie
878 2427 907 2478 et
931 2421 1057 2479 Croacic
1081 2423 1188 2479 banus.
1212 2419 1430 2493 Significamus
1452 2429 1495 2480 te·

222 2546 301 2588 >nore
319 2530 513 2603 presencium
537 2530 651 2602 quibus
667 2527 792 2602 expedit
808 2528 970 2598 universis,
987 2527 1158 2601 quodcum
1174 2544 1231 2601 per
1250 2528 1493 2600 assignacionem

228 2636 436 2709 quorumdam
460 2637 550 2693 nobis
573 2636 707 2693 relatum
731 2641 760 2691 ct
783 2635 891 2691 datum
917 2633 1049 2706 intelligi
1065 2634 1222 2705 extitisset,
1239 2633 1323 2706 quod
1340 2634 1371 2691 in
1387 2640 1492 2692 monte

228 2742 451 2799 Medueduicha
475 2749 591 2812 vocata,
623 2732 705 2819 (sita)
736 2756 830 2814 supra
854 2740 1010 2797 civitatem
1035 2739 1251 2811 Grechensem‚
1283 2740 1402 2798 minera
1429 2740 1494 2798 sive

229 2848 333 2906 fodina
358 2848 471 2904 salium
501 2854 604 2920 posset
635 2847 765 2921 reperiri
794 2853 824 2904 et
854 2846 985 2919 aperiri;
1016 2837 1165 2922 tafndem)
1189 2844 1229 2903 ad
1260 2846 1441 2904 instanciam
1465 2852 1494 2904 et

229 2955 415 3027 peticionem
439 2954 555 3011 civium
579 2959 609 3010 ct
634 2953 791 3024 hospitum
807 2952 889 3009 dicte
904 2952 1038 3009 civitatis
1053 2952 1225 3023 annuimus,
1251 2958 1283 3008 ut
1304 2953 1495 3025 ubicumque

228 3060 358 3133 predicti
383 3061 466 3116 cives
489 3060 686 3133 occupabunt
709 3065 737 3116 ct
762 3059 904 3132 aperiunt
928 3057 1049 3116 fodinas
1072 3058 1194 3125 salium,
1216 3073 1309 3115 unam
1333 3073 1438 3115 aream
1461 3059 1492 3115 in

228 3167 311 3224 dicto
336 3171 439 3223 monte
462 3165 502 3222 ad
525 3164 707 3237 aperiendas
731 3164 851 3222 fodinas
880 3165 991 3222 salium
1023 3165 1099 3238 ipsis
1122 3165 1244 3222 civibus
1267 3171 1297 3222 et
1318 3165 1494 3238 hospitibus

229 3289 285 3346 pro
310 3273 449 3346 ipsorum
472 3287 529 3328 usu
552 3278 583 3327 et
605 3271 738 3329 utilitate
766 3272 947 3329 auctoritate
970 3272 1055 3344 regia
1078 3271 1108 3328 in
1132 3276 1320 3345 perpetuum
1343 3270 1494 3342 dedimus

228 3379 413 3436 donavimus
429 3384 458 3434 et
474 3377 662 3436 contulimus
677 3377 716 3434 ad
735 3379 874 3451 ipsorum
891 3375 1017 3435 libitum
1034 3376 1183 3445 utilitatis,
1201 3377 1289 3434 salvo
1306 3377 1372 3434 iure
1388 3377 1495 3449 regali,

228 3492 321 3558 prout
344 3485 422 3541 alias
447 3485 477 3541 in
500 3499 594 3556 regno
618 3484 776 3556 Hungarie
799 3483 880 3541 infra
913 3484 1059 3541 terminos
1089 3484 1210 3555 regales
1237 3489 1282 3540 est
1305 3481 1495 3540 consvetudo

229 3592 267 3648 dc
292 3591 404 3648 fodinis
427 3591 540 3647 salium
563 3590 601 3647 ad
625 3606 780 3647 cameram
811 3590 929 3648 domini
957 3590 1038 3662 regis
1066 3589 1134 3647 dari
1157 3596 1187 3646 et
1210 3589 1438 3646 amministrari.
1462 3589 1495 3646 In

229 3698 316 3753 cuius
340 3698 382 3753 rci
407 3698 591 3753 memoriam
615 3702 769 3770 presentes
785 3697 890 3769 sigillo
906 3704 1011 3753 nostro
1028 3695 1174 3753 duximus
1190 3697 1359 3753 roboratas
1381 3694 1497 3751 Datum

229 3805 257 3861 in
283 3803 445 3875 quindenis
470 3803 538 3860 festi
563 3819 654 3877 pasce
670 3803 796 3860 domini.
817 3806 907 3860 Anno
924 3803 1063 3861 eiusdem
1079 3801 1246 3859 MCCCXL
1268 3802 1409 3874 septimo.

318 3919 457 3984 (triginalc
485 3920 510 3968 in
536 3921 695 3977 membrana,
720 3936 734 3969 c
762 3926 836 3985 tergo
864 3921 1021 3986 impressum
1046 3920 1167 3986 sigillum
1192 3918 1314 3984 deperiit.
1340 3919 1370 3969 In
1398 3918 1497 3975 archiv.

229 4010 309 4058 Acad.
329 4008 425 4059 Scicnt.
445 4009 547 4058 Slavor.
573 4008 665 4058 merid.

820 4172 912 4238 209.

335 4297 410 4343 Anno
433 4303 507 4354 1347,
528 4305 567 4352 23.
588 4295 668 4361 Junii.
689 4294 842 4359 Zagrabiae.

235 4423 399 4495 &mitratum
416 4424 532 4493 sarrai.
546 4424 750 4480 carisiitcramta
757 4430 960 4496 paupertatem
968 4423 1104 4498 fratrum
1117 4422 1341 4495 Heremitaram,
1359 4421 1499 4496 quasdam

358 4531 550 4601 passessiones
572 4529 674 4588 et'sdem
697 4529 794 4598 daaat,
818 4530 933 4587 retentis
956 4529 1068 4586 decimis
1089 4536 1118 4585 ct
1135 4528 1218 4585 timia
1232 4529 1364 4602 patroni.

319 4671 500 4743 Capitulum
523 4673 731 4744 zagrabiensis
754 4673 890 4730 ecclesie.
919 4672 1079 4731 Universis
1113 4671 1228 4729 Christi
1252 4670 1400 4729 fidelibus
1430 4686 1500 4745 pre·

231 4778 367 4834 sencium
400 4778 547 4834 noticiam
579 4778 730 4836 habituris
760 4778 894 4835 salutem
925 4777 956 4834 in
990 4776 1116 4835 domino
1138 4777 1369 4852 sempiternam.
1392 4775 1500 4834 Excel-
