3488 5242
256 343 314 401 108
566 326 825 420 Doc.'127.128.
854 378 890 387 -
916 344 972 403 An
998 359 1210 424 1323-1324.

896 451 1132 457 -—-.-—..-——
1147 450 1515 458 -—-.-—-——.-—.—-——-·

252 544 335 599 curie
358 548 470 612 nostre,
495 522 607 601 comite
630 543 826 602 chanadiensi
859 551 889 602 et
918 546 1065 613 nitriensi,
1099 544 1219 602 Thoma
1245 544 1399 616 woyvoda
1423 550 1519 602 trans·

251 649 372 705 silvano
395 654 425 705 et
448 651 560 707 comite
590 649 629 706 de
661 648 775 720 Zonuli,
807 650 935 709 Nicolao
968 652 1048 707 bano
1080 652 1177 708 tocius
1208 649 1379 719 Sclauonie,
1407 651 1519 708 comite

253 755 457 827 supruniensi,
490 756 601 826 Mykch
634 757 783 829 magistro
814 758 1044 815 tavamicorum
1076 755 1213 829 predicte
1252 755 1375 813 domine
1405 759 1518 831 regine,

252 861 354 917 Blasio
379 862 526 932 magistro
549 877 719 935 agasonum
744 869 927 932 nostrorum,
952 863 1091 920 Dionisio
1125 864 1274 935 magistro
1306 862 1518 936 dapiferorum

251 974 436 1038 nostrorum,
462 967 590 1025 Nicolao
625 970 736 1026 comite
768 971 943 1044 posomensi
976 976 1017 1028 et.
1036 969 1105 1025 aliis
1137 983 1231 1041 quam
1261 969 1403 1042 pluribus
1425 972 1519 1028 comi-

251 1080 332 1131 tatus
356 1074 442 1145 regni
465 1076 638 1132 tenentibus
662 1081 692 1131 et
715 1075 853 1132 honores

349 1208 370 1256 E
395 1214 559 1272 transumpto
587 1208 696 1273 capituli
726 1208 909 1273 strigoniensis
936 1224 1003 1258 anno
1033 1210 1104 1270 1346.
1136 1209 1276 1274 Originale
1304 1206 1330 1258 i'n
1359 1210 1517 1268 membrana,

252 1296 370 1361 sigillum
391 1298 470 1345 deest.
491 1295 520 1345 In
545 1296 653 1346 archivo
673 1312 729 1346 ven.
750 1312 804 1361 cap.
825 1299 928 1361 zagrab.
949 1297 1009 1346 fasc.
1032 1307 1071 1350 lo,
1090 1313 1128 1346 nr.
1147 1305 1189 1357 47.

356 1530 404 1576 An.
429 1537 502 1586 1323,
526 1537 562 1577 ll.
583 1529 637 1576 dec.
838 1493 918 1561 127.

340 1656 501 1715 ladislaus
532 1658 696 1731 episcopus
727 1657 1072 1730 Quinqueecclesiensis‚
1104 1659 1236 1741 Johanni
1270 1659 1396 1729 cantori,
1429 1674 1518 1716 cano·

251 1765 319 1821 nico
343 1765 542 1836 zagrabiensi‚
567 1763 694 1820 Nicolao
718 1765 835 1821 cantori
858 1765 1039 1834 chasmensi,
1062 1765 1195 1847 Johanni
1211 1765 1318 1822 abbati
1337 1765 1365 1821 b.
1383 1765 1459 1837 virg.
1478 1765 1519 1822 ci·

250 1870 471 1940 sterciensium,
494 1870 592 1943 priori
616 1869 866 1927 Praedicatorum
891 1876 920 1927 et
943 1869 1114 1943 guardiano
1139 1870 1295 1927 Minorum
1312 1869 1351 1927 de
1367 1869 1519 1943 Zagrabia

250 1975 373 2048 delegat
397 1976 581 2048 potestatem
603 1975 759 2033 iudicandi
788 1991 845 2049 pro
873 1976 1010 2049 capitulo
1034 1975 1095 2049 ipsi
1119 1975 1222 2033 datam
1246 1992 1265 2033 a
1287 1977 1404 2058 Joanne
1426 1991 1517 2050 papa,

250 2098 344 2155 super
373 2096 463 2154 1319,
487 2075 560 2158 (vid.
577 2097 620 2138 nr.
641 2074 721 2158 ιιι).

340 2216 360 2265 E
380 2232 434 2282 reg.
455 2217 552 2282 Georg.
573 2216 740 2274 Marcelovi6‚
759 2219 777 2267 l.
797 2233 818 2271 c.

841 2430 923 2497 128.

356 2521 432 2567 Anno
454 2527 527 2578 1324.
546 2519 569 2567 8.
590 2517 689 2567 marcii.

258 2646 379 2704 Carolus
410 2647 586 2720 Hungart'ae
616 2655 663 2704 etc.
691 2666 745 2704 rex
768 2648 955 2721 prt'ru'lcgium
985 2649 1074 2705 Belua
1104 2649 1161 2705 IV.
1187 2651 1263 2723 regis
1285 2651 1319 2706 dc
1342 2651 1518 2707 libertatibus

488 2753 595 2809 civibus
623 2753 831 2810 Grechcnsibus
853 2754 986 2810 concessis
1008 2754 1098 2810 denuo
1120 2755 1277 2829 confirmat.

340 2897 474 2954 Karolus
509 2895 558 2953 dei
589 2897 692 2969 gracia
722 2897 889 2970 Hungarie‚
920 2896 1090 2968 Dalmacie,
1113 2897 1249 2968 Croacie,
1272 2898 1378 2969 Rame‚
1402 2897 1516 2969 Serme,

252 3002 392 3072 Gallicie,
416 3001 607 3073 lodomerie
632 3004 781 3061 Cumanie
805 3003 1009 3076 Bulgarieque
1033 3019 1095 3074 rex,
1121 3004 1264 3077 princeps
1295 3003 1518 3062 Sallernitanus

252 3117 281 3165 et
298 3109 431 3166 Honoris
455 3124 490 3164 ac
514 3110 627 3165 montis
649 3110 745 3165 sancti
769 3110 880 3181 Angeli
909 3109 1060 3166 dominus.
1094 3110 1246 3166 Omnibus
1277 3109 1409 3166 Christri
1442 3110 1517 3168 fide·

256 3217 338 3273 libus
377 3223 440 3272 tam
473 3216 667 3288 presentibus
699 3232 794 3288 quam
825 3216 937 3274 futuris
968 3217 1162 3289 presencium
1186 3217 1332 3273 noticiam
1356 3217 1516 3287 habituris,

254 3322 387 3377 salutem
412 3321 441 3377 in
466 3337 510 3390 eo,
534 3321 588 3393 qui
611 3321 736 3401 regibus
760 3321 814 3379 dat
836 3323 977 3379 salutem.
994 3321 1042 3378 Ad
1059 3322 1276 3379 universorum
1291 3322 1437 3379 noticiam
1454 3329 1517 3379 tam

252 3429 445 3500 presencium
476 3444 570 3499 quam
603 3427 777 3485 futurorum
809 3429 921 3485 harum
948 3429 1026 3485 serie
1063 3428 1208 3484 volumus
1231 3428 1408 3501 pervenire:
1433 3428 1517 3500 quod

253 3535 399 3606 magister
430 3534 574 3604 Thomas,
607 3535 744 3591 notarius
779 3534 912 3592 civitatis
935 3541 1038 3591 nostre
1061 3533 1100 3589 de
1123 3540 1227 3590 monte
1255 3533 1359 3590 Grech
1381 3549 1416 3590 ac
1439 3535 1516 3591 civis

252 3640 290 3697 de
315 3639 431 3711 eadem,
456 3641 523 3697 vice
542 3646 572 3697 et
594 3641 718 3698 nomine
742 3641 949 3698 universitatis
974 3641 1088 3698 civium
1105 3639 1144 3697 de
1160 3639 1268 3696 eodem
1286 3646 1390 3697 monte
1406 3640 1517 3711 Grech‚

252 3745 289 3803 ad
320 3753 422 3803 nostre
455 3725 626 3803 serenitatis
657 3745 804 3803 accedens
834 3748 1033 3820 presenciam,
1069 3746 1210 3803 exhibuit
1242 3746 1331 3802 nobis
1358 3745 1516 3818 quoddam

253 3852 453 3925 privilegium
488 3859 629 3909 nostrum
662 3854 759 3909 veteri
793 3853 898 3925 sigillo
934 3861 1040 3908 nostro
1074 3852 1296 3922 consignatum,
1330 3850 1517 3908 confirmans

252 3957 452 4030 privilegium
488 3957 605 4014 domini
641 3957 722 4025 Bele,
758 3957 916 4029 quondam
951 3957 1081 4014 illustris
1112 3957 1193 4026 regis
1218 3957 1382 4027 Hungarie‚
1407 3956 1517 4028 proavi

252 4064 357 4132 nostri,
392 4079 485 4136 super
519 4064 663 4120 libertate
699 4073 728 4120 et
763 4072 844 4120 terra
879 4079 935 4135 per
958 4061 1089 4119 eundem
1114 4062 1189 4134 ipsis
1213 4063 1333 4118 civibus
1357 4063 1516 4131 concessis,

253 4168 435 4231 confectum,
453 4174 560 4241 petens
584 4185 638 4225 nos
663 4184 791 4241 precum
815 4170 962 4225 instancia
986 4169 1164 4238 subiectiva,
1188 4174 1221 4224 ut
1244 4169 1348 4241 ipsum
1364 4167 1517 4225 ratificare

253 4282 283 4331 et
306 4274 490 4347 approbare,
523 4290 559 4330 ac
581 4276 677 4332 nostri
702 4276 775 4332 novi
797 4281 828 4331 et
851 4276 994 4331 autentici
1017 4274 1112 4346 sigilli
1135 4274 1333 4347 apposicione
1356 4274 1395 4330 ad
1419 4275 1517 4331 maio·

255 4396 320 4437 rem
343 4381 496 4436 cautelam
520 4379 558 4436 de
583 4381 770 4452 benignitate
793 4382 877 4453 regia
897 4379 1096 4452 dignaremur
1111 4379 1302 4437 confirmare.
1319 4380 1414 4437 Cuius
1430 4388 1517 4437 tenor

254 4486 324 4542 talis
347 4495 406 4543 est:
439 4480 513 4563 (vid.
537 4504 580 4544 nr.
617 4501 684 4559 123.
716 4502 795 4544 anno
830 4501 920 4559 1322,
956 4502 1002 4560 14.
1033 4479 1187 4563 octobris).
1219 4485 1282 4542 Nos
1313 4486 1406 4557 igitur
1429 4487 1517 4543 iustis

254 4597 284 4647 et
309 4591 455 4662 legitimis
479 4591 720 4665 admissionique
744 4592 844 4664 dignis
865 4592 1002 4650 eiusdem
1019 4592 1160 4663 magistri
1176 4592 1296 4649 Thome
1311 4592 1517 4664 peticionibus

254 4693 469 4755 favorabiliter
498 4698 635 4773 inclinati
665 4698 840 4772 predictum
870 4698 1070 4772 privilegium
1102 4704 1243 4754 nostrum
1277 4713 1337 4754 non
1360 4697 1517 4768 abrasum,

254 4815 315 4860 non
332 4802 544 4876 cancellatum,
560 4819 617 4862 nec
633 4804 664 4862 in
679 4804 785 4878 aliqua
800 4804 847 4861 sui
864 4808 951 4877 parte
967 4803 1116 4861 viciatum
1139 4801 1177 4859 de
1200 4803 1298 4860 verbo
1321 4801 1360 4859 ad
1383 4802 1516 4860 verbum
