3488 5242
616 345 690 404 Dec.
716 359 784 422 149.
810 359 877 420 150.
904 379 940 387 -
966 346 1136 421 An1329.

350 662 426 711 Anno
446 671 517 724 1329,
536 674 559 724 9.
577 660 699 725 januarii.
720 660 873 726 Zagrabiae.

258 769 416 827 ladislaus
438 771 518 842 episc.
544 771 660 844 aagrab.
677 777 871 842 proventuum
893 774 1079 829 communiam
1102 790 1214 829 tricenae
1235 773 1394 845 capitulari
1414 773 1494 829 oboc-

637 878 783 946 nt'cutt'um,
805 877 971 935 dioz'sioncm
993 879 1117 936 eretriaci.

330 1000 502 1071 Ladizlaus,
532 1002 581 1059 dei
612 1011 642 1059 et
675 1004 844 1076 apostolice
867 1003 949 1061 sedis
972 1006 1084 1076 gracia,
1108 1006 1273 1078 episcopus
1294 1005 1509 1076 zagrabiensis.

243 1107 404 1166 Universis
427 1109 622 1181 presencium
646 1109 791 1166 noticiam
815 1110 968 1167 habituris
991 1111 1122 1167 salutem
1146 1111 1175 1167 in
1192 1111 1331 1167 omnium
1347 1111 1509 1167 salvatore.

244 1211 429 1270 Presidentis
452 1215 587 1287 exquirit
610 1213 750 1271 officium
774 1230 833 1272 non
857 1216 960 1272 solum
981 1215 1064 1272 male
1079 1222 1146 1273 acta
1162 1216 1326 1287 corrigere,
1342 1215 1395 1272 sed
1412 1216 1509 1273 eciam

244 1316 322 1374 bene
345 1318 510 1376 observata
533 1321 741 1393 oportunitate
764 1326 943 1377 occurrente
966 1321 1172 1378 ordinabilius
1195 1321 1359 1394 disponere
1375 1320 1509 1377 evidenti

243 1423 376 1481 utilitate
399 1425 535 1482 maxime
567 1426 715 1498 exigente.
747 1424 825 1483 Sane
857 1425 991 1483 eumad
1015 1427 1151 1498 regimen
1176 1425 1314 1499 predicte
1338 1432 1440 1483 nostre
1463 1442 1510 1482 za-

245 1529 416 1602 grabiensis
439 1530 566 1588 ecclesie
589 1530 755 1587 fuissemus
778 1531 915 1605 promoti
937 1532 1016 1588 inter
1039 1540 1140 1589 cetera
1163 1532 1346 1602 invenimus,
1371 1530 1455 1603 quod
1479 1533 1509 1588 in

245 1637 312 1709 ipsa
336 1642 440 1694 nostra
471 1638 600 1694 ecclesia
624 1637 687 1694 lere
718 1638 852 1695 incertus
876 1636 1091 1694 inveniebatur
1113 1637 1329 1694 canonicorum
1355 1652 1509 1705 numerus,

245 1748 275 1799 et
298 1742 382 1815 quod
417 1743 514 1799 lector
536 1743 568 1800 in
592 1742 701 1800 eadem
724 1744 907 1801 constitutus
930 1742 1122 1816 duplicatam
1145 1757 1206 1800 non
1229 1743 1366 1800 habebat
1389 1744 1509 1814 porcio-

245 1862 317 1904 nem
341 1853 371 1904 et
402 1848 480 1906 alias
510 1849 676 1907 lectoratus
706 1849 839 1922 dignitas
862 1849 968 1922 paucis
991 1856 1058 1905 erat
1080 1848 1184 1906 dotata
1206 1847 1380 1905 redditibus
1403 1864 1440 1905 eo
1463 1865 1509 1905 re-

243 1957 358 2026 spectu,
383 1953 461 2010 sicut
485 1954 515 2011 in
537 1954 607 2012 aliis
638 1953 874 2012 kathedralibus
904 1954 1041 2011 ecclesiis
1071 1954 1251 2028 apparebat
1279 1952 1397 2011 Idcirco
1420 1969 1509 2010 cano·

241 2058 382 2116 nieorum
412 2074 578 2117 numerum
612 2061 643 2118 in
673 2059 755 2117 dicta
791 2066 895 2118 nostra
930 2061 1058 2117 ecclesia
1092 2060 1131 2117 de
1166 2059 1296 2117 fratrum
1332 2066 1508 2135 nostrorum

242 2165 372 2222 consilio
395 2171 425 2222 et
448 2181 596 2224 consensu
620 2165 659 2223 ad
684 2167 878 2223 canonicatus
903 2166 1027 2238 tn'ginta
1049 2173 1111 2223 tres
1143 2167 1172 2223 in
1202 2173 1352 2237 quantum
1380 2166 1510 2223 inveniri

243 2271 343 2343 potuit
366 2272 463 2328 eciam
486 2273 563 2329 olim
586 2278 747 2330 extensum
771 2278 920 2343 taxamus,
938 2271 1137 2343 ratificamus,
1153 2273 1375 2345 approbamus,
1399 2271 1509 2328 confir-

243 2392 366 2434 mamus
396 2383 426 2434 et
457 2380 608 2451 presentis
636 2378 744 2451 scripti
767 2379 938 2450 patrocinio
961 2378 1193 2435 observandum
1215 2384 1245 2435 et
1269 2377 1447 2434 habendum
1471 2378 1509 2434 de

243 2489 344 2540 cetero
368 2484 552 2540 roboramus
575 2485 626 2556 ita,
651 2483 734 2556 quod
762 2484 867 2554 lector,
899 2485 952 2557 qui
976 2501 1056 2542 nunc
1079 2491 1133 2555 est,
1157 2491 1187 2541 et
1211 2485 1264 2556 qui
1289 2499 1345 2557 pro
1370 2495 1509 2557 tempore

243 2588 336 2646 luerit
359 2591 550 2661 constitutus,
575 2591 656 2647 ultra
678 2606 722 2660 ea,
746 2606 806 2662 que
831 2594 955 2647 actenus
978 2590 1099 2646 racione
1124 2590 1289 2647 lectoratus
1305 2590 1423 2662 percipi
1439 2605 1510 2646 con·

242 2702 409 2753 sueverunt
432 2695 470 2753 de
491 2697 636 2753 omnibus
660 2694 833 2753 redditibus
856 2696 994 2769 capituli,
1018 2701 1121 2768 preter
1143 2696 1235 2752 villas
1252 2710 1304 2752 seu
1322 2696 1509 2767 iobagiones‚

244 2799 436 2874 duplicatam
460 2803 490 2859 in
514 2802 668 2872 omnibus,
692 2801 767 2858 dum
791 2808 894 2859 tamen
910 2802 949 2858 sit
965 2802 1136 2870 canonicus,
1154 2801 1305 2873 percipiat
1322 2801 1509 2873 porcionem.

244 2922 280 2964 eo
310 2922 371 2964 non
401 2908 550 2978 obstante,
582 2907 665 2980 quod
696 2907 862 2977 sublectos,
894 2907 948 2980 qui
978 2907 1019 2963 ab
1046 2907 1114 2979 ipso
1142 2907 1256 2962 lectore
1294 2905 1510 2963 denominatur

243 3020 273 3070 et
284 3012 323 3069 ad
339 3014 437 3086 ipsius
452 3015 585 3086 pertinet
600 3014 835 3083 correccionem,
853 3013 892 3070 de
909 3012 1082 3069 redditibus
1099 3012 1282 3069 comunibus
1297 3027 1385 3068 suam
1398 3012 1509 3069 habeat

243 3133 300 3191 per
321 3134 353 3175 se
377 3120 563 3191 porcionem.
588 3117 739 3175 Similiter
761 3120 908 3175 volumus
930 3125 959 3174 et
983 3118 1155 3186 statuimus,
1177 3116 1259 3189 quod
1276 3124 1391 3187 cantor,
1408 3124 1510 3174 custos

244 3239 279 3281 ac
307 3224 447 3295 decanus
479 3239 537 3299 pro
569 3231 709 3298 tempore
738 3225 903 3295 constituti,
935 3225 987 3296 qui
1015 3222 1128 3297 duplas
1152 3225 1182 3279 in
1206 3222 1380 3280 redditibus
1405 3239 1509 3279 comu-

243 3331 334 3387 nibus
357 3339 580 3387 consveverunt
604 3331 718 3387 habere
735 3330 895 3403 porciones
918 3330 948 3386 in
974 3330 1058 3386 villis
1082 3346 1135 3386 seu
1152 3329 1378 3400 iobagionibus,
1395 3328 1509 3399 singuli

243 3437 373 3509 singulis
404 3438 603 3509 porcionibus
633 3438 711 3494 sicut
741 3437 794 3493 alii
828 3437 965 3493 canonici
997 3435 1130 3492 debeant
1161 3436 1337 3492 contentari.
1366 3434 1398 3490 ln
1423 3436 1508 3490 cuius

244 3543 289 3600 rei
311 3543 496 3600 memoriam
519 3548 764 3617 perpetuamque
789 3541 972 3599 firmitatem
994 3542 1189 3614 presentibus
1213 3540 1352 3612 sigillum
1371 3547 1508 3596 nostrum

244 3647 389 3705 duximus
411 3647 659 3721 appendendum.
690 3649 807 3706 Datum
830 3647 988 3719 Zagrabie,
1016 3647 1091 3704 teria
1116 3645 1249 3703 secunda
1273 3646 1416 3720 proxima
1440 3653 1509 3718 post

244 3759 368 3810 octavas
391 3754 572 3827 Epyphanie
595 3752 720 3811 domini.
743 3756 833 3810 Anno
856 3752 991 3810 eiusdem
1012 3751 1182 3808 MCCCXX
1205 3766 1293 3808 nono.

332 3871 354 3919 E
364 3870 425 3920 libr.
438 3871 500 3921 Stat.
512 3886 568 3919 ven,
580 3885 635 3936 cap.
646 3871 750 3936 zagrab.
759 3886 784 3935 p.
791 3869 838 3920 111.
847 3885 867 3920 c.
875 3868 937 3935 11.J.
949 3868 1064 3918 Tkaliie‘.
1076 3869 1145 3918 lton.
1154 3868 1213 3918 hist.
1224 3884 1263 3933 ep.
1276 3869 1379 3933 zagrab.
1389 3868 1421 3918 11.
1431 3885 1455 3933 p.
1469 3877 1508 3931 79.

831 4083 916 4148 150.

350 4229 426 4276 Anno
449 4236 522 4289 1329,
542 4227 565 4277 8.
584 4225 706 4291 Augusti.
727 4225 757 4274 ln
775 4224 914 4289 Viiegrad.

250 4354 371 4411 Carolus
385 4355 561 4428 Hungarioc
580 4362 626 4411 etc.
651 4373 713 4423 rex,
738 4355 768 4409 iu
792 4352 920 4426 qualibet
940 4370 1028 4409 cerusa
1047 4354 1075 4408 si
1095 4355 1159 4425 quis
1181 4354 1254 4408 ciues
1276 4350 1448 4408 Greclreuses
1465 4352 1513 4407 orl

244 4461 318 4528 illos,
333 4460 376 4516 orl
394 4479 439 4517 cos
454 4461 506 4534 qui
511 4461 667 4533 pertinent,
691 4460 732 4516 ad
745 4460 822 4532 regis
832 4460 1027 4532 praesentium
1047 4458 1155 4526 citaret,
1171 4459 1247 4514 solus
1263 4466 1296 4513 ut
1310 4457 1396 4513 ludex
1414 4457 1510 4512 <zelasse

716 4571 854 4634 tencuner,
876 4565 1038 4638 confimat.

334 4690 468 4748 Karolus
491 4690 540 4749 dei
563 4692 666 4764 gracia
688 4708 742 4749 rex
766 4691 931 4763 Hungarie.
963 4689 1122 4747 Fidelibus
1153 4689 1216 4746 suis
1247 4689 1455 4761 zagrabiensis
1480 4695 1509 4745 et

247 4797 434 4854 chasmensis
449 4798 649 4856 ecclesiarum
665 4798 817 4872 capitulis,
834 4797 1012 4855 salutemet
1027 4796 1172 4870 graciam
1193 4793 1274 4868 Quia
1290 4794 1417 4852 libertas
1433 4794 1508 4853 fide
