3488 5242
270 313 307 369 10
695 308 768 365 Doc.
793 302 841 364 18.
870 341 905 348 —
931 308 986 366 An.
1014 325 1103 389 1242.

1260 416 1315 423 ...α

266 522 341 564 vero
366 513 473 580 captus
496 506 597 576 luerit,
620 504 788 563 secundum
814 506 1067 564 consvetudinem
1084 506 1122 564 de
1138 507 1207 581 ipso
1226 506 1361 563 vindicta
1378 513 1535 573 sumatur;

266 615 324 672 nisi
349 614 417 686 quis
440 614 470 670 in
494 612 578 683 ludo,
603 613 667 669 sine
691 609 896 685 premeditata
919 612 1042 668 malicia
1059 612 1195 684 aliquem
1219 611 1413 683 interfecerit,
1429 613 1460 669 in
1477 613 1535 670 hoc

267 720 348 777 enim
373 735 453 789 casu,
478 724 600 776 centum
625 732 736 790 pensas
759 717 896 788 cognatis
927 715 1089 786 interfecti,
1122 718 1232 790 viginti
1264 733 1338 774 vero
1362 733 1471 790 pensas
1495 716 1533 775 ad

267 839 446 883 communes
477 839 550 882 usus
580 822 724 881 refundat
756 820 941 893 interfector,
974 824 1031 893 cui,
1062 823 1088 881 si
1120 822 1249 880 facultas
1281 837 1340 880 non
1371 822 1534 888 suffecerit,

267 932 382 988 civium
402 930 532 987 arbitrio
555 930 755 1001 relinquatur.
778 927 854 984 Item
878 928 904 984 si
920 928 989 999 quis
1014 926 1052 984 de
1068 930 1221 986 extraneis
1237 929 1353 986 intrans
1368 929 1533 997 civitatem,

266 1037 386 1093 sivein
410 1036 486 1103 vica,
511 1034 629 1092 sivein
653 1032 756 1103 domo,
781 1033 846 1090 sive
871 1033 900 1089 in
926 1032 994 1090 soro
1010 1034 1132 1096 similia.
1156 1041 1190 1092 ut
1211 1050 1305 1108 supra
1321 1041 1460 1104 notatum
1480 1042 1533 1104 est,

267 1142 501 1215 perpetraverit,
526 1155 583 1213 per
605 1136 741 1214 judicem
764 1138 897 1195 civitatis
914 1138 1072 1209 iudicetur,
1089 1146 1118 1199 et
1134 1138 1249 1210 eisdem
1267 1141 1354 1217 penis
1378 1141 1534 1200 subiaceat

267 1247 518 1320 condempnatus,
542 1243 574 1302 Si
597 1258 673 1300 vero
696 1259 733 1299 ex
757 1243 866 1301 incolis
890 1245 1023 1302 civitatis
1046 1246 1167 1318 aliquis
1184 1247 1249 1304 sive
1265 1253 1436 1319 extraneus
1454 1245 1534 1304 int'ra

267 1353 415 1410 terminos
439 1351 572 1409 civitatis
595 1350 625 1406 in
651 1349 733 1407 turto
756 1349 807 1406 vel
833 1350 994 1407 latrocinio
1019 1350 1228 1424 deprehensus
1253 1351 1353 1419 fuerit,
1379 1367 1433 1425 per
1456 1351 1534 1408 iudi-

267 1473 333 1517 cem
358 1458 491 1516 civitatis
515 1457 668 1530 puniatur.
694 1455 778 1524 ltem,
803 1456 828 1514 si
852 1457 922 1529 quis
946 1461 1108 1513 extraneus
1132 1458 1269 1530 aliquem
1293 1457 1331 1515 de
1355 1458 1478 1516 civitate
1503 1459 1534 1514 in

267 1581 359 1622 causa
381 1563 559 1639 pecuniaria
590 1562 639 1618 vel
672 1560 760 1618 illata
789 1562 900 1619 iniuria
931 1563 1065 1620 voluerit
1094 1564 1265 1634 convenire,
1298 1579 1403 1622 coram
1434 1563 1534 1621 iudice

267 1672 400 1729 civitatis
423 1668 599 1737 conveniat;
623 1674 653 1725 et
674 1667 763 1724 nulla
785 1681 876 1725 causa
896 1667 934 1724 ad
956 1667 1096 1727 duellum
1114 1669 1273 1740 iudicetur,
1290 1669 1343 1727 sed
1366 1687 1421 1744 per
1443 1677 1534 1727 testes

268 1783 298 1833 et
320 1778 491 1834 iuramenta
513 1775 703 1842 terminetur,
726 1774 792 1831 sive
822 1774 861 1830 sit
892 1789 961 1830 cum
993 1776 1153 1843 extraneis,
1186 1777 1252 1832 sive
1274 1791 1345 1833 cum
1370 1775 1530 1848 indigenis.

268 1883 374 1941 Testes
401 1889 504 1940 autem
536 1878 675 1938 eiusdem
707 1878 890 1937 conditionis
922 1887 950 1937 et
975 1881 1136 1950 libertatis,
1161 1883 1247 1939 cuius
1270 1889 1339 1939 sunt
1365 1883 1422 1951 isti,
1446 1897 1532 1940 assu·

269 1996 398 2046 mantur.
423 1987 539 2045 Eodem
564 1985 667 2056 moda,
684 1985 749 2043 sire
765 1992 929 2044 extraneus
946 1987 1080 2043 inveniat
1096 1986 1180 2060 apud
1196 1988 1320 2057 incolas,
1344 1988 1410 2044 sive
1433 1988 1534 2046 incola

268 2095 350 2169 apud
376 2101 536 2151 extraneos
559 2106 673 2164 equum
704 2099 756 2148 aut
788 2092 912 2162 bovem,
943 2100 993 2149 aut
1026 2092 1146 2164 aliquas
1170 2108 1218 2149 res
1247 2092 1386 2162 furtivas,
1411 2109 1534 2168 semper

268 2194 368 2271 testes,
392 2207 425 2258 ut
448 2215 542 2273 supra
565 2198 709 2266 diximus
734 2197 951 2271 producantur.
977 2199 1062 2267 ltem,
1086 2199 1169 2255 cives
1192 2199 1231 2255 de
1255 2199 1392 2273 predicta
1408 2201 1532 2258 civitate

269 2307 319 2365 vel
342 2306 523 2381 jobagiones
546 2304 584 2361 de
608 2303 693 2361 villis
723 2303 762 2360 ad
793 2305 893 2377 ipsam
927 2305 1159 2378 pertinentibus,
1191 2320 1249 2377 que
1279 2321 1378 2380 prope
1409 2307 1529 2363 territo·

187 2473 192 2492 1
267 2415 348 2471 rium
373 2412 470 2484 ipsius
494 2409 626 2488 civitatis
650 2408 762 2466 luerint
787 2410 850 2479 site,
882 2410 999 2467 nullius
1030 2409 1152 2478 iudicio
1177 2411 1233 2467 11151
1267 2410 1376 2467 iudicis
1400 2411 1533 2467 civitatis

268 2525 367 2575 astare
391 2523 567 2583 teneantu1·;
591 2513 716 2599 quodsi
733 2514 826 2572 iudex
842 2522 1001 2588 suspectus
1017 2517 1191 2584 habebitur,
1208 2523 1237 2572 et
1254 2523 1338 2573 actor
1360 2516 1533 2588 legitimam

268 2639 392 2681 causam
416 2621 615 2679 recusationis
639 2621 830 2693 allegaverit,
847 2623 1022 2678 convocatis
1038 2622 1184 2678 omnibus
1202 2622 1370 2679 maioribus
1390 2623 1533 2691 civitatis,

269 2731 336 2803 ipso
359 2727 461 2786 iudice
483 2726 666 2800 presidente,
695 2728 857 2799 negocium
888 2727 1063 2791 decidatur,
1086 2727 1124 2785 de
1156 2744 1289 2801 quorum
1321 2730 1483 2799 sentencia,
1508 2731 1534 2787 si

268 2835 369 2894 adhuc
392 2836 581 2905 contingeret
605 2833 750 2902 dubitari,
774 2841 803 2891 et
827 2840 912 2890 actor
935 2836 1118 2907 inportunus
1142 2851 1194 2892 eos
1217 2837 1256 2894 ad
1282 2838 1362 2909 regis
1394 2837 1533 2894 citaverit

270 2941 471 3015 presentiam,
503 2939 588 2995 solus
620 2938 711 2995 iudex
744 2955 802 3013 pro
833 2941 902 2997 aliis
933 2942 1077 2998 omnibus
1106 2940 1144 2998 ad
1175 2958 1280 3013 regem
1311 2944 1355 3000 ire
1387 2949 1533 2999 teneatur.

269 3047 383 3105 Eodem
419 3044 512 3102 modo
543 3060 601 3118 pro
632 3059 827 3117 quacumque
859 3062 949 3102 causa
980 3046 1112 3104 iudicem
1143 3049 1276 3105 civitatis
1307 3058 1336 3106 et
1367 3050 1457 3117 cives,
1483 3048 1532 3104 vel

268 3155 352 3211 cives
375 3153 458 3211 solos
481 3151 519 3209 ad
544 3152 626 3223 regis
649 3153 835 3224 presentiam
861 3153 929 3224 quis
953 3154 1067 3222 citaret,
1092 3169 1151 3211 non
1169 3161 1288 3211 tenetur
1304 3156 1357 3223 ire,
1374 3155 1430 3211 nisi
1448 3155 1534 3211 solus

269 3260 361 3318 iudex
385 3261 527 3318 civitatis
549 3260 584 3316 Et
608 3259 633 3315 si
658 3259 726 3330 quis
746 3259 883 3331 aliquem
900 3260 999 3316 civem
1018 3261 1067 3317 vel
1085 3262 1176 3329 cives,
1193 3277 1252 3317 non
1269 3262 1428 3332 requirens
1445 3269 1534 3317 antea

269 3366 421 3423 iusticiam
445 3365 504 3421 sibi
529 3364 594 3421 fieri
620 3380 637 3420 a
660 3363 760 3420 iudice
783 3365 916 3421 civitatis
947 3365 985 3421 ad
1018 3381 1122 3438 regem
1146 3367 1294 3436 citaverit,
1319 3381 1376 3438 pro
1401 3366 1457 3422 illo
1482 3366 1531 3421 vel

270 3473 333 3531 illis
357 3472 449 3532 iudex
473 3472 517 3528 ire
541 3471 702 3538 tenebitur,
726 3476 755 3526 et
779 3472 806 3526 ei
830 3471 940 3527 citator
963 3471 1105 3528 refundet
1127 3487 1284 3544 expensas,
1302 3486 1338 3527 eo
1354 3471 1438 3542 quod
1463 3487 1533 3528 con·

269 3584 386 3650 tempta
410 3577 590 3649 auctoritate
613 3576 725 3648 regalis
749 3576 906 3648 privilegii
923 3577 982 3633 sibi
999 3577 1121 3648 cogniti,
1138 3577 1314 3648 irrequisito
1335 3574 1435 3633 iudice
1459 3577 1532 3632 civi-

269 3685 348 3751 tatis,
372 3683 512 3755 fatigavit
536 3697 607 3739 eum
631 3681 745 3739 frustra
769 3681 930 3739 laboribus
946 3691 975 3739 et
991 3683 1140 3755 expensis
1158 3682 1249 3738 Cives
1273 3688 1375 3738 autem
1400 3682 1532 3738 liberam

269 3789 403 3847 habeant
426 3787 641 3860 undecumque
672 3788 827 3845 voluerint
857 3788 989 3860 eligendi
1022 3786 1200 3845 facultatem
1233 3787 1365 3844 iudicem
1398 3788 1531 3844 civitatis

270 3896 359 3953 nobis
382 3877 630 3968 presentandum,
654 3902 684 3950 et
707 3893 847 3950 mutandi
879 3893 1010 3950 eundem
1042 3895 1200 3950 annuatim
1232 3908 1288 3968 pro
1319 3910 1372 3949 sue
1403 3894 1533 3950 arbitrio

270 4000 446 4058 voluntatis.
471 3999 556 4067 Item,
580 4000 606 4057 si
629 3999 698 4070 quis
721 3998 759 4056 de
791 4000 913 4057 civitate
944 4001 1008 4056 51115
1041 3998 1151 4056 herede
1183 3998 1354 4066 decesserit,
1378 3998 1416 4054 de
1440 3999 1533 4055 rebus

271 4109 333 4163 suis
356 4105 528 4163 mobilibus
552 4105 684 4161 liberam
707 4105 820 4162 habeat
850 4087 1032 4178 disponendi
1063 4105 1246 4177 cuicumque
1278 4105 1412 4160 voluerit
1437 4103 1532 4160 facul·

271 4218 372 4269 tatem.
397 4211 456 4267 Res
480 4225 555 4267 vero
579 4210 766 4280 immobiles
790 4209 908 4278 domos,
933 4211 1059 4277 curiam,
1077 4210 1189 4277 vineas
1206 4216 1302 4265 terras
1326 4216 1355 4265 et
1379 4208 1531 4279 hedificia,

269 4333 397 4375 suorum
420 4317 594 4373 concivium
624 4315 731 4373 habito
761 4316 897 4386 consilio,
931 4317 1019 4372 uxori
1051 4331 1104 4372 sue
1135 4315 1185 4371 vel
1213 4314 1305 4371 alicui
1329 4323 1532 4386 cognatorum

270 4438 397 4480 suorum
420 4422 582 4492 relinquat,
605 4421 648 4478 ita
670 4416 781 4491 tamen,
806 4421 888 4492 quod
921 4437 976 4478 nec
1008 4436 1062 4494 per
1094 4421 1206 4493 ipsum,
1238 4435 1293 4476 nec
1315 4436 1370 4492 per
1392 4435 1535 4488 uxorem,

270 4545 326 4587 nec
348 4544 405 4603 per
428 4537 574 4599 cognatos
596 4543 614 4584 a
637 4527 847 4585 iurisdictione
870 4527 1003 4584 civitatis
1027 4527 1123 4599 possit
1143 4525 1272 4583 alienari
1295 4526 1345 4582 vel
1370 4527 1464 4583 eximi
1481 4528 1533 4584 vel

271 4636 373 4693 avelli.
397 4634 484 4704 ltem,
508 4633 532 4690 si
556 4634 626 4705 quis
653 4633 813 4690 intestatus
844 4632 1015 4702 decesserit,
1045 4637 1075 4688 et
1107 4646 1161 4688 nec
1192 4646 1330 4701 uxorem,
1362 4647 1417 4688 nec
1440 4632 1531 4703 filios,

270 4754 326 4796 nec
349 4743 494 4812 cognatos
515 4737 668 4809 hahuerit,
683 4736 744 4796 due
765 4744 870 4813 partes
885 4752 990 4795 rerum
1006 4750 1134 4794 suarum
1148 4751 1205 4809 per
1228 4736 1312 4794 viros
1335 4734 1397 4793 fide
1413 4735 1532 4810 dignos,
