3480 5264
232 330 295 406 364
651 327 725 386 Doc.
743 324 820 404 384.
849 361 884 369 —
911 329 1080 404 An.1395.

232 520 350 585 domini
373 518 462 607 {nunc
492 531 638 583 venturas
661 527 750 583 nobis
773 527 978 584 amicabiliter
1001 528 1185 586 rescribatis.
1209 528 1367 586 Presentes
1397 536 1503 587 autern

233 633 345 706 sigillis
376 633 489 690 nostris
520 633 700 690 absentibus
730 633 836 704 sigillo
868 633 1008 703 magistri
1040 634 1165 690 Martini
1195 634 1275 691 Ders
1304 634 1448 692 vicebani
1470 640 1502 693 et

234 738 355 795 comitis
379 738 475 794 nostri
498 738 705 808 zagrabiensis
722 737 851 794 lecimus
867 737 1046 810 consignari.
1063 739 1180 795 Datum
1201 738 1359 811 Zagrabie,
1377 739 1505 798 decimo

145 869 150 877 ·
240 845 289 902 die
306 845 429 904 termini
453 845 612 917 prenotati.
641 846 731 901 Anno
754 843 870 902 domini
888 844 997 901 MCCC
1013 845 1212 916 nonagesimo
1228 845 1342 917 quinto.

326 979 466 1044 Originale
493 978 518 1028 in
545 979 643 1036 charta,
663 995 677 1028 a
699 985 773 1044 tergo
792 979 905 1044 vestigia
925 980 1039 1029 duorum
1058 979 1216 1045 sigillorum.
1236 980 1267 1029 ln
1289 979 1358 1028 arch.
1379 979 1426 1029 lib.
1447 996 1503 1046 reg.

235 1069 283 1118 civ.
301 1068 406 1134 zagrab.

824 1266 914 1332 384.

325 1424 401 1471 Anno
423 1431 497 1483 l3o5,
520 1433 556 1480 15.
577 1424 735 1472 novembris.
755 1424 908 1489 Zagrabiae.

242 1547 405 1621 Capitulum
431 1550 545 1620 :agreed
571 1550 755 1608 reambululls
778 1560 805 1608 ct
826 1555 923 1608 crectis
946 1553 1024 1608 niclt's
1046 1553 1076 1606 in
1095 1547 1423 1626 posscssimtc'Hruslja,
1439 1570 1503 1608 cen·

549 1655 716 1713 lrarliclores
736 1657 779 1713 ad
798 1658 931 1714 iudicium
955 1657 1059 1712 latiali
1082 1664 1185 1713 caracui.

325 1819 441 1873 Amicis
472 1819 535 1874 suis
566 1818 752 1888 reverendis,
784 1820 921 1892 capitulo
951 1820 1079 1876 ecclesie
1108 1820 1324 1891 zagrabiensis,
1360 1819 1503 1876 Detricus

235 1922 341 1980 Bubelt
371 1925 456 1995 regni
490 1922 651 1981 Sclauonie
681 1924 787 1993 banus,
819 1926 990 1981 amiciciam
1023 1931 1162 1997 paratam
1186 1939 1257 1981 cum
1281 1925 1404 1980 honore.
1441 1923 1502 1981 No·

233 2030 349 2099 veritis,
374 2029 457 2101 quod
480 2030 643 2111 lohannes,
668 2031 751 2087 filius
768 2031 946 2098 Hermanni‚
963 2031 1039 2087 civis
1055 2031 1188 2087 civitatis
1208 2030 1321 2086 montis
1338 2028 1502 2087 Grecensis

238 2135 276 2192 de
299 2135 451 2207 Zagrabia
481 2151 539 2208 pro
563 2136 662 2193 iudice
685 2143 714 2193 et
738 2137 845 2193 iuratis
872 2137 992 2193 civibus
1016 2135 1154 2193 eiusdem
1179 2136 1311 2192 civitatis
1334 2151 1406 2192 cum
1430 2151 1503 2209 pro-

238 2243 399 2299 curatoriis
424 2241 533 2299 litteris
557 2243 747 2313 eorumdem,
771 2251 878 2299 contra
900 2241 1095 2314 Gregorium‚
1120 2242 1289 2312 Georgium
1314 2246 1343 2297 et
1367 2241 1503 2312 Petrum,

236 2346 319 2404 filios
352 2348 484 2417 ltlartini,
508 2364 543 2404 ac
568 2348 700 2404 Paulum
731 2355 759 2404 et
783 2348 866 2417 Idan,
890 2347 972 2404 filios
996 2348 1162 2419 Zugouych
1186 2346 1224 2403 de
1247 2346 1372 2418 Oresya‚
1396 2362 1504 2419 perso·

236 2452 346 2510 naliter
379 2459 600 2526 comparentes,
632 2454 717 2510 iuxta
747 2455 969 2512 continenciam
995 2455 1169 2510 litterarum
1193 2461 1369 2509 nostrarum
1394 2467 1504 2524 proro-

236 2559 425 2631 gatoriarum
449 2559 479 2615 in
503 2561 620 2616 octavis
644 2559 713 2617 testi
738 2561 820 2618 beati
843 2560 1012 2632 ltlychaelis
1036 2560 1213 2631 archangeli
1236 2557 1387 2630 infigura
1403 2559 1502 2615 nostri

236 2664 341 2721 iudicii
372 2664 589 2737 comparend0,
623 2665 773 2737 quasdam
805 2667 923 2723 litteras
953 2665 1083 2722 vestras·
1102 2664 1236 2721 formam
1264 2665 1504 2737 possessionarie

235 2771 502 2842 reambulacionis‚
527 2772 822 2845 contradictorieque
846 2773 1041 2830 inhibicionis
1068 2778 1098 2829 et
1121 2772 1297 2828 statucionis
1320 2786 1355 2826 ac
1379 2770 1502 2827 citacio·

237 2878 283 2933 nis
300 2877 330 2934 in
354 2893 387 2933 se
411 2877 589 2935 denotantes
606 2880 695 2935 nobis
719 2880 906 2952 presentavit
930 2879 1128 2948 declarantes,
1152 2876 1235 2948 quod
1260 2877 1336 2948 regii
1361 2881 1390 2932 et
1406 2877 1503 2933 vestri

238 2984 378 3039 homines
414 2984 523 3040 litteris
547 2985 577 3041 in
601 2984 717 3041 eisdem
752 2986 909 3053 nominati,
934 2985 1065 3040 sabbato
1100 2983 1245 3055 proximo
1282 2988 1352 3055 post
1388 2980 1503 3038 festum

239 3089 460 3159 penthecostes
487 3092 628 3162 proxime
653 3092 843 3164 preteritum,
872 3091 908 3147 ad
943 3090 1036 3147 iacies
1063 3088 1221 3146 cuiusdam
1246 3088 1398 3161 particule
1422 3095 1503 3147 terre

238 3194 275 3250 ad
302 3197 525 3266 possessionem
549 3198 688 3254 lirascha
710 3202 851 3253 vocatam
870 3198 1008 3268 ipsorum
1027 3196 1134 3252 iudicis
1151 3202 1180 3251 et
1197 3196 1367 3251 iuratorum
1385 3194 1502 3250 civium

239 3301 346 3356 vicinis
370 3307 400 3357 et
423 3304 644 3359 commetaneis
668 3305 730 3359 suis
754 3304 906 3360 universis
930 3303 1006 3359 inibi
1031 3303 1180 3373 legittime
1197 3301 1372 3357 convocatis
1388 3306 1418 3355 et
1433 3315 1503 3372 pre-

238 3407 331 3462 sentis
356 3407 537 3476 accedendo
562 3409 662 3480 ipsam
686 3409 911 3480 possessionem
938 3408 1075 3463 llrnscha
1099 3413 1240 3463 vocatam
1266 3407 1349 3463 iuxta
1376 3404 1502 3462 demon·

238 3514 422 3570 stracionem
455 3515 595 3586 ipsorum
627 3515 735 3571 iudicis
762 3523 791 3571 et
815 3516 986 3570 iuratorum
1010 3514 1124 3570 civium
1149 3529 1167 3569 a
1191 3520 1277 3585 parte
1302 3511 1503 3584 possessionis

238 3619 430 3691 prolatorum
456 3620 486 3676 in
511 3636 601 3676 causa
625 3625 827 3676 attractorum
851 3620 967 3691 Oresya
989 3627 1104 3688 vocate,
1129 3617 1362 3686 reambuland0‚
1386 3615 1502 3672 eisdem

239 3723 340 3794 iudici,
365 3725 471 3780 iuratis
495 3733 523 3782 et
548 3726 668 3782 civibus
691 3725 771 3782 dicte
796 3726 928 3782 civitatis
951 3726 1044 3781 statui
1068 3724 1169 3781 lacere
1186 3723 1369 3791 voluissent;
1393 3738 1502 3778 verum

240 3829 351 3902 prelati
375 3831 550 3902 Gregorius
575 3832 728 3902 Georgius
751 3837 780 3888 et
804 3832 920 3899 Petrus,
945 3831 1002 3887 filii
1027 3831 1150 3886 ltlartini
1171 3831 1200 3886 in
1225 3844 1333 3885 eorum
1356 3836 1386 3884 et
1409 3843 1504 3885 anno·

238 3942 373 3993 talorum
399 3938 484 3995 Pauli
509 3944 538 3994 et
562 3939 643 3994 lwan
669 3939 808 4011 personis
832 3938 978 4011 predictis
1006 3936 1278 4008 possessionariam
1302 3934 1503 3990 statucionem
1585 4013 1587 4015 μ

239 4058 297 4115 pro
321 4044 395 4114 ipsis
419 4044 525 4112 iudice,
551 4045 656 4101 iuratis
681 4053 710 4101 et
733 4043 854 4101 civibus
878 4043 1058 4113 iaciendum,
1079 4041 1332 4099 contradiccionis
1348 4039 1504 4096 velamine

239 4148 424 4217 obviassent,
460 4150 501 4205 ob
536 4167 630 4222 quam
665 4150 911 4223 prohibicionem
947 4150 1041 4206 iidem
1076 4146 1316 4204 contradictores
1347 4146 1376 4201 in
1400 4143 1449 4200 die
1474 4150 1503 4200 et

240 4255 308 4311 loco
340 4256 369 4311 in
400 4255 515 4312 eisdem
549 4257 660 4314 litteris
691 4256 862 4325 declaratis,
890 4262 996 4311 contra
1019 4253 1143 4310 eosdem
1179 4253 1311 4309 iudicem
1335 4256 1365 4306 et
1388 4250 1504 4306 iuratos

240 4362 331 4431 cives,
355 4360 393 4416 ad
418 4361 588 4433 quindenas
610 4364 683 4420 dicti
707 4362 828 4420 sabbati
852 4368 989 4418 nostram
1014 4361 1043 4417 in
1069 4360 1258 4433 presenciam
1283 4357 1366 4414 citati
1387 4355 1504 4412 extitis-

239 4474 313 4524 sent.
350 4467 599 4540 Quibusquidem
631 4469 741 4526 litteris
776 4468 929 4533 exhibitis,
969 4465 1106 4539 prefatus
1145 4470 1327 4537 procurator
1362 4462 1502 4533 ipsorum

239 4573 348 4631 iudicis
372 4579 403 4631 ct
425 4575 596 4630 iuratorum
620 4576 734 4632 civium
752 4575 782 4631 in
799 4574 938 4646 personis
954 4573 1144 4641 eorumdem,
1161 4572 1260 4644 ipsam
1278 4569 1503 4642 possessionem

239 4679 379 4737 Hrascha
402 4679 519 4736 eisdem
544 4697 582 4737 ex
605 4682 690 4753 regia
711 4679 879 4737 donacione
903 4680 1056 4750 pertinere
1073 4684 1103 4734 et
1119 4678 1257 4748 legitime
1274 4679 1421 4732 statutam
1437 4672 1503 4731 fore

240 4784 409 4859 declarans,
442 4786 597 4844 racionem
620 4787 770 4860 premisse
793 4783 1029 4842 contradictorie
1052 4783 1247 4841 inhibicionis
1270 4781 1426 4852 assignare
1448 4795 1505 4853 po·
