3488 5242
262 327 321 385 160
680 326 753 384 Dor.
778 323 847 385 182.
875 363 911 370 --
937 330 993 387 An.
1019 344 1106 408 1343.

442 432 556 436 -——
896 435 1049 441 ———..
1089 437 1524 445 ..——--—-.———..—....-

259 541 320 596 que
337 529 495 582 transeunt
511 526 560 583 vel
576 525 729 582 ducuntur
747 542 802 599 per
814 527 997 599 Zagrabiam
1015 530 1064 586 vel
1081 531 1161 587 circa
1179 547 1384 603 quocumque,
1401 547 1525 605 semper

259 636 361 688 tamen
386 632 492 704 previa
517 633 645 688 racione.
671 633 755 702 ltem,
787 633 825 690 dc
853 634 995 692 curribus
1026 631 1189 706 baliarum,
1221 639 1273 710 qui
1306 637 1460 695 ducuntur
1483 638 1523 695 ad

251 743 394 794 ¹montem
420 737 614 809 Grecensem,
638 740 703 795 sive
735 747 879 802 castrum,
911 756 1044 813 quorum
1075 758 1192 799 merces
1216 744 1265 800 rel
1291 761 1328 800 ex
1353 745 1397 800 eis
1419 745 1522 816 alique

259 843 432 900 vendicioni
457 851 661 917 exponuntur,
685 846 836 902 tributum
861 848 920 902 hoc
944 847 1036 904 modo
1068 850 1222 906 solvetur:
1251 851 1353 922 primo
1380 851 1524 908 videlicet

258 948 295 1005 de
320 950 448 1020 singulis
472 951 567 1023 peciis
598 952 689 1024 panni
721 953 852 1020 scarleti,
877 952 997 1009 medius
1022 953 1100 1009 ferto
1123 956 1241 1025 argenti
1267 956 1344 1027 puri.
1370 956 1455 1023 ltetn,
1480 956 1519 1012 de

260 1056 368 1128 pannis
392 1056 462 1112 aliis
486 1057 537 1112 vel
561 1058 654 1113 rebus
678 1057 927 1130 quibuscumque
951 1065 980 1115 et
1004 1060 1034 1115 in
1051 1075 1247 1132 quocumque
1271 1063 1444 1130 consistant,
1470 1077 1521 1118 seu

259 1162 481 1234 cuiuscumque
505 1163 601 1235 precii
625 1163 764 1232 existant,
781 1162 927 1236 precedat
943 1166 1116 1222 communis
1134 1167 1292 1245 estimacio
1316 1167 1346 1224 in
1364 1168 1432 1223 loco
1451 1184 1522 1223 ven-

257 1266 386 1324 dicionis
410 1275 583 1339 conpetens
608 1284 668 1340 qua
692 1267 781 1338 lacta,
803 1267 841 1325 de
864 1270 993 1341 singulis
1011 1271 1121 1328 marcis
1146 1272 1261 1328 valoris
1288 1272 1398 1328 talium
1417 1288 1523 1330 rerum

256 1380 286 1429 et
309 1374 583 1430 mercimoniorum
606 1374 794 1446 recipiantur
818 1374 937 1432 denarii
961 1375 1031 1432 duo.
1053 1376 1138 1445 Item,
1163 1375 1201 1433 de
1224 1378 1354 1449 singulis
1378 1379 1521 1434 curribus

260 1478 437 1552 ponderatis
462 1495 659 1552 quocumque
683 1478 785 1551 blado,
809 1481 922 1553 singuli
946 1497 1000 1538 sex
1024 1481 1139 1539 denarii
1163 1498 1181 1538 a
1204 1483 1365 1540 venditore
1389 1491 1418 1540 et
1438 1484 1522 1541 simi·

259 1585 330 1643 liter
354 1587 394 1644 ab
418 1591 578 1660 emptore;
599 1591 629 1642 et
652 1587 710 1642 hoc
733 1585 817 1643 idem
844 1586 1037 1659 duplicatum
1070 1587 1124 1644 tali
1155 1587 1249 1644 modo
1273 1604 1396 1662 semper
1417 1590 1521 1647 subin·

260 1693 419 1765 telligatur
442 1694 472 1750 in
496 1694 641 1751 omnibus
665 1699 695 1748 et
717 1693 847 1764 singulis
871 1693 964 1750 rebus
987 1692 1192 1765 infrascriptis
1209 1695 1384 1766 specialiter
1400 1696 1451 1751 vel
1469 1711 1520 1767 ge-

257 1798 403 1856 neraliter
426 1799 656 1856 subintellectis.
681 1797 765 1868 Puta,
789 1799 813 1853 si
838 1797 950 1854 dicitur
972 1798 1010 1855 de
1034 1800 1114 1857 bove
1138 1815 1216 1855 unus
1240 1798 1384 1857 denarius
1408 1801 1457 1857 vel
1483 1800 1522 1858 de

256 1919 314 1961 ove
338 1904 459 1972 obulus,
484 1910 556 1961 tunc
579 1904 770 1976 intelligitur,
795 1903 877 1975 quod
904 1905 969 1976 ipse
997 1903 1139 1961 denarius
1164 1905 1213 1961 vel
1239 1905 1352 1962 obulus
1378 1907 1480 1979 primo
1504 1923 1521 1963 a

257 2010 416 2067 venditore
439 2009 571 2066 debetur
594 2017 623 2066 et
648 2006 841 2067 tantumdem
874 2010 914 2066 ab
945 2019 1094 2082 emptore,
1125 2019 1154 2067 et
1178 2012 1221 2067 sic
1245 2011 1282 2068 de
1302 2013 1458 2069 similibus
1483 2012 1521 2069 de

255 2117 365 2174 maiori
389 2124 418 2173 et
442 2117 554 2172 minori
575 2116 752 2188 quantitate.
770 2115 855 2183 Item,
872 2115 910 2172 de
927 2116 1056 2186 singulis
1072 2116 1263 2189 ponderibus
1278 2133 1429 2190 equorum
1447 2135 1518 2176 curn

257 2222 351 2280 blado
375 2237 580 2295 quocumque,
604 2221 665 2278 duo
689 2221 814 2278 denarii.
840 2221 924 2288 ltem,
948 2221 986 2278 de
1010 2224 1139 2294 singulis
1163 2224 1282 2279 baculis
1306 2240 1383 2292 cere,
1406 2225 1520 2296 singuli

256 2329 389 2397 denarii;
413 2335 443 2385 et
466 2328 504 2385 de
528 2328 657 2400 singulis
681 2328 782 2383 star-iis
806 2327 879 2383 salis
895 2342 929 2383 ac
946 2329 1075 2399 singulis
1101 2329 1194 2399 peciis
1212 2328 1284 2385 ferri
1306 2331 1424 2397 secerni,
1442 2345 1518 2402 quo·

256 2435 484 2506 modocumque
507 2433 692 2501 deferantur,
717 2433 829 2504 singuli
854 2433 949 2490 obuli.
975 2433 1059 2502 ltem,
1084 2433 1122 2490 de
1138 2434 1268 2506 singulis
1284 2437 1427 2492 curribus
1444 2451 1517 2492 cum

255 2542 327 2598 vino
351 2541 514 2609 honeratis
538 2538 748 2596 duodenarii.
774 2539 858 2608 ltem,
883 2538 921 2595 de
944 2540 1074 2610 singulis
1097 2541 1240 2597 curribus
1263 2542 1395 2613 piscium
1417 2558 1520 2598 recen-

254 2647 345 2716 cium,
371 2663 424 2703 sex
447 2646 571 2702 denarii.
599 2645 683 2713 ltem,
707 2643 745 2726 de
767 2645 896 2716 singulis
920 2645 1061 2701 curribus
1093 2646 1223 2718 piscium
1257 2649 1419 2715 salsorum,
1444 2649 1520 2705 duo·

255 2754 357 2811 decim
380 2753 512 2821 denarii;
535 2759 563 2808 et
588 2752 613 2807 si
637 2766 746 2807 usones
772 2750 891 2820 fuerint,
916 2751 954 2808 de
979 2736 1116 2823 singulis,
1141 2769 1192 2808 sex
1218 2752 1342 2810 denarii.
1369 2755 1452 2815 ltem.
1478 2755 1515 2811 de

255 2861 385 2932 singulis
408 2859 544 2916 corosnis
569 2856 699 2931 piscium
717 2873 909 2927 magnorum,
927 2857 1130 2927 duodenarii,
1152 2865 1182 2914 et
1205 2858 1243 2914 de
1265 2861 1419 2917 minorum
1437 2877 1515 2917 unus

252 2966 408 3029 denarius,
432 2982 467 3023 ac
490 2965 528 3022 de
551 2965 680 3036 singulis
704 2964 841 3020 corosnis
857 2978 1047 3021 cancrorum.
1064 2965 1184 3020 obulus.
1204 2965 1286 3035 ltem,
1312 2965 1349 3021 de
1373 2967 1515 3038 quolibet

253 3089 342 3145 equo,
367 3090 429 3141 sex,
454 3077 483 3129 et
507 3087 594 3143 equa,
619 3077 752 3142 quatuor
775 3069 900 3126 denarii.
926 3065 1010 3135 ltem,
1033 3069 1071 3126 de
1095 3071 1223 3141 singulis
1253 3072 1441 3143 ponderibus
1464 3075 1518 3130 lro-
1563 3071 1566 3085 ⁴

254 3180 374 3236 minum
398 3194 468 3234 cum
496 3180 557 3234 tela
582 3177 631 3232 vel
657 3191 758 3249 panno
782 3176 937 3232 communi
962 3182 991 3232 ct
1014 3176 1177 3245 similibus,
1201 3177 1262 3233 duo
1287 3177 1421 3246 denarii;
1445 3186 1473 3234 et
1492 3180 1517 3235 si

255 3287 353 3342 maius
376 3285 426 3341 vel
452 3285 553 3340 minus
578 3282 676 3351 fuerit,
703 3297 759 3355 pro
782 3289 848 3338 rata
866 3282 988 3349 ‚valoris
1020 3283 1137 3347 talium,
1163 3284 1328 3355 recipiatur
1352 3285 1511 3341 tributum.

254 3392 338 3458 ltem,
363 3390 401 3446 de
424 3391 554 3461 singulis
578 3388 687 3457 bobus
714 3389 821 3458 vaccis,
854 3389 960 3444 ritulis
991 3388 1042 3444 vel
1072 3389 1219 3453 iuvencis,
1250 3390 1361 3461 singuli
1387 3389 1518 3447 denarii·

253 3497 339 3556 ltem.
364 3496 402 3553 de
427 3496 598 3552 minoribus
624 3494 810 3551 animalibus
827 3495 956 3565 singulis
976 3495 1232 3566 quibuscumque,
1256 3496 1385 3563 obulus;
1410 3511 1516 3566 ymmo

252 3603 411 3660 eciamde
434 3602 563 3673 singulis
587 3601 717 3671 agnellis
741 3607 769 3656 et
794 3599 867 3663 edis,
891 3600 1033 3656 similiter
1056 3601 1177 3663 obulus.
1202 3602 1279 3657 sicut
1304 3600 1360 3657 run
1385 3608 1414 3656 et
1437 3602 1514 3658 alias

253 3716 443 3766 consuetum.
468 3707 553 3776 ltem,
577 3706 615 3762 de
637 3707 767 3777 singulis
791 3706 893 3778 porcis
917 3705 1094 3761 maioribus.
1120 3705 1271 3771 denarius,
1299 3713 1328 3761 et
1359 3705 1397 3762 de
1420 3706 1515 3761 mino·

252 3815 339 3872 ribus
362 3814 501 3885 singulis,
526 3814 604 3868 sicut
627 3811 720 3867 medii
744 3812 813 3868 anni
847 3817 876 3867 et
908 3810 995 3879 intra,
1025 3812 1153 3879 obulus;
1186 3826 1220 3866 ac
1252 3810 1290 3867 de
1314 3812 1443 3882 singulis
1463 3826 1516 3891 co-

253 3922 351 3977 rosnis
375 3919 597 3992 porcellorum‚
617 3918 739 3974 obulus.
763 3917 848 3987 Item,
872 3916 910 3973 de
931 3917 1053 3972 cutibus
1077 3917 1257 3972 animalium
1275 3916 1516 3973 domesticorum

251 4033 281 4083 et
305 4026 505 4095 silvestrium,
528 4024 641 4096 singuli
664 4022 781 4080 denarii
805 4023 856 4079 vel
880 4023 976 4092 obuli,
1001 4022 1248 4079 consideracione
1273 4023 1381 4079 talium
1411 4023 1515 4079 habita

251 4132 420 4191 secundum
445 4133 544 4189 maius
567 4137 596 4187 et
621 4131 729 4198 minus
754 4136 847 4202 prout
876 4129 932 4186 luit
962 4130 1039 4186 alias
1069 4135 1257 4186 consuetum.
1287 4130 1371 4196 ltem,
1395 4128 1432 4184 de
1456 4130 1515 4185 sin-

250 4240 333 4311 gulis
358 4238 454 4311 ydriis
478 4238 591 4307 mellis,
615 4237 745 4304 obulus;
769 4235 807 4292 de
831 4235 895 4292 edis
920 4242 1031 4304 tamen,
1056 4236 1108 4306 qui
1133 4251 1203 4292 curn
1232 4236 1384 4291 matribus
1408 4235 1446 4292 ad
1472 4234 1515 4290 f-

251 4361 320 4402 rum
353 4346 514 4416 ducuntur,
548 4360 644 4417 usque
676 4341 787 4399 festum
820 4343 1003 4399 ascensionis
1034 4341 1160 4411 domini,
1192 4343 1285 4399 nichil
1317 4358 1374 4414 pro
1399 4342 1515 4399 tributo

252 4458 381 4525 petatur.
405 4453 491 4521 Item,
515 4450 553 4507 de
570 4449 699 4521 singulis
716 4449 826 4505 tunicis
842 4455 871 4504 et
888 4448 979 4519 paliis
996 4449 1138 4504 virorum
1163 4448 1212 4504 vel
1237 4449 1404 4504 mulierum
1421 4449 1514 4520 panni

249 4559 351 4631 grisei,
375 4558 504 4626 obulus;
528 4556 566 4614 de
589 4557 659 4613 aliis
683 4570 757 4612 vero
780 4555 890 4612 tunicis
914 4560 943 4611 et
967 4554 1124 4610 mantellis
1157 4554 1282 4610 maioris
1312 4555 1360 4609 vel
1387 4553 1514 4609 minoris

251 4664 375 4735 valoris
398 4662 590 4720 considerata
613 4661 707 4735 panni
728 4661 877 4734 qualitate
892 4660 1059 4733 recipiatur
1075 4659 1226 4716 tributum
1243 4660 1323 4716 circa
1340 4660 1403 4728 hec,
1422 4666 1514 4730 prout

250 4770 308 4828 fuit
330 4778 359 4828 et
381 4770 458 4827 alias
481 4774 670 4827 consuetum.
694 4769 779 4835 ltem,
802 4767 840 4825 de
863 4766 993 4840 singulis
1016 4765 1111 4823 saccis
1137 4764 1221 4822 bladi
1244 4766 1464 4837 cuiuscumque
1481 4772 1510 4821 et
