3488 5242
258 327 296 384 62
687 322 759 380 Doc.
783 334 830 398 72.
859 355 895 364 -
921 323 977 381 An.
1001 319 1093 399 1289.

257 522 390 578 inclusas
413 519 549 590 donavit,
573 520 703 577 contulit
726 526 757 577 et
779 521 948 592 assignavit
970 527 1100 594 propter
1121 523 1331 580 reverenciam
1356 523 1445 580 beate
1460 523 1522 579 vir·

257 627 336 698 ginis
359 626 523 698 animeque
545 641 597 682 sue
620 626 662 682 ob
685 625 859 683 remedium
882 634 912 682 et
935 627 1067 683 salutem
1091 625 1197 684 domui
1221 631 1251 684 et
1271 628 1435 685 conventui
1451 635 1521 702 pre·

257 731 412 791 dictorum
443 733 665 789 heremitarum
695 733 761 789 iure
793 740 944 806 perpetuo
976 733 1228 790 inrevocabiliter
1261 732 1462 806 possidendas
1493 738 1523 790 et

257 839 421 896 habendas.
446 837 586 909 Quarum
610 838 834 911 particularum
858 838 960 911 prima
985 844 1066 894 meta
1089 838 1167 894 sicut
1195 837 1268 895 dicti
1294 837 1404 895 fratres
1426 839 1523 896 nostri

256 945 446 1017 inspexerint
469 949 498 1000 et
522 945 612 1001 nobis
635 944 796 1001 retulerint
822 944 929 1016 incipit
953 944 993 1000 ab
1021 949 1091 1000 ortu
1114 944 1188 1000 solis
1213 960 1230 1001 a
1254 944 1388 1017 quadarn
1411 945 1522 1002 arbore

256 1051 342 1108 nucis
378 1051 464 1107 iuxta
497 1050 583 1107 viam
617 1064 771 1122 magnam,
804 1048 875 1107 inde
906 1047 1075 1122 procedens
1106 1065 1214 1107 versus
1245 1049 1435 1107 occidentem
1467 1066 1524 1123 per

257 1157 386 1214 eandem
417 1157 501 1214 viam
535 1171 680 1228 magnam
713 1156 796 1212 venit
824 1154 863 1212 ad
893 1156 988 1212 aliam
1015 1156 1160 1213 arborem
1188 1158 1281 1226 nucis,
1312 1173 1330 1214 a
1360 1157 1523 1229 quainter

256 1265 340 1337 ipsas
361 1269 457 1319 terras
479 1261 637 1319 donaticas
662 1269 691 1318 et
716 1267 813 1318 terras
835 1267 1002 1319 castrenses
1022 1261 1126 1320 Ra'dos
1142 1263 1266 1334 scilicet,
1284 1263 1341 1321 filii
1358 1262 1519 1321 Gerdeskh

257 1375 287 1426 et
317 1368 493 1440 Gerdyzlai‚
524 1368 582 1425 filii
613 1366 798 1434 Gerdozlaii‚
830 1369 914 1424 venit
944 1367 983 1425 ad
1016 1369 1144 1426 arbores
1171 1371 1257 1427 nucis
1278 1369 1427 1439 novellas,
1451 1369 1522 1426 inde

256 1490 365 1532 versus
396 1473 558 1533 meridiem
589 1489 646 1548 per
676 1472 826 1530 fossatum
857 1474 1019 1546 antiquum
1039 1474 1205 1533 ascendens
1229 1475 1312 1532 venit
1336 1475 1373 1532 ad
1399 1476 1522 1531 vineam

257 1581 324 1641 Gan
349 1581 437 1638 latini
460 1589 489 1638 et
512 1581 654 1654 pervenit
676 1579 716 1636 ad
740 1581 822 1636 viam
840 1587 978 1637 veterem
992 1580 1032 1637 ad
1048 1580 1186 1655 lapidem
1202 1582 1312 1639 album
1331 1582 1411 1638 circa
1427 1595 1521 1653 quem

256 1693 327 1746 sunt
351 1694 412 1745 tres
442 1687 569 1744 arbores
604 1692 753 1757 castanee,
786 1686 856 1744 inde
887 1701 943 1759 per
973 1685 1103 1743 eandem
1126 1688 1211 1744 viam
1235 1688 1265 1744 in
1288 1687 1385 1744 latere
1408 1687 1522 1743 montis

257 1808 365 1851 versus
388 1793 537 1850 orientem
561 1791 732 1865 procedens
755 1792 839 1848 venit
861 1790 899 1848 ad
923 1791 1069 1849 arborem
1085 1793 1146 1865 piri
1161 1794 1252 1850 sitam
1268 1808 1286 1849 a
1304 1792 1421 1850 dextris
1437 1793 1523 1849 iuxta

256 1899 358 1972 ipsam
381 1900 474 1967 viam,
498 1897 568 1956 inde
590 1896 778 1955 descendens
801 1912 909 1954 versus
932 1898 1185 1971 septemtrionem
1208 1899 1292 1956 venit
1314 1897 1352 1954 ad
1376 1898 1522 1955 arborem

256 2013 404 2073 castanee,
428 2021 446 2062 a
470 2020 531 2077 qua
553 2005 697 2062 similiter
719 2001 932 2061 descendendo
963 2003 1003 2060 ad
1028 2003 1177 2061 fossatum
1201 2010 1231 2061 et
1254 2003 1292 2061 ad
1316 2011 1432 2062 terram
1455 2018 1522 2061 ara·

256 2112 354 2169 bilem
384 2111 527 2184 pervenit
556 2111 594 2167 ad
627 2111 765 2183 priorem
796 2117 919 2167 metam.
947 2110 1118 2167 Astiterunt
1141 2111 1239 2168 eciam
1262 2109 1351 2168 dictis
1373 2109 1521 2167 fratribus

257 2218 368 2275 nostris
400 2215 569 2290 supradicti
599 2215 702 2272 Rados
735 2224 765 2272 et
795 2214 987 2286 Gerdyzlaus
1018 2218 1220 2274 commetanei
1251 2217 1332 2274 dicte
1355 2221 1443 2286 terre,
1468 2216 1521 2288 qui

257 2322 411 2396 predictas
443 2328 541 2378 metas
561 2328 660 2378 rectas
691 2327 720 2378 et
744 2322 838 2378 iustas
862 2322 1018 2391 habentes
1038 2338 1128 2379 suum
1152 2337 1334 2380 consensum
1356 2321 1520 2379 collacioni

256 2428 434 2486 huiusmodi
458 2429 522 2485 sine
547 2427 793 2485 contradiccione
817 2428 1014 2500 prebuerunt.
1050 2428 1083 2485 ln
1106 2429 1192 2485 cuius
1216 2428 1260 2485 rei
1283 2428 1469 2484 memoriam
1490 2431 1520 2483 et

257 2533 471 2592 certitudinem
495 2533 690 2607 presentibus
713 2532 753 2589 ad
776 2533 957 2590 instanciam
983 2534 1122 2606 parcium
1145 2533 1286 2606 sigillum
1309 2539 1448 2590 nostrum
1465 2531 1521 2588 du·

256 2641 359 2697 ximus
389 2639 616 2713 apponendum.
650 2638 765 2695 Datum
798 2639 904 2711 quinta
936 2638 1011 2724 feria
1043 2640 1185 2711 proxima
1209 2645 1279 2712 post
1303 2638 1415 2696 festum
1439 2639 1521 2695 beati

256 2746 416 2803 Michaelis
440 2744 624 2818 archangeli.
657 2747 747 2802 Anno
770 2743 887 2801 domini
911 2744 995 2801 MCC
1019 2746 1226 2817 octuagesimo
1250 2751 1367 2802 octavo.

345 2879 485 2945 Originale
504 2879 531 2928 in
550 2879 708 2936 membrana,
727 2878 825 2928 sericea
844 2894 907 2928 zona
921 2878 1031 2929 violacei
1046 2878 1143 2929 coloris
1156 2879 1254 2941 absque
1268 2877 1359 2943 sigillo
1376 2881 1515 2944 appendet.

256 2968 286 3017 ln
307 2968 376 3017 arch.
395 2967 471 3033 regni
491 2967 519 3016 C.
540 2967 563 3017 S.
583 2967 615 3015 D.
635 2970 692 3016 Act.
719 2966 799 3017 Conv.
820 2967 990 3016 Remelensis.
1010 2966 1070 3016 fasc.
1093 2977 1113 3016 1.
1131 2983 1170 3016 nr.
1187 2977 1206 3016 1.
1226 2968 1299 3033 Joan.
1314 2967 1429 3017 Tkaldic'.
1450 2967 1519 3017 Mon.

255 3055 315 3106 hist.
335 3055 414 3120 episc.
437 3055 540 3120 zagrab.
559 3055 578 3104 1.
598 3071 623 3120 p.
643 3065 701 3103 222.

860 3252 921 3320 '72.

365 3412 448 3462 Anno.
471 3412 543 3471 1289,
567 3419 605 3457 10.
624 3370 933 3475 februarii..Zagrabiae.

250 3536 384 3612 joannes
407 3535 430 3591 Ι.
456 3537 572 3608 zagrab.
594 3537 673 3608 episc
698 3537 728 3592 in
752 3538 808 3605 lite,
831 3556 917 3610 quam
939 3539 1093 3610 capitulum
1117 3539 1232 3611 zagrab.
1257 3547 1356 3595 cotrtra
1372 3539 1519 3595 Andream

256 3643 352 3698 curiae
374 3643 536 3715 episcipalt'r
558 3644 681 3699 tantilem
705 3643 737 3699 dc
759 3643 884 3716 quadam
908 3645 1003 3701 ursula
1024 3646 1099 3700 litter
1121 3644 1230 3701 Sanam
1253 3653 1280 3700 e!
1302 3643 1436 3700 Saiticam
1453 3645 1519 3712 saia,

670 3751 780 3822 agebat,
802 3751 927 3823 capitulo
950 3751 1101 3808 ailrudiral.

343 3913 497 3995 Johannes
531 3912 731 3999 miseracione
768 3911 874 3968 divina
914 3914 1077 3987 episcopus
1115 3914 1327 3985 zagrabiensis.
1366 3913 1518 3969 Omnibus

256 4017 371 4076 Christi
394 4017 540 4074 fidelibus
563 4007 689 4091 presens
713 4018 864 4091 scriptum
888 4019 1070 4091 inspecturis
1094 4018 1225 4075 salutem
1251 4019 1281 4074 in
1303 4019 1444 4074 omnium
1461 4018 1520 4074 sal·

257 4130 370 4181 vatore.
394 4123 442 4180 Ad
474 4125 691 4181 universorum
718 4125 865 4181 noticiam
896 4131 1001 4180 tenore
1025 4124 1216 4196 presensium
1242 4124 1387 4180 volumus
1411 4139 1519 4195 perve-

256 4229 329 4299 nire,
353 4229 437 4301 quod
460 4244 531 4286 cum
554 4231 613 4286 viri
637 4230 760 4287 discreti
783 4236 813 4287 et
836 4230 954 4287 honesti
977 4223 1087 4286 fratres
1111 4231 1215 4300 nostri,
1239 4230 1410 4302 capitulum
1436 4229 1520 4285 vide·

255 4335 327 4392 licet
358 4337 485 4394 ecclesie
515 4342 618 4393 nostre
648 4337 862 4408 zagrabiensis‚
894 4337 1077 4408 magistrum
1101 4334 1266 4404 Andream‚
1291 4340 1362 4391 tunc
1385 4334 1517 4390 iudicem

256 4442 339 4498 curie
364 4434 582 4518 [episcopalis],
618 4442 725 4500 ordine
748 4441 908 4500 iudiciario
931 4458 1024 4516 super
1048 4441 1182 4525 quadam
1205 4441 1304 4498 insula
1328 4442 1405 4497 inter
1429 4440 1519 4496 Zawa

256 4553 285 4603 et
317 4546 483 4606 Zauicham
518 4549 673 4619 existente,
705 4564 765 4621 que
798 4548 923 4621 quidem
952 4549 1052 4606 insula
1083 4550 1140 4606 luit
1171 4547 1326 4620 quondam
1357 4546 1519 4604 cuiusdam

256 4655 379 4711 nomine
403 4655 562 4726 Lelchech,
593 4670 698 4713 coram
726 4657 816 4714 nobis
839 4657 1060 4724 convenissent,
1085 4654 1219 4711 dicentes
1249 4653 1349 4726 ipsam
1385 4653 1518 4709 insulam

255 4757 296 4817 ad
317 4760 365 4817 ius
387 4765 417 4817 et
438 4762 661 4834 proprietatem
683 4762 824 4836 ipsorum
846 4761 1000 4835 pertinere
1024 4760 1116 4834 pleno
1139 4759 1214 4829 iure,
1237 4763 1268 4815 et
1290 4764 1396 4815 contra
1419 4756 1513 4814 deum
