3488 5242
671 327 744 384 Doc.
762 340 816 403 32.
844 361 880 370 —
906 328 962 384 An.
987 340 1072 405 1257.
1464 349 1502 403 27

250 523 437 595 intendebat,
461 525 490 582 in
515 542 574 598 qua
598 527 695 583 eciam
721 525 830 583 iratres
853 527 1054 585 cisterciensis
1070 527 1186 585 ordinis
1205 528 1379 597 collocavit,
1402 534 1507 585 nostro

242 629 442 701 dignaremur
474 632 639 704 privilegio
666 633 857 691 confirmare:
890 632 1044 703 Ceterum,
1076 633 1210 706 quiade
1242 633 1308 704 hiis,
1340 649 1400 705 que
1423 632 1504 691 dicte

245 735 372 792 ecclesie
405 736 544 794 conterre
567 737 705 811 prefatus
735 739 969 797 archidiaconus
1001 739 1185 808 intendebat,
1216 740 1305 796 nobis
1336 740 1427 812 plene
1450 755 1511 797 non

244 841 411 900 constabat.
444 850 652 914 precaventes,
683 852 716 901 ut
747 861 784 901 ex
816 845 873 901 hoc
904 845 1062 918 aliquibus
1091 844 1296 919 preludicium
1338 849 1510 917 generetur,

245 947 440 1018 inquisicioni
468 955 496 1004 et
520 948 708 1006 ordinationi
733 950 881 1023 Stephani
904 951 975 1008 bani
1000 952 1098 1008 tocius
1122 949 1283 1007 Sclauonie
1306 957 1335 1007 et
1359 951 1510 1023 capitanei

244 1052 343 1121 Stiria,
368 1053 473 1110 dilecti
497 1059 526 1110 et
551 1054 652 1112 tidelis
677 1057 782 1126 nostri,
806 1057 1028 1124 commisimus
1053 1063 1085 1113 ut
1106 1055 1188 1113 idem
1206 1055 1277 1112 facti
1293 1056 1403 1112 seriem
1421 1055 1511 1113 nobis

247 1159 380 1216 tideliter
404 1161 433 1216 in
458 1161 521 1217 suis
545 1162 656 1218 litteris
680 1163 842 1220 intimaret.
871 1163 907 1220 Et
930 1161 1013 1220 idem
1038 1162 1127 1219 nobis
1150 1161 1317 1234 rescripsit,
1348 1160 1431 1232 quod
1456 1144 1511 1219 nos

245 1265 474 1322 contuleramus
510 1266 659 1325 iratribus
694 1269 894 1326 cisterciensis
928 1268 1045 1327 ordinis
1080 1274 1194 1325 terram
1229 1267 1318 1324 unius
1352 1267 1446 1325 aratri
1480 1268 1510 1324 in

244 1373 344 1428 insula
375 1372 543 1442 antedicta,
575 1373 605 1430 in
638 1390 699 1445 qua
729 1374 830 1431 insula
863 1374 921 1432 luit
951 1375 1027 1432 olim
1060 1379 1234 1432 constructa
1264 1372 1511 1432 ecclesia·sancti

243 1478 360 1559 Jacobi,
379 1479 461 1535 iuxta
479 1495 573 1550 quam
591 1479 672 1537 idem
690 1480 923 1538 archidiaconus
939 1481 1109 1538 construxit
1125 1480 1296 1536 claustrum
1308 1485 1338 1536 et
1350 1479 1511 1537 ecclesiam

245 1584 274 1640 in
308 1585 424 1641 honore
456 1590 559 1642 sancte
582 1587 677 1643 llarie
705 1588 834 1659 virginis
857 1588 1000 1659 gloriose,
1024 1585 1183 1644 residuum
1207 1600 1282 1643 vero
1305 1586 1390 1643 illius
1413 1585 1512 1643 insule

245 1698 361 1747 emerat
392 1691 529 1765 prefatus
560 1693 792 1750 archidiaconus
823 1709 841 1750 a
870 1694 1017 1777 Johanne,
1050 1692 1116 1750 filio
1144 1692 1274 1762 Yrozlai‚
1304 1693 1384 1749 iusto
1408 1693 1512 1765 precio

248 1796 412 1868 persoluto.
449 1797 534 1867 ltem,
566 1798 660 1854 aliam
693 1799 826 1856 insulam
851 1801 925 1857 emit
949 1815 1056 1856 versus
1080 1799 1229 1856 orientem
1252 1813 1271 1855 a
1295 1798 1512 1871 iobagionibus

244 1903 336 1958 castri
366 1903 584 1974 zagrabiensis,
615 1903 745 1962 scilicet:
776 1906 881 1986 Jacou,
911 1907 1076 1978 Hutywoy,
1100 1905 1229 1975 Chema,
1253 1905 1397 1962 chheta
1420 1910 1450 1961 et
1473 1904 1513 1962 ab

245 2007 313 2065 aliis
341 2010 478 2081 cognatis
508 2009 699 2068 eorumdem.
731 2012 889 2071 lntimavit
920 2013 1017 2069 eciam
1048 2011 1138 2068 nobis
1169 2010 1268 2068 dictus
1292 2012 1398 2080 banus,
1429 2007 1512 2090 quod

248 2114 328 2171 idem
362 2117 509 2188 magister
543 2117 650 2174 Petrus
673 2118 831 2175 habuisset
855 2119 912 2175 tria
936 2117 1114 2175 molendina
1136 2133 1154 2174 a
1177 2122 1264 2191 patre
1287 2117 1379 2174 castri
1402 2115 1513 2193 Grech,

245 2222 276 2277 in
299 2236 380 2292 aqua
404 2237 463 2293 que
489 2221 600 2279 dividit
617 2228 731 2280 terram
749 2225 841 2281 castri
857 2223 958 2283 Grech
975 2241 992 2281 a
1009 2233 1091 2281 terra
1109 2223 1241 2281 fratrum
1257 2209 1512 2296 zagrabiensium,

246 2343 306 2398 que
340 2327 465 2400 quidem
497 2328 730 2385 archidiaconus
763 2329 936 2402 sepedictus
968 2332 1008 2387 ab
1046 2332 1173 2402 antiquo
1207 2328 1386 2403 possederat
1423 2328 1514 2385 titulo

246 2435 422 2507 empcionis.
454 2435 569 2490 Verum
595 2450 652 2507 pro
675 2436 757 2491 bono
781 2436 873 2509 pacis,
906 2435 1059 2494 mediante
1092 2436 1173 2494 bano
1204 2435 1369 2510 Stephano,
1397 2435 1513 2491 exstitit

247 2539 431 2598 ordinatum.
456 2549 489 2598 ut
513 2540 574 2597 duo
598 2541 776 2599 molendina
800 2541 837 2599 de
863 2544 969 2612 tribus,
994 2543 1110 2600 scilieet
1133 2557 1229 2600 unum
1253 2541 1365 2600 melius
1380 2547 1411 2599 et
1426 2538 1511 2598 aliud

248 2644 392 2716 deterius,
424 2646 550 2703 deberet
583 2648 696 2704 habere
720 2648 953 2706 archidiaconus
984 2647 1164 2718 antedictus,
1195 2649 1325 2706 tercium
1348 2661 1424 2704 vero
1446 2660 1513 2726 mo·

247 2751 414 2821 leudinum,
445 2754 556 2810 melius
595 2753 748 2822 deteriori,
787 2754 935 2812 deberent
966 2755 1080 2812 habere
1110 2755 1194 2812 cives
1231 2753 1270 2811 de
1300 2752 1411 2822 Grech,
1449 2734 1512 2810 suis

248 2859 357 2915 usibus
380 2860 557 2931 aplicatum.
586 2860 664 2917 Cum
689 2862 783 2932 igitur
808 2862 887 2919 bone
911 2862 955 2918 rei
979 2860 1053 2917 dare
1076 2860 1250 2917 consultum
1275 2859 1426 2933 presentis
1449 2859 1513 2916 vite

247 2965 358 3021 habeat
403 2965 576 3023 subsidium
611 2968 730 3040 pariter
763 2974 793 3024 et
827 2973 938 3037 eterne,
974 2967 1176 3024 intencionem
1213 2965 1404 3024 laudabilem
1439 2963 1513 3022 dicti

247 3072 385 3142 magistri
411 3073 463 3144 pio
487 3072 594 3129 favore
618 3075 763 3147 prosequi
787 3076 953 3148 cupientes,
977 3082 1010 3131 ut
1033 3079 1148 3130 terram
1171 3074 1201 3130 in
1226 3072 1326 3129 insula
1342 3076 1511 3144 prenotata,

247 3179 376 3234 anobis
401 3178 548 3234 fratribus
572 3181 772 3236 cisterciensis
795 3179 912 3238 ordinis
935 3180 1040 3238 datam
1063 3186 1092 3251 et
1115 3179 1192 3236 alias
1216 3186 1321 3249 terras,
1346 3193 1423 3250 quas
1447 3177 1512 3234 iure

248 3276 393 3356 empticio
425 3284 524 3341 dictus
555 3286 787 3343 archidiaconus
811 3285 980 3345 dinoscitur
1003 3285 1175 3359 possedisse
1199 3291 1229 3342 et
1250 3284 1312 3342 duo
1336 3282 1514 3341 molendina

248 3390 393 3462 predicta,
424 3392 502 3447 sicut
529 3392 670 3464 superius
701 3401 746 3449 est
771 3393 965 3464 premissum,
997 3391 1136 3449 conferre
1159 3391 1256 3465 possit
1288 3389 1438 3447 fratribus
1461 3404 1507 3447 se-

249 3496 387 3568 pedictis,
412 3496 553 3553 dedimus
577 3506 606 3554 et
630 3499 835 3555 concessimus
855 3498 955 3556 eidem
973 3499 1146 3572 plenariam
1168 3496 1355 3565 facultatem,
1371 3495 1411 3566 id,
1429 3495 1512 3567 quod

250 3618 304 3674 per
335 3604 507 3675 predictum
542 3603 666 3660 Petrum
699 3603 949 3662 archidiaconum
981 3604 1096 3661 tactum
1120 3604 1219 3661 estin
1243 3602 1412 3676 premissis,
1444 3617 1513 3675 pre·

249 3711 383 3767 sericium
417 3711 587 3783 patrocinio
618 3710 842 3767 confirmantes.
875 3710 916 3769 Ut
943 3711 1038 3783 igitur
1062 3710 1213 3783 premissa
1236 3709 1334 3766 robur
1356 3708 1513 3765 obtineant

250 3823 397 3888 perpetue
429 3816 600 3885 firmitatis,
631 3833 685 3873 nec
718 3818 834 3889 possint
867 3832 922 3890 per
951 3817 1131 3888 quempiam
1166 3829 1310 3889 processu
1335 3820 1513 3886 temporum

250 3925 424 3991 retractari,
456 3923 492 3979 ad
527 3931 663 3980 eternam
692 3924 735 3980 rei
760 3923 943 3980 memoriam
968 3928 1126 3995 presentes
1150 3920 1265 3978 eisdem
1290 3919 1438 3976 iratribus
1462 3917 1513 3975 de-

217 4061 219 4065 <
249 4028 351 4085 dimus
375 4030 493 4085 litteras
517 4029 674 4103 dupplicis
698 4031 794 4101 sigilli
818 4029 912 4087 nostri
939 4029 1109 4084 munimine
1132 4027 1301 4084 roboratas.
1325 4025 1440 4082 Datum
1457 4040 1514 4098 per

251 4151 359 4191 manus
383 4137 523 4206 magistri
548 4135 719 4208 Smaragdi.
744 4136 878 4192 albensis
903 4134 1030 4192 ecclesie
1047 4134 1205 4208 prepositi,
1228 4132 1298 4190 aule
1314 4139 1417 4189 nostre
1434 4132 1513 4188 vice-

251 4243 441 4310 cancellarii,
474 4241 577 4299 dilecti
609 4249 638 4298 ct
668 4242 769 4299 tidelis
799 4241 902 4299 nostri.
937 4243 1025 4299 Anno
1056 4240 1173 4298 domini
1206 4240 1375 4296 millesimo
1402 4237 1514 4294 ducen-

251 4348 359 4405 tesimo
385 4349 641 4419 quinquagesimo
669 4349 816 4419 septimo,
848 4349 941 4404 tercio
970 4346 1117 4404 kalendas
1141 4347 1256 4419 aprilis.
1289 4345 1386 4417 Regni
1409 4350 1512 4401 autem

250 4454 345 4509 nostri
369 4467 449 4509 anno
472 4454 619 4509 uicesimo
643 4453 784 4511 secundo

340 4607 360 4655 E
380 4615 544 4672 transumpto
565 4607 674 4671 capituli
695 4607 879 4671 zagrabiensis,
900 4608 932 4655 de
949 4622 1016 4656 anno
1047 4615 1117 4664 lssl.
1143 4606 1173 4656 ln
1192 4606 1300 4655 archivo
1326 4620 1382 4654 ven.
1403 4603 1513 4668 capituli

250 4696 354 4759 zagrab.
384 4724 414 4733 -
442 4697 509 4760 Joan
538 4695 659 4745 Thalete:
689 4694 802 4744 bionum.
831 4695 923 4745 histor.
949 4694 1064 4760 episcop.
1090 4695 1194 4759 zagrab.
1221 4695 1272 4744 vol.
1299 4692 1317 4742 1.
1343 4693 1408 4757 dipl.
1434 4693 1462 4742 (¹.
1488 4707 1513 4757 p.

255 4786 397 4837 llo-117.
