3480 5264
261 305 325 383 4⁵⁶
691 303 840 361 addenda.
867 337 905 348 -
931 298 1093 380 An.1376.

260 503 392 574 gistrum
410 500 534 557 Petrum
555 500 594 557 ad
618 500 732 558 dictam
748 501 867 559 curiam
882 517 971 559 suam
987 502 1196 559 canonicalem
1213 508 1360 574 spectare,
1388 517 1447 576 per
1467 517 1545 575 pre·

263 606 341 664 fatos
366 621 440 662 vero
463 607 609 662 abbatem
633 614 662 661 et
686 607 751 662 eius
776 605 885 663 fratres
906 608 935 664 in
952 616 1034 663 terra
1049 607 1129 663 dicte
1145 607 1273 664 ecclesie
1290 608 1379 663 beate
1396 607 1541 678 virginis

263 713 393 769 existere
417 720 507 766 etex
531 727 566 767 eo
590 711 626 767 ad
653 713 751 782 ipsam
777 713 937 768 ecclesiam
963 713 1091 783 virginis
1115 713 1249 783 gloriose
1276 711 1314 768 de
1338 713 1405 769 iure
1434 714 1537 784 perti·

263 833 334 873 nere
359 817 471 872 debere
495 819 682 873 contrariose
706 817 841 889 allegati,
867 818 929 875 litis
957 819 1085 875 materia
1109 824 1202 887 mota,
1227 817 1409 889 diuciusque
1434 820 1536 875 venti·

266 924 328 978 lata
352 922 534 989 exstitisset,
558 923 686 994 ipseque
710 923 854 979 dominus
882 924 1036 1003 Jobannes
1067 925 1232 996 episcopus
1264 923 1405 994 partibus
1437 939 1541 996 super

263 1028 422 1100 premissis
450 1041 554 1083 coram
580 1028 647 1099 ipso
671 1027 881 1084 diversimode
904 1027 1149 1101 disceptantibus
1174 1033 1243 1101 post
1267 1028 1431 1100 longinqui
1456 1034 1541 1086 tem·

264 1133 350 1205 poris
366 1133 505 1205 spacium
524 1133 623 1203 ipsam
641 1148 766 1188 causant
783 1132 917 1190 dominis
933 1133 971 1190 de
987 1134 1125 1206 capitulo
1141 1149 1197 1190 suo
1218 1133 1410 1205 zagrabiensi
1427 1135 1460 1191 in
1480 1149 1540 1191 sua

262 1254 395 1311 persona
420 1239 458 1293 de
483 1239 557 1294 iuris
581 1239 715 1310 equitate
739 1237 952 1296 diffiniendam
977 1241 1189 1297 commisisset.
1215 1239 1312 1296 [idem
1329 1238 1459 1295 tandem
1479 1239 1539 1297 do·

263 1345 340 1400 mini
364 1344 402 1399 de
425 1344 563 1415 capitulo
586 1344 777 1415 zagrabiensi
801 1360 859 1416 pro
883 1345 1006 1402 scienda
1029 1346 1254 1418 premissorum
1267 1344 1405 1413 veritate,
1424 1346 1538 1403 missis

262 1450 300 1506 de
316 1449 441 1520 collegii
458 1464 566 1505 eorum
583 1449 686 1505 medio
703 1450 839 1521 quinque
855 1451 995 1524 personis
1012 1450 1138 1520 idoneis,
1155 1451 1257 1523 ipsum
1276 1448 1408 1506 fundum
1425 1451 1538 1508 balnei

261 1572 318 1628 per
341 1555 597 1611 conscienciosam
623 1555 857 1625 inquisicionem
880 1556 1062 1613 eorumdem
1093 1557 1306 1613 consociorum
1334 1568 1467 1612 suorum
1491 1555 1535 1613 ad

263 1663 320 1717 hoc
344 1660 472 1715 elective
496 1660 758 1729 transmissorum,
782 1660 820 1717 ad
845 1661 961 1718 dictam
985 1662 1147 1718 ecclesiam
1166 1662 1254 1718 beate
1271 1660 1399 1731 virginis
1415 1658 1456 1716 de
1474 1660 1533 1718 Za·

264 1767 373 1837 grabia
396 1772 425 1820 et
450 1780 509 1820 non
533 1764 571 1820 ad
595 1766 712 1821 curiam
737 1766 833 1837 ipsius
857 1767 996 1837 magistri
1022 1766 1102 1823 Petri
1131 1766 1339 1823 canonicalem
1373 1767 1534 1836 pertinere

261 1871 376 1927 debere
401 1872 601 1942 reperissent;
630 1872 735 1942 sicque
762 1871 855 1929 iidem
874 1871 991 1928 domini
1009 1871 1047 1928 de
1063 1873 1200 1944 capitulo
1216 1869 1408 1943 zagrabiensi
1425 1871 1535 1944 ipsum

262 1977 392 2033 fundum
420 1977 519 2032 balnei
545 1986 703 2048 comperta
736 1977 913 2034 huiusmodi
944 1994 1035 2034 cause
1066 1979 1197 2034 veritate
1220 1978 1250 2034 in
1284 1977 1380 2049 ipsius
1412 1976 1537 2036 domini

262 2084 400 2155 episcopi
426 2097 555 2153 persona
579 2088 609 2137 et
632 2084 697 2138 eius
721 2084 891 2156 episcopali
914 2085 1095 2140 auctoritate
1120 2084 1179 2155 ipsi
1204 2084 1352 2154 magistro
1370 2082 1462 2140 Petro
1485 2100 1536 2142 ra·

260 2190 347 2247 cione
362 2189 518 2244 ulterioris
531 2189 745 2259 acquisicionis
762 2188 908 2255 eiusdem,
926 2190 1048 2246 silentio
1065 2196 1215 2262 perpetuo
1232 2190 1387 2261 imposit0‚
1413 2189 1538 2262 prefate
1601 2165 1604 2168 ⁴

260 2295 388 2351 ecclesie
424 2295 512 2349 beate
537 2295 665 2364 virginis
691 2310 762 2350 cum
794 2296 878 2350 omni
911 2294 1103 2367 plenitudine
1134 2296 1181 2351 sui
1211 2296 1286 2351 iuris
1317 2293 1534 2353 adiudicantes

263 2409 413 2472 perpetua
437 2400 606 2455 stabilitate
628 2401 823 2471 reliquissent
856 2401 1085 2473 possidendum.
1111 2402 1142 2456 ln
1173 2415 1306 2471 quorum
1339 2401 1534 2459 contrarium

262 2507 494 2578 prenominatus
515 2505 656 2575 (ierynus
672 2507 749 2562 civis
773 2505 934 2563 Grecensis
950 2523 988 2562 ex
1004 2507 1136 2563 adverso
1153 2505 1331 2577 exurgendo
1354 2505 1535 2578 predictum

261 2613 407 2668 balneum
428 2612 466 2666 ad
484 2611 642 2667 dominam
661 2620 834 2668 consortem
851 2628 947 2679 suam,
966 2613 1064 2670 liliam
1082 2612 1226 2669 videlicet
1244 2612 1377 2684 Maphye
1394 2612 1534 2671 condam

262 2721 339 2777 civis
363 2719 443 2775 dicte
467 2720 600 2774 civitatis
624 2717 786 2775 (irecensis
809 2720 875 2776 iure
898 2720 1086 2776 successorio
1111 2719 1277 2791 perennali‚
1301 2733 1338 2773 eo
1361 2717 1446 2789 quod
1472 2735 1533 2791 per

261 2831 382 2897 patrem
408 2824 488 2880 dicte
505 2824 628 2880 domine
642 2826 747 2881 uxoris
764 2841 817 2880 sue
835 2833 1029 2896 prenotatum
1044 2833 1072 2881 et
1090 2826 1155 2881 eius
1173 2823 1405 2896 predecessores
1426 2824 1535 2896 ipsum

260 2932 405 2986 balneum
430 2930 470 2985 ab
495 2930 601 2985 eadem
626 2931 754 2986 ecclesia
782 2933 868 2986 beate
893 2931 1020 3000 virginis
1045 2946 1131 2985 more
1157 2929 1287 3000 prediali
1318 2944 1375 3001 pro
1405 2931 1536 2987 annuali

262 3052 354 3091 censu
378 3042 406 3089 el
431 3037 510 3090 iusto
535 3035 640 3091 debito
662 3037 910 3104 conservalmtur,
939 3036 1126 3092 contrariose
1148 3042 1295 3106 spectare,
1325 3035 1535 3108 universaque

260 3140 404 3197 bedificia
420 3150 449 3196 et
466 3157 560 3212 opera
579 3141 680 3209 lignea
697 3141 834 3196 eiusdem
852 3143 998 3212 quelibet,
1016 3149 1142 3213 excepta
1160 3142 1226 3196 sola
1244 3157 1302 3197 una
1316 3142 1406 3196 stuba
1421 3157 1531 3213 parva,

262 3263 323 3318 que
347 3263 403 3318 per
428 3245 657 3317 predecessores
681 3246 754 3302 dicti
779 3246 896 3302 domini
920 3248 1041 3303 abbatis
1066 3249 1096 3304 in
1120 3248 1228 3303 eodem
1260 3248 1370 3303 balneo
1404 3259 1531 3319 reperta

260 3353 353 3410 fuisse
378 3353 546 3413 dicebatur,
566 3369 619 3424 per
637 3361 756 3424 patrem
773 3352 853 3409 dicte
870 3354 995 3409 domine
1012 3355 1117 3410 uxoris
1133 3371 1186 3409 sue
1203 3352 1390 3409 antedictum
1412 3363 1441 3408 et
1464 3354 1532 3410 eius

262 3460 494 3533 predecessores
511 3460 541 3515 in
559 3460 625 3530 ipso
639 3459 752 3515 balneo
768 3466 942 3516 constructa
961 3459 1053 3514 fuisse
1066 3460 1210 3527 reserem,
1226 3461 1296 3515 licet
1312 3459 1531 3528 quamplures

264 3566 383 3622 litteras
407 3564 487 3620 dicte
510 3565 642 3620 civitatis
667 3564 828 3620 Grecensis
852 3574 881 3620 et
905 3567 982 3621 alias
1005 3581 1099 3636 super
1125 3564 1302 3621 vendicione
1320 3573 1349 3618 et
1366 3564 1531 3634 empcione

262 3672 336 3727 dicti
362 3671 463 3726 balnei
486 3686 658 3742 perunum
683 3671 783 3725 civem
809 3670 946 3726 eiusdem
970 3671 1102 3727 civitatis
1126 3670 1284 3726 adolium
1303 3683 1388 3724 more
1404 3683 1533 3742 semper

259 3777 392 3850 prediali
416 3785 445 3832 et
468 3793 558 3833 censu
583 3777 708 3831 annuali
734 3776 792 3847 ipsi
815 3776 942 3833 ecclesie
969 3777 1055 3831 beate
1072 3778 1200 3848 virginis
1224 3773 1420 3831 observando
1438 3772 1529 3841 sacta,

262 3882 423 3951 confectas,
442 3883 531 3939 nobis
554 3882 819 3937 demonstraverit.
845 3881 960 3939 Tamen
986 3884 1061 3953 quia·
1083 3883 1164 3939 idem
1189 3883 1331 3952 Gerynus
1353 3881 1430 3936 civis
1453 3879 1532 3937 Gre-

263 3989 360 4045 censis
384 3988 501 4043 litteras
526 3987 779 4043 convencionales
803 4003 896 4060 super
920 3989 1016 4061 ipsius
1042 3989 1142 4043 balnei
1168 3987 1307 4043 i'eudaria
1330 3989 1529 4044 conservaci-

262 4112 320 4152 one
344 4094 497 4150 conlectas
521 4094 557 4149 ad
588 4099 724 4150 nostram
757 4093 948 4151 iudiciariam
978 4094 1214 4164 rcquisicionem
1248 4093 1374 4149 minime
1407 4100 1532 4164 poterat

262 4202 417 4269 exhibere,
442 4216 496 4256 nec
520 4200 597 4256 alias
621 4200 740 4257 litteras
763 4200 971 4272 expeditorias
995 4215 1089 4271 super
1113 4198 1253 4256 feudaria
1280 4198 1436 4254 solucione
1460 4214 1534 4271 pre·

264 4308 359 4363 missa
382 4313 539 4361 emanatas
563 4306 738 4376 exhibebat,
763 4323 818 4363 nec
840 4307 871 4363 in
895 4307 1033 4364 futurum
1053 4321 1108 4375 per
1124 4320 1180 4361 nos
1196 4304 1361 4377 requisitus
1382 4305 1531 4363 exhibere

263 4412 506 4483 assumpmebat‚
531 4427 568 4466 ex
592 4428 690 4484 eoque
714 4419 743 4468 et
771 4412 842 4469 aliis
869 4411 1030 4479 decausis,
1048 4412 1182 4483 eoquod
1202 4412 1299 4468 eciam
1317 4409 1454 4467 nondum
1474 4426 1533 4483 per

261 4519 397 4589 aliquem
423 4518 623 4574 ecclesiarum
647 4524 801 4573 rectorem
826 4518 906 4574 bona
929 4533 981 4573 seu
1008 4519 1214 4588 possessiones
1239 4517 1365 4573 ecclesie
1391 4516 1531 4588 cuipiam

261 4624 299 4680 de
317 4623 391 4679 iuris
409 4624 542 4695 equitate
558 4625 616 4680 sub
633 4624 739 4695 aliquo
756 4623 895 4680 feudario
911 4639 1001 4680 censu
1020 4624 1197 4695 perpetuari
1214 4639 1302 4696 posse
1317 4621 1532 4694 dinoscuntur,

263 4731 330 4803 ipse
355 4727 467 4786 fundus
490 4746 544 4787 seu
568 4730 654 4786 locus
680 4728 783 4785 balnei
808 4728 942 4800 litigiosi,
967 4730 1102 4800 exceptis
1131 4730 1194 4786 suis
1229 4727 1379 4785 hedificiis
1404 4733 1434 4782 et
1457 4743 1534 4801 ope·
