<?xml version="1.0" encoding="UTF-8"?>
<!DOCTYPE html PUBLIC "-//W3C//DTD XHTML 1.0 Transitional//EN"
    "http://www.w3.org/TR/xhtml1/DTD/xhtml1-transitional.dtd">
<html xmlns="http://www.w3.org/1999/xhtml" xml:lang="en" lang="en">
 <head>
  <title>
</title>
<meta http-equiv="Content-Type" content="text/html;charset=utf-8" />
  <meta name='ocr-system' content='tesseract 3.04.00' />
  <meta name='ocr-capabilities' content='ocr_page ocr_carea ocr_par ocr_line ocrx_word'/>
</head>
<body>
  <div class='ocr_page' id='page_1' title='image "./monumentahistor11laszgoog_0345.png"; bbox 0 0 3488 5242; ppageno 0'>
   <div class='ocr_carea' id='block_1_1' title="bbox 280 316 1116 397">
    <p class='ocr_par' dir='ltr' id='par_1_1' title="bbox 280 316 1116 397">
     <span class='ocr_line' id='line_1_1' title="bbox 280 316 1116 397; baseline -0.006 -16"><span class='ocrx_word' id='word_1_1' title='bbox 280 341 340 381; x_wconf 87' lang='lat'>110</span> <span class='ocrx_word' id='word_1_2' title='bbox 695 316 767 377; x_wconf 72' lang='grc' dir='ltr'>θοι.</span> <span class='ocrx_word' id='word_1_3' title='bbox 790 331 858 393; x_wconf 83' lang='lat'>129.</span> <span class='ocrx_word' id='word_1_4' title='bbox 887 353 922 361; x_wconf 90' lang='lat'>—</span> <span class='ocrx_word' id='word_1_5' title='bbox 948 320 1003 376; x_wconf 82' lang='lat' dir='ltr'>An.</span> <span class='ocrx_word' id='word_1_6' title='bbox 1030 334 1116 397; x_wconf 73' lang='lat'>1324.</span> 
     </span>
    </p>
   </div>
   <div class='ocr_carea' id='block_1_2' title="bbox 256 518 1568 4515">
    <p class='ocr_par' dir='ltr' id='par_1_2' title="bbox 256 518 1568 4515">
     <span class='ocr_line' id='line_1_2' title="bbox 268 518 1533 594; baseline -0.002 -14"><span class='ocrx_word' id='word_1_7' title='bbox 268 522 344 580; x_wconf 90' lang='lat' dir='ltr'>dum</span> <span class='ocrx_word' id='word_1_8' title='bbox 367 521 418 579; x_wconf 90' lang='lat' dir='ltr'>vel</span> <span class='ocrx_word' id='word_1_9' title='bbox 442 519 590 594; x_wconf 91' lang='lat' dir='ltr'>quicquid</span> <span class='ocrx_word' id='word_1_10' title='bbox 613 518 698 578; x_wconf 91' lang='lat' dir='ltr'>aliud</span> <span class='ocrx_word' id='word_1_11' title='bbox 721 534 757 575; x_wconf 89' lang='lat' dir='ltr'>ac</span> <span class='ocrx_word' id='word_1_12' title='bbox 780 524 878 575; x_wconf 90' lang='lat' dir='ltr'>certas</span> <span class='ocrx_word' id='word_1_13' title='bbox 902 518 1048 576; x_wconf 91' lang='lat' dir='ltr'>collectas</span> <span class='ocrx_word' id='word_1_14' title='bbox 1072 520 1123 577; x_wconf 93' lang='lat' dir='ltr'>vel</span> <span class='ocrx_word' id='word_1_15' title='bbox 1154 519 1243 577; x_wconf 91' lang='lat' dir='ltr'>dacia</span> <span class='ocrx_word' id='word_1_16' title='bbox 1266 525 1452 590; x_wconf 72' lang='lat' dir='ltr'>mutaremus,</span> <span class='ocrx_word' id='word_1_17' title='bbox 1477 535 1533 577; x_wconf 91' lang='lat' dir='ltr'>nec</span> 
     </span>
     <span class='ocr_line' id='line_1_3' title="bbox 269 623 1532 698; baseline -0.002 -13"><span class='ocrx_word' id='word_1_18' title='bbox 269 643 321 685; x_wconf 91' lang='lat' dir='ltr'>eos</span> <span class='ocrx_word' id='word_1_19' title='bbox 344 628 395 684; x_wconf 91' lang='lat' dir='ltr'>vel</span> <span class='ocrx_word' id='word_1_20' title='bbox 418 626 458 684; x_wconf 91' lang='lat' dir='ltr'>ad</span> <span class='ocrx_word' id='word_1_21' title='bbox 481 642 534 682; x_wconf 90' lang='lat' dir='ltr'>eos</span> <span class='ocrx_word' id='word_1_22' title='bbox 556 625 744 698; x_wconf 84' lang='lat' dir='ltr'><strong>pertinentes</strong></span> <span class='ocrx_word' id='word_1_23' title='bbox 767 640 822 682; x_wconf 92' lang='lat' dir='ltr'>sua</span> <span class='ocrx_word' id='word_1_24' title='bbox 845 623 985 696; x_wconf 88' lang='lat' dir='ltr'>deposita</span> <span class='ocrx_word' id='word_1_25' title='bbox 1008 624 1091 698; x_wconf 90' lang='lat' dir='ltr'>apud</span> <span class='ocrx_word' id='word_1_26' title='bbox 1115 639 1171 681; x_wconf 92' lang='lat' dir='ltr'>nos</span> <span class='ocrx_word' id='word_1_27' title='bbox 1187 625 1437 698; x_wconf 84' lang='lat' dir='ltr'>permitteremus</span> <span class='ocrx_word' id='word_1_28' title='bbox 1459 640 1532 682; x_wconf 91' lang='lat' dir='ltr'>ven·</span> 
     </span>
     <span class='ocr_line' id='line_1_4' title="bbox 268 728 1531 806; baseline -0.004 -15"><span class='ocrx_word' id='word_1_29' title='bbox 268 734 342 792; x_wconf 89' lang='lat' dir='ltr'>dere</span> <span class='ocrx_word' id='word_1_30' title='bbox 365 732 488 806; x_wconf 90' lang='lat' dir='ltr'>quando</span> <span class='ocrx_word' id='word_1_31' title='bbox 513 732 637 788; x_wconf 89' lang='lat' dir='ltr'>vellent.</span> <span class='ocrx_word' id='word_1_32' title='bbox 661 730 746 800; x_wconf 84' lang='lat' dir='ltr'>Item,</span> <span class='ocrx_word' id='word_1_33' title='bbox 771 728 855 802; x_wconf 89' lang='lat' dir='ltr'>quod</span> <span class='ocrx_word' id='word_1_34' title='bbox 880 730 911 786; x_wconf 92' lang='lat' dir='ltr'>in</span> <span class='ocrx_word' id='word_1_35' title='bbox 936 730 1025 787; x_wconf 90' lang='lat' dir='ltr'>terris</span> <span class='ocrx_word' id='word_1_36' title='bbox 1049 745 1158 787; x_wconf 92' lang='lat' dir='ltr'>eorum</span> <span class='ocrx_word' id='word_1_37' title='bbox 1181 728 1389 787; x_wconf 89' lang='lat' dir='ltr'>iurisdiccioni</span> <span class='ocrx_word' id='word_1_38' title='bbox 1413 736 1531 802; x_wconf 89' lang='lat' dir='ltr'>tempo-</span> 
     </span>
     <span class='ocr_line' id='line_1_5' title="bbox 268 835 1531 909; baseline -0.006 -11"><span class='ocrx_word' id='word_1_39' title='bbox 268 842 327 898; x_wconf 91' lang='lat' dir='ltr'>rali</span> <span class='ocrx_word' id='word_1_40' title='bbox 350 840 495 898; x_wconf 87' lang='lat' dir='ltr'>subiectis</span> <span class='ocrx_word' id='word_1_41' title='bbox 518 837 661 895; x_wconf 91' lang='lat' dir='ltr'>homines</span> <span class='ocrx_word' id='word_1_42' title='bbox 684 851 873 909; x_wconf 82' lang='lat' dir='ltr'>caperemus,</span> <span class='ocrx_word' id='word_1_43' title='bbox 897 851 948 892; x_wconf 86' lang='lat' dir='ltr'>eos</span> <span class='ocrx_word' id='word_1_44' title='bbox 979 835 1018 892; x_wconf 86' lang='lat' dir='ltr'>ad</span> <span class='ocrx_word' id='word_1_45' title='bbox 1050 842 1153 893; x_wconf 89' lang='lat' dir='ltr'>nostra</span> <span class='ocrx_word' id='word_1_46' title='bbox 1177 835 1290 893; x_wconf 89' lang='lat' dir='ltr'>iudicia</span> <span class='ocrx_word' id='word_1_47' title='bbox 1313 836 1531 909; x_wconf 80' lang='lat' dir='ltr'>pertrahentes.</span> 
     </span>
     <span class='ocr_line' id='line_1_6' title="bbox 268 941 1531 1017; baseline -0.005 -13"><span class='ocrx_word' id='word_1_48' title='bbox 268 948 418 1014; x_wconf 88' lang='lat' dir='ltr'>Preterea,</span> <span class='ocrx_word' id='word_1_49' title='bbox 441 943 525 1017; x_wconf 92' lang='lat' dir='ltr'>quod</span> <span class='ocrx_word' id='word_1_50' title='bbox 548 959 604 1001; x_wconf 90' lang='lat' dir='ltr'>nos</span> <span class='ocrx_word' id='word_1_51' title='bbox 627 958 733 1000; x_wconf 91' lang='lat' dir='ltr'>eorum</span> <span class='ocrx_word' id='word_1_52' title='bbox 751 942 892 999; x_wconf 90' lang='lat' dir='ltr'>subditos</span> <span class='ocrx_word' id='word_1_53' title='bbox 908 957 966 1014; x_wconf 92' lang='lat' dir='ltr'>pro</span> <span class='ocrx_word' id='word_1_54' title='bbox 983 941 1095 999; x_wconf 91' lang='lat' dir='ltr'>debitis</span> <span class='ocrx_word' id='word_1_55' title='bbox 1118 942 1252 999; x_wconf 89' lang='lat' dir='ltr'>aliorum</span> <span class='ocrx_word' id='word_1_56' title='bbox 1276 942 1327 999; x_wconf 91' lang='lat' dir='ltr'>vel</span> <span class='ocrx_word' id='word_1_57' title='bbox 1347 943 1444 999; x_wconf 91' lang='lat' dir='ltr'>eciam</span> <span class='ocrx_word' id='word_1_58' title='bbox 1460 957 1531 1015; x_wconf 93' lang='lat' dir='ltr'>pro·</span> 
     </span>
     <span class='ocr_line' id='line_1_7' title="bbox 267 1046 1531 1128; baseline -0.006 -17"><span class='ocrx_word' id='word_1_59' title='bbox 267 1054 344 1128; x_wconf 90' lang='lat' dir='ltr'>priis</span> <span class='ocrx_word' id='word_1_60' title='bbox 368 1050 514 1125; x_wconf 89' lang='lat' dir='ltr'>impediri</span> <span class='ocrx_word' id='word_1_61' title='bbox 536 1051 601 1107; x_wconf 92' lang='lat' dir='ltr'>sine</span> <span class='ocrx_word' id='word_1_62' title='bbox 623 1050 763 1123; x_wconf 92' lang='lat' dir='ltr'>ipsorum</span> <span class='ocrx_word' id='word_1_63' title='bbox 780 1047 893 1106; x_wconf 91' lang='lat' dir='ltr'>iudicio</span> <span class='ocrx_word' id='word_1_64' title='bbox 910 1046 1087 1105; x_wconf 85' lang='lat' dir='ltr'>faceremus.</span> <span class='ocrx_word' id='word_1_65' title='bbox 1110 1047 1172 1105; x_wconf 92' lang='lat' dir='ltr'>Nos</span> <span class='ocrx_word' id='word_1_66' title='bbox 1195 1047 1430 1117; x_wconf 68' lang='lat' dir='ltr'>consideranter,</span> <span class='ocrx_word' id='word_1_67' title='bbox 1447 1046 1531 1120; x_wconf 94' lang='lat' dir='ltr'>quod</span> 
     </span>
     <span class='ocr_line' id='line_1_8' title="bbox 266 1154 1530 1232; baseline -0.006 -15"><span class='ocrx_word' id='word_1_68' title='bbox 266 1174 338 1217; x_wconf 90' lang='lat' dir='ltr'>cum</span> <span class='ocrx_word' id='word_1_69' title='bbox 362 1158 437 1232; x_wconf 89' lang='lat' dir='ltr'>ipsis</span> <span class='ocrx_word' id='word_1_70' title='bbox 460 1156 594 1214; x_wconf 91' lang='lat' dir='ltr'>dominis</span> <span class='ocrx_word' id='word_1_71' title='bbox 617 1155 713 1213; x_wconf 86' lang='lat' dir='ltr'>nostri</span> <span class='ocrx_word' id='word_1_72' title='bbox 736 1154 924 1225; x_wconf 86' lang='lat' dir='ltr'>antiquiores</span> <span class='ocrx_word' id='word_1_73' title='bbox 948 1154 1073 1227; x_wconf 83' lang='lat' dir='ltr'>plenam</span> <span class='ocrx_word' id='word_1_74' title='bbox 1095 1154 1180 1226; x_wconf 86' lang='lat' dir='ltr'>pacis</span> <span class='ocrx_word' id='word_1_75' title='bbox 1196 1154 1340 1211; x_wconf 89' lang='lat' dir='ltr'>unionem</span> <span class='ocrx_word' id='word_1_76' title='bbox 1365 1159 1530 1220; x_wconf 88' lang='lat' dir='ltr'>servantes,</span> 
     </span>
     <span class='ocr_line' id='line_1_9' title="bbox 267 1258 1530 1334; baseline -0.007 -11"><span class='ocrx_word' id='word_1_77' title='bbox 267 1265 305 1322; x_wconf 89' lang='lat' dir='ltr'>de</span> <span class='ocrx_word' id='word_1_78' title='bbox 328 1265 410 1322; x_wconf 92' lang='lat' dir='ltr'>bono</span> <span class='ocrx_word' id='word_1_79' title='bbox 434 1264 465 1321; x_wconf 93' lang='lat' dir='ltr'>in</span> <span class='ocrx_word' id='word_1_80' title='bbox 488 1262 600 1320; x_wconf 92' lang='lat' dir='ltr'>melius</span> <span class='ocrx_word' id='word_1_81' title='bbox 623 1259 828 1334; x_wconf 87' lang='lat' dir='ltr'>proiecerunt,</span> <span class='ocrx_word' id='word_1_82' title='bbox 859 1266 889 1316; x_wconf 89' lang='lat' dir='ltr'>et</span> <span class='ocrx_word' id='word_1_83' title='bbox 920 1258 989 1317; x_wconf 92' lang='lat' dir='ltr'>ideo</span> <span class='ocrx_word' id='word_1_84' title='bbox 1019 1275 1127 1316; x_wconf 91' lang='lat' dir='ltr'>eorum</span> <span class='ocrx_word' id='word_1_85' title='bbox 1154 1260 1299 1333; x_wconf 88' lang='lat' dir='ltr'>exemplo</span> <span class='ocrx_word' id='word_1_86' title='bbox 1322 1259 1530 1317; x_wconf 90' lang='lat' dir='ltr'>desiderantes</span> 
     </span>
     <span class='ocr_line' id='line_1_10' title="bbox 266 1365 1530 1443; baseline -0.006 -15"><span class='ocrx_word' id='word_1_87' title='bbox 266 1371 310 1428; x_wconf 90' lang='lat' dir='ltr'>eis</span> <span class='ocrx_word' id='word_1_88' title='bbox 332 1371 557 1443; x_wconf 88' lang='lat' dir='ltr'>obtemperare,</span> <span class='ocrx_word' id='word_1_89' title='bbox 580 1373 614 1425; x_wconf 93' lang='lat' dir='ltr'>ut</span> <span class='ocrx_word' id='word_1_90' title='bbox 638 1366 796 1434; x_wconf 86' lang='lat' dir='ltr'>debemus,</span> <span class='ocrx_word' id='word_1_91' title='bbox 820 1365 857 1422; x_wconf 92' lang='lat' dir='ltr'>ad</span> <span class='ocrx_word' id='word_1_92' title='bbox 884 1372 989 1423; x_wconf 92' lang='lat' dir='ltr'>mutue</span> <span class='ocrx_word' id='word_1_93' title='bbox 1006 1366 1145 1424; x_wconf 86' lang='lat' dir='ltr'>karitatis</span> <span class='ocrx_word' id='word_1_94' title='bbox 1161 1374 1191 1424; x_wconf 91' lang='lat' dir='ltr'>et</span> <span class='ocrx_word' id='word_1_95' title='bbox 1206 1366 1345 1423; x_wconf 87' lang='lat' dir='ltr'>amicicie</span> <span class='ocrx_word' id='word_1_96' title='bbox 1368 1366 1530 1423; x_wconf 86' lang='lat' dir='ltr'>vinculum</span> 
     </span>
     <span class='ocr_line' id='line_1_11' title="bbox 266 1472 1529 1546; baseline -0.006 -9"><span class='ocrx_word' id='word_1_97' title='bbox 266 1478 496 1536; x_wconf 90' lang='lat' dir='ltr'>observandum</span> <span class='ocrx_word' id='word_1_98' title='bbox 520 1475 559 1533; x_wconf 92' lang='lat' dir='ltr'>ad</span> <span class='ocrx_word' id='word_1_99' title='bbox 581 1475 676 1532; x_wconf 89' lang='lat' dir='ltr'>talem</span> <span class='ocrx_word' id='word_1_100' title='bbox 699 1472 896 1530; x_wconf 87' lang='lat' dir='ltr'>concordiam</span> <span class='ocrx_word' id='word_1_101' title='bbox 928 1472 1108 1530; x_wconf 87' lang='lat' dir='ltr'>devenimus</span> <span class='ocrx_word' id='word_1_102' title='bbox 1140 1488 1234 1546; x_wconf 88' lang='lat' dir='ltr'>super</span> <span class='ocrx_word' id='word_1_103' title='bbox 1257 1472 1395 1530; x_wconf 87' lang='lat' dir='ltr'>articulis</span> <span class='ocrx_word' id='word_1_104' title='bbox 1418 1487 1529 1545; x_wconf 89' lang='lat' dir='ltr'>preno-</span> 
     </span>
     <span class='ocr_line' id='line_1_12' title="bbox 266 1577 1529 1653; baseline -0.006 -11"><span class='ocrx_word' id='word_1_105' title='bbox 266 1586 352 1642; x_wconf 91' lang='lat' dir='ltr'>tatis:</span> <span class='ocrx_word' id='word_1_106' title='bbox 377 1584 480 1641; x_wconf 88' lang='lat' dir='ltr'>Primo</span> <span class='ocrx_word' id='word_1_107' title='bbox 499 1581 643 1639; x_wconf 86' lang='lat' dir='ltr'>videlicet</span> <span class='ocrx_word' id='word_1_108' title='bbox 666 1580 710 1637; x_wconf 91' lang='lat' dir='ltr'>eis</span> <span class='ocrx_word' id='word_1_109' title='bbox 733 1579 957 1653; x_wconf 88' lang='lat' dir='ltr'>promissimus,</span> <span class='ocrx_word' id='word_1_110' title='bbox 982 1578 1066 1650; x_wconf 93' lang='lat' dir='ltr'>quod</span> <span class='ocrx_word' id='word_1_111' title='bbox 1097 1578 1220 1636; x_wconf 92' lang='lat' dir='ltr'>nullum</span> <span class='ocrx_word' id='word_1_112' title='bbox 1244 1578 1397 1636; x_wconf 90' lang='lat' dir='ltr'>tributum</span> <span class='ocrx_word' id='word_1_113' title='bbox 1419 1577 1459 1634; x_wconf 89' lang='lat' dir='ltr'>ad</span> <span class='ocrx_word' id='word_1_114' title='bbox 1484 1579 1529 1650; x_wconf 92' lang='lat' dir='ltr'>ip-</span> 
     </span>
     <span class='ocr_line' id='line_1_13' title="bbox 265 1683 1528 1757; baseline -0.005 -11"><span class='ocrx_word' id='word_1_115' title='bbox 265 1706 371 1748; x_wconf 88' lang='lat' dir='ltr'>somm</span> <span class='ocrx_word' id='word_1_116' title='bbox 395 1690 466 1747; x_wconf 91' lang='lat' dir='ltr'>iusti</span> <span class='ocrx_word' id='word_1_117' title='bbox 490 1688 598 1746; x_wconf 91' lang='lat' dir='ltr'>tributi</span> <span class='ocrx_word' id='word_1_118' title='bbox 622 1685 863 1743; x_wconf 91' lang='lat' dir='ltr'>diminucionem</span> <span class='ocrx_word' id='word_1_119' title='bbox 893 1685 1016 1757; x_wconf 85' lang='lat' dir='ltr'>exigere</span> <span class='ocrx_word' id='word_1_120' title='bbox 1048 1683 1235 1742; x_wconf 90' lang='lat' dir='ltr'>intendimus</span> <span class='ocrx_word' id='word_1_121' title='bbox 1266 1684 1315 1741; x_wconf 87' lang='lat' dir='ltr'>vel</span> <span class='ocrx_word' id='word_1_122' title='bbox 1344 1684 1528 1741; x_wconf 90' lang='lat' dir='ltr'>constituere</span> 
     </span>
     <span class='ocr_line' id='line_1_14' title="bbox 265 1790 1528 1869; baseline -0.006 -15"><span class='ocrx_word' id='word_1_123' title='bbox 265 1796 532 1869; x_wconf 89' lang='lat' dir='ltr'>quandocumque,</span> <span class='ocrx_word' id='word_1_124' title='bbox 556 1793 652 1850; x_wconf 89' lang='lat' dir='ltr'>salvis</span> <span class='ocrx_word' id='word_1_125' title='bbox 673 1791 836 1849; x_wconf 90' lang='lat' dir='ltr'>filarchina</span> <span class='ocrx_word' id='word_1_126' title='bbox 866 1796 895 1848; x_wconf 88' lang='lat' dir='ltr'>et</span> <span class='ocrx_word' id='word_1_127' title='bbox 925 1797 989 1847; x_wconf 85' lang='lat' dir='ltr'>star</span> <span class='ocrx_word' id='word_1_128' title='bbox 1020 1791 1144 1860; x_wconf 73' lang='lat' dir='ltr'>vocatis</span> <span class='ocrx_word' id='word_1_129' title='bbox 1169 1805 1227 1864; x_wconf 92' lang='lat' dir='ltr'>pro</span> <span class='ocrx_word' id='word_1_130' title='bbox 1260 1791 1349 1847; x_wconf 91' lang='lat' dir='ltr'>nobis</span> <span class='ocrx_word' id='word_1_131' title='bbox 1372 1790 1528 1860; x_wconf 88' lang='lat' dir='ltr'>ordinatis,</span> 
     </span>
     <span class='ocr_line' id='line_1_15' title="bbox 266 1895 1529 1976; baseline -0.006 -17"><span class='ocrx_word' id='word_1_132' title='bbox 266 1901 349 1976; x_wconf 89' lang='lat' dir='ltr'>apud</span> <span class='ocrx_word' id='word_1_133' title='bbox 373 1916 429 1959; x_wconf 91' lang='lat' dir='ltr'>nos</span> <span class='ocrx_word' id='word_1_134' title='bbox 452 1899 700 1967; x_wconf 89' lang='lat' dir='ltr'>remanentibus;</span> <span class='ocrx_word' id='word_1_135' title='bbox 730 1895 783 1953; x_wconf 91' lang='lat' dir='ltr'>sed</span> <span class='ocrx_word' id='word_1_136' title='bbox 817 1895 900 1968; x_wconf 92' lang='lat' dir='ltr'>quod</span> <span class='ocrx_word' id='word_1_137' title='bbox 932 1911 1040 1954; x_wconf 91' lang='lat' dir='ltr'>eorum</span> <span class='ocrx_word' id='word_1_138' title='bbox 1063 1895 1143 1953; x_wconf 89' lang='lat' dir='ltr'>iusta</span> <span class='ocrx_word' id='word_1_139' title='bbox 1166 1896 1281 1954; x_wconf 91' lang='lat' dir='ltr'>tributa</span> <span class='ocrx_word' id='word_1_140' title='bbox 1304 1897 1443 1969; x_wconf 91' lang='lat' dir='ltr'>plenarie</span> <span class='ocrx_word' id='word_1_141' title='bbox 1466 1896 1529 1953; x_wconf 86' lang='lat' dir='ltr'>exi-</span> 
     </span>
     <span class='ocr_line' id='line_1_16' title="bbox 264 2002 1528 2079; baseline -0.005 -14"><span class='ocrx_word' id='word_1_142' title='bbox 264 2013 375 2079; x_wconf 86' lang='lat' dir='ltr'>gantur</span> <span class='ocrx_word' id='word_1_143' title='bbox 398 2008 462 2064; x_wconf 90' lang='lat' dir='ltr'>sine</span> <span class='ocrx_word' id='word_1_144' title='bbox 486 2005 693 2063; x_wconf 86' lang='lat' dir='ltr'>defalcacione</span> <span class='ocrx_word' id='word_1_145' title='bbox 715 2003 828 2074; x_wconf 92' lang='lat' dir='ltr'>aliqua,</span> <span class='ocrx_word' id='word_1_146' title='bbox 853 2003 931 2060; x_wconf 91' lang='lat' dir='ltr'>sicut</span> <span class='ocrx_word' id='word_1_147' title='bbox 953 2004 1099 2060; x_wconf 90' lang='lat' dir='ltr'>hactenus</span> <span class='ocrx_word' id='word_1_148' title='bbox 1118 2002 1218 2060; x_wconf 88' lang='lat' dir='ltr'>extitit</span> <span class='ocrx_word' id='word_1_149' title='bbox 1234 2003 1451 2072; x_wconf 88' lang='lat' dir='ltr'>observatum;</span> <span class='ocrx_word' id='word_1_150' title='bbox 1473 2019 1528 2059; x_wconf 93' lang='lat' dir='ltr'>nec</span> 
     </span>
     <span class='ocr_line' id='line_1_17' title="bbox 263 2108 1527 2186; baseline -0.004 -16"><span class='ocrx_word' id='word_1_151' title='bbox 263 2113 302 2170; x_wconf 89' lang='lat' dir='ltr'>ad</span> <span class='ocrx_word' id='word_1_152' title='bbox 334 2113 493 2186; x_wconf 89' lang='lat' dir='ltr'>querelam</span> <span class='ocrx_word' id='word_1_153' title='bbox 525 2125 794 2184; x_wconf 89' lang='lat' dir='ltr'>quorumcumque</span> <span class='ocrx_word' id='word_1_154' title='bbox 825 2108 1017 2166; x_wconf 89' lang='lat' dir='ltr'>solvencium</span> <span class='ocrx_word' id='word_1_155' title='bbox 1049 2108 1165 2165; x_wconf 91' lang='lat' dir='ltr'>tributa</span> <span class='ocrx_word' id='word_1_156' title='bbox 1196 2123 1251 2164; x_wconf 96' lang='lat' dir='ltr'>nos</span> <span class='ocrx_word' id='word_1_157' title='bbox 1279 2109 1527 2177; x_wconf 91' lang='lat' dir='ltr'>intromittemus,</span> 
     </span>
     <span class='ocr_line' id='line_1_18' title="bbox 263 2213 1526 2291; baseline -0.004 -15"><span class='ocrx_word' id='word_1_158' title='bbox 263 2234 371 2291; x_wconf 91' lang='lat' dir='ltr'>ymmo</span> <span class='ocrx_word' id='word_1_159' title='bbox 402 2218 583 2275; x_wconf 90' lang='lat' dir='ltr'>discussioni</span> <span class='ocrx_word' id='word_1_160' title='bbox 617 2215 754 2273; x_wconf 92' lang='lat' dir='ltr'>eiusdem</span> <span class='ocrx_word' id='word_1_161' title='bbox 786 2215 914 2289; x_wconf 90' lang='lat' dir='ltr'>capituli</span> <span class='ocrx_word' id='word_1_162' title='bbox 945 2219 1043 2271; x_wconf 91' lang='lat' dir='ltr'>totum</span> <span class='ocrx_word' id='word_1_163' title='bbox 1079 2214 1263 2286; x_wconf 90' lang='lat' dir='ltr'>reliquimus</span> <span class='ocrx_word' id='word_1_164' title='bbox 1295 2220 1324 2271; x_wconf 93' lang='lat' dir='ltr'>et</span> <span class='ocrx_word' id='word_1_165' title='bbox 1355 2213 1394 2271; x_wconf 92' lang='lat' dir='ltr'>ad</span> <span class='ocrx_word' id='word_1_166' title='bbox 1423 2215 1526 2288; x_wconf 93' lang='lat' dir='ltr'>ipsum</span> 
     </span>
     <span class='ocr_line' id='line_1_19' title="bbox 262 2318 1526 2394; baseline -0.005 -12"><span class='ocrx_word' id='word_1_167' title='bbox 262 2325 506 2382; x_wconf 87' lang='lat' dir='ltr'>transmittemus</span> <span class='ocrx_word' id='word_1_168' title='bbox 530 2322 733 2394; x_wconf 87' lang='lat' dir='ltr'>querelantes.</span> <span class='ocrx_word' id='word_1_169' title='bbox 765 2321 850 2391; x_wconf 87' lang='lat' dir='ltr'>item,</span> <span class='ocrx_word' id='word_1_170' title='bbox 882 2320 965 2392; x_wconf 91' lang='lat' dir='ltr'>quod</span> <span class='ocrx_word' id='word_1_171' title='bbox 999 2318 1176 2394; x_wconf 92' lang='lat' dir='ltr'>depositum</span> <span class='ocrx_word' id='word_1_172' title='bbox 1206 2334 1312 2377; x_wconf 88' lang='lat' dir='ltr'>eorum</span> <span class='ocrx_word' id='word_1_173' title='bbox 1338 2321 1388 2377; x_wconf 90' lang='lat' dir='ltr'>vel</span> <span class='ocrx_word' id='word_1_174' title='bbox 1412 2320 1450 2377; x_wconf 90' lang='lat' dir='ltr'>ad</span> <span class='ocrx_word' id='word_1_175' title='bbox 1475 2337 1526 2378; x_wconf 92' lang='lat' dir='ltr'>eos</span> 
     </span>
     <span class='ocr_line' id='line_1_20' title="bbox 263 2426 1526 2504; baseline -0.003 -17"><span class='ocrx_word' id='word_1_176' title='bbox 263 2431 487 2504; x_wconf 88' lang='lat' dir='ltr'>pertinencium</span> <span class='ocrx_word' id='word_1_177' title='bbox 511 2430 542 2486; x_wconf 93' lang='lat' dir='ltr'>in</span> <span class='ocrx_word' id='word_1_178' title='bbox 566 2432 670 2486; x_wconf 89' lang='lat' dir='ltr'>nostra</span> <span class='ocrx_word' id='word_1_179' title='bbox 692 2428 814 2485; x_wconf 89' lang='lat' dir='ltr'>civitate</span> <span class='ocrx_word' id='word_1_180' title='bbox 831 2426 881 2483; x_wconf 90' lang='lat' dir='ltr'>vel</span> <span class='ocrx_word' id='word_1_181' title='bbox 898 2427 1058 2496; x_wconf 86' lang='lat' dir='ltr'>suburbio,</span> <span class='ocrx_word' id='word_1_182' title='bbox 1075 2426 1236 2487; x_wconf 91' lang='lat' dir='ltr'>videlicet:</span> <span class='ocrx_word' id='word_1_183' title='bbox 1260 2428 1367 2485; x_wconf 92' lang='lat' dir='ltr'>vinum</span> <span class='ocrx_word' id='word_1_184' title='bbox 1391 2427 1443 2484; x_wconf 87' lang='lat' dir='ltr'>vel</span> <span class='ocrx_word' id='word_1_185' title='bbox 1459 2427 1526 2484; x_wconf 90' lang='lat' dir='ltr'>bla-</span> 
     </span>
     <span class='ocr_line' id='line_1_21' title="bbox 264 2532 1526 2607; baseline -0.002 -15"><span class='ocrx_word' id='word_1_186' title='bbox 264 2535 347 2605; x_wconf 92' lang='lat' dir='ltr'>dum,</span> <span class='ocrx_word' id='word_1_187' title='bbox 370 2542 422 2593; x_wconf 92' lang='lat' dir='ltr'>aut</span> <span class='ocrx_word' id='word_1_188' title='bbox 446 2533 593 2607; x_wconf 91' lang='lat' dir='ltr'>quicquid</span> <span class='ocrx_word' id='word_1_189' title='bbox 617 2534 660 2591; x_wconf 91' lang='lat' dir='ltr'>ibi</span> <span class='ocrx_word' id='word_1_190' title='bbox 683 2532 768 2591; x_wconf 89' lang='lat' dir='ltr'>aliud</span> <span class='ocrx_word' id='word_1_191' title='bbox 785 2532 949 2604; x_wconf 82' lang='lat' dir='ltr'>deferatur,</span> <span class='ocrx_word' id='word_1_192' title='bbox 965 2548 1136 2605; x_wconf 91' lang='lat' dir='ltr'>numquam</span> <span class='ocrx_word' id='word_1_193' title='bbox 1153 2533 1358 2604; x_wconf 79' lang='lat' dir='ltr'>calliabimus,</span> <span class='ocrx_word' id='word_1_194' title='bbox 1375 2550 1430 2590; x_wconf 91' lang='lat' dir='ltr'>nec</span> <span class='ocrx_word' id='word_1_195' title='bbox 1446 2534 1526 2590; x_wconf 90' lang='lat' dir='ltr'>ullas</span> 
     </span>
     <span class='ocr_line' id='line_1_22' title="bbox 262 2638 1526 2714; baseline -0.003 -15"><span class='ocrx_word' id='word_1_196' title='bbox 262 2656 411 2714; x_wconf 89' lang='lat' dir='ltr'>umquam</span> <span class='ocrx_word' id='word_1_197' title='bbox 436 2640 581 2698; x_wconf 91' lang='lat' dir='ltr'>collectas</span> <span class='ocrx_word' id='word_1_198' title='bbox 604 2655 662 2714; x_wconf 91' lang='lat' dir='ltr'>pro</span> <span class='ocrx_word' id='word_1_199' title='bbox 685 2640 744 2697; x_wconf 91' lang='lat' dir='ltr'>hiis</span> <span class='ocrx_word' id='word_1_200' title='bbox 768 2639 818 2696; x_wconf 87' lang='lat' dir='ltr'>rel</span> <span class='ocrx_word' id='word_1_201' title='bbox 841 2638 928 2696; x_wconf 89' lang='lat' dir='ltr'>dacia</span> <span class='ocrx_word' id='word_1_202' title='bbox 951 2639 1110 2711; x_wconf 85' lang='lat' dir='ltr'>exigemus</span> <span class='ocrx_word' id='word_1_203' title='bbox 1133 2655 1188 2697; x_wconf 94' lang='lat' dir='ltr'>nec</span> <span class='ocrx_word' id='word_1_204' title='bbox 1212 2656 1267 2714; x_wconf 89' lang='lat' dir='ltr'>per</span> <span class='ocrx_word' id='word_1_205' title='bbox 1290 2640 1428 2712; x_wconf 91' lang='lat' dir='ltr'>aliquem</span> <span class='ocrx_word' id='word_1_206' title='bbox 1445 2640 1526 2710; x_wconf 85' lang='lat' dir='ltr'>exigi</span> 
     </span>
     <span class='ocr_line' id='line_1_23' title="bbox 264 2745 1525 2820; baseline -0.002 -15"><span class='ocrx_word' id='word_1_207' title='bbox 264 2747 419 2817; x_wconf 88' lang='lat' dir='ltr'>iaciemus,</span> <span class='ocrx_word' id='word_1_208' title='bbox 443 2747 496 2804; x_wconf 91' lang='lat' dir='ltr'>sed</span> <span class='ocrx_word' id='word_1_209' title='bbox 521 2747 653 2804; x_wconf 91' lang='lat' dir='ltr'>contenti</span> <span class='ocrx_word' id='word_1_210' title='bbox 676 2747 791 2804; x_wconf 89' lang='lat' dir='ltr'>erimus</span> <span class='ocrx_word' id='word_1_211' title='bbox 814 2745 853 2803; x_wconf 89' lang='lat' dir='ltr'>de</span> <span class='ocrx_word' id='word_1_212' title='bbox 868 2745 1015 2820; x_wconf 84' lang='lat' dir='ltr'>predicto</span> <span class='ocrx_word' id='word_1_213' title='bbox 1032 2745 1123 2818; x_wconf 80' lang='lat' dir='ltr'>Quod</span> <span class='ocrx_word' id='word_1_214' title='bbox 1148 2748 1244 2804; x_wconf 91' lang='lat' dir='ltr'>nostri</span> <span class='ocrx_word' id='word_1_215' title='bbox 1268 2747 1351 2803; x_wconf 91' lang='lat' dir='ltr'>cives</span> <span class='ocrx_word' id='word_1_216' title='bbox 1375 2761 1433 2820; x_wconf 92' lang='lat' dir='ltr'>pro</span> <span class='ocrx_word' id='word_1_217' title='bbox 1455 2762 1525 2804; x_wconf 92' lang='lat' dir='ltr'>con-</span> 
     </span>
     <span class='ocr_line' id='line_1_24' title="bbox 262 2853 1525 2927; baseline -0.001 -16"><span class='ocrx_word' id='word_1_218' title='bbox 262 2854 408 2911; x_wconf 87' lang='lat' dir='ltr'>duccione</span> <span class='ocrx_word' id='word_1_219' title='bbox 431 2853 596 2910; x_wconf 91' lang='lat' dir='ltr'>domorum</span> <span class='ocrx_word' id='word_1_220' title='bbox 620 2853 671 2910; x_wconf 88' lang='lat' dir='ltr'>vel</span> <span class='ocrx_word' id='word_1_221' title='bbox 695 2867 886 2910; x_wconf 90' lang='lat' dir='ltr'>camerarum</span> <span class='ocrx_word' id='word_1_222' title='bbox 912 2868 1039 2910; x_wconf 91' lang='lat' dir='ltr'>suarum</span> <span class='ocrx_word' id='word_1_223' title='bbox 1061 2853 1102 2909; x_wconf 93' lang='lat' dir='ltr'>ab</span> <span class='ocrx_word' id='word_1_224' title='bbox 1125 2854 1168 2910; x_wconf 91' lang='lat' dir='ltr'>eis</span> <span class='ocrx_word' id='word_1_225' title='bbox 1192 2854 1242 2910; x_wconf 88' lang='lat' dir='ltr'>vel</span> <span class='ocrx_word' id='word_1_226' title='bbox 1267 2853 1525 2927; x_wconf 87' lang='lat' dir='ltr'>apertinentibus</span> 
     </span>
     <span class='ocr_line' id='line_1_25' title="bbox 261 2957 1568 3033; baseline -0.001 -15"><span class='ocrx_word' id='word_1_227' title='bbox 261 2961 300 3018; x_wconf 92' lang='lat' dir='ltr'>ad</span> <span class='ocrx_word' id='word_1_228' title='bbox 323 2960 448 3018; x_wconf 92' lang='lat' dir='ltr'>eosdem</span> <span class='ocrx_word' id='word_1_229' title='bbox 470 2960 627 3033; x_wconf 89' lang='lat' dir='ltr'>recipient,</span> <span class='ocrx_word' id='word_1_230' title='bbox 651 2958 819 3016; x_wconf 90' lang='lat' dir='ltr'>secundum</span> <span class='ocrx_word' id='word_1_231' title='bbox 843 2958 926 3031; x_wconf 93' lang='lat' dir='ltr'>quod</span> <span class='ocrx_word' id='word_1_232' title='bbox 959 2960 1037 3016; x_wconf 89' lang='lat' dir='ltr'>inter</span> <span class='ocrx_word' id='word_1_233' title='bbox 1067 2960 1281 3017; x_wconf 91' lang='lat' dir='ltr'>contrahentes</span> <span class='ocrx_word' id='word_1_234' title='bbox 1304 2974 1362 3033; x_wconf 92' lang='lat' dir='ltr'>pro</span> <span class='ocrx_word' id='word_1_235' title='bbox 1386 2965 1525 3033; x_wconf 92' lang='lat' dir='ltr'>tempore</span> <span class='ocrx_word' id='word_1_236' title='bbox 1565 2957 1568 2962; x_wconf 76' lang='grc'>’</span> 
     </span>
     <span class='ocr_line' id='line_1_26' title="bbox 262 3064 1525 3139; baseline 0 -16"><span class='ocrx_word' id='word_1_237' title='bbox 262 3066 354 3125; x_wconf 87' lang='lat' dir='ltr'>fuerit</span> <span class='ocrx_word' id='word_1_238' title='bbox 377 3066 555 3136; x_wconf 86' lang='lat' dir='ltr'>diffinitum,</span> <span class='ocrx_word' id='word_1_239' title='bbox 579 3082 633 3122; x_wconf 94' lang='lat' dir='ltr'>nec</span> <span class='ocrx_word' id='word_1_240' title='bbox 657 3081 708 3122; x_wconf 89' lang='lat' dir='ltr'>eos</span> <span class='ocrx_word' id='word_1_241' title='bbox 732 3065 783 3122; x_wconf 88' lang='lat' dir='ltr'>vel</span> <span class='ocrx_word' id='word_1_242' title='bbox 806 3064 845 3122; x_wconf 88' lang='lat' dir='ltr'>ad</span> <span class='ocrx_word' id='word_1_243' title='bbox 869 3080 921 3121; x_wconf 89' lang='lat' dir='ltr'>eos</span> <span class='ocrx_word' id='word_1_244' title='bbox 944 3066 1131 3138; x_wconf 91' lang='lat' dir='ltr'>pertinentes</span> <span class='ocrx_word' id='word_1_245' title='bbox 1147 3065 1362 3139; x_wconf 83' lang='lat' dir='ltr'>impediemus.</span> <span class='ocrx_word' id='word_1_246' title='bbox 1381 3068 1455 3138; x_wconf 91' lang='lat' dir='ltr'>quin</span> <span class='ocrx_word' id='word_1_247' title='bbox 1470 3083 1525 3123; x_wconf 88' lang='lat' dir='ltr'>sua</span> 
     </span>
     <span class='ocr_line' id='line_1_27' title="bbox 263 3172 1524 3248; baseline -0.001 -17"><span class='ocrx_word' id='word_1_248' title='bbox 263 3174 402 3248; x_wconf 88' lang='lat' dir='ltr'>deposita</span> <span class='ocrx_word' id='word_1_249' title='bbox 424 3174 454 3230; x_wconf 93' lang='lat' dir='ltr'>in</span> <span class='ocrx_word' id='word_1_250' title='bbox 476 3173 599 3231; x_wconf 90' lang='lat' dir='ltr'>civitate</span> <span class='ocrx_word' id='word_1_251' title='bbox 623 3172 674 3228; x_wconf 89' lang='lat' dir='ltr'>vel</span> <span class='ocrx_word' id='word_1_252' title='bbox 706 3172 866 3241; x_wconf 86' lang='lat' dir='ltr'>suburbio,</span> <span class='ocrx_word' id='word_1_253' title='bbox 899 3172 928 3228; x_wconf 94' lang='lat' dir='ltr'>in</span> <span class='ocrx_word' id='word_1_254' title='bbox 962 3172 1210 3245; x_wconf 90' lang='lat' dir='ltr'>quibuscumque</span> <span class='ocrx_word' id='word_1_255' title='bbox 1234 3174 1326 3230; x_wconf 89' lang='lat' dir='ltr'>rebus</span> <span class='ocrx_word' id='word_1_256' title='bbox 1350 3175 1524 3238; x_wconf 87' lang='lat' dir='ltr'>consistant,</span> 
     </span>
     <span class='ocr_line' id='line_1_28' title="bbox 259 3277 1524 3352; baseline 0.002 -18"><span class='ocrx_word' id='word_1_257' title='bbox 259 3279 378 3352; x_wconf 90' lang='lat' dir='ltr'>possint</span> <span class='ocrx_word' id='word_1_258' title='bbox 401 3277 534 3335; x_wconf 91' lang='lat' dir='ltr'>vendere</span> <span class='ocrx_word' id='word_1_259' title='bbox 558 3277 609 3334; x_wconf 88' lang='lat' dir='ltr'>vel</span> <span class='ocrx_word' id='word_1_260' title='bbox 633 3277 704 3334; x_wconf 88' lang='lat' dir='ltr'>vina</span> <span class='ocrx_word' id='word_1_261' title='bbox 727 3277 889 3334; x_wconf 88' lang='lat' dir='ltr'>tabernare</span> <span class='ocrx_word' id='word_1_262' title='bbox 917 3292 1048 3350; x_wconf 91' lang='lat' dir='ltr'>semper,</span> <span class='ocrx_word' id='word_1_263' title='bbox 1081 3277 1204 3350; x_wconf 90' lang='lat' dir='ltr'>quando</span> <span class='ocrx_word' id='word_1_264' title='bbox 1236 3294 1343 3335; x_wconf 92' lang='lat' dir='ltr'>eorum</span> <span class='ocrx_word' id='word_1_265' title='bbox 1373 3279 1524 3352; x_wconf 88' lang='lat' dir='ltr'>placuerit</span> 
     </span>
     <span class='ocr_line' id='line_1_29' title="bbox 260 3382 1525 3458; baseline -0.002 -16"><span class='ocrx_word' id='word_1_266' title='bbox 260 3385 419 3443; x_wconf 88' lang='lat' dir='ltr'>voluntati.</span> <span class='ocrx_word' id='word_1_267' title='bbox 444 3384 529 3452; x_wconf 89' lang='lat' dir='ltr'>Item,</span> <span class='ocrx_word' id='word_1_268' title='bbox 553 3382 636 3455; x_wconf 92' lang='lat' dir='ltr'>quod</span> <span class='ocrx_word' id='word_1_269' title='bbox 659 3383 783 3440; x_wconf 91' lang='lat' dir='ltr'>nullum</span> <span class='ocrx_word' id='word_1_270' title='bbox 807 3384 838 3440; x_wconf 91' lang='lat' dir='ltr'>in</span> <span class='ocrx_word' id='word_1_271' title='bbox 861 3384 950 3441; x_wconf 89' lang='lat' dir='ltr'>terris</span> <span class='ocrx_word' id='word_1_272' title='bbox 973 3399 1081 3441; x_wconf 91' lang='lat' dir='ltr'>eorum</span> <span class='ocrx_word' id='word_1_273' title='bbox 1105 3385 1264 3458; x_wconf 89' lang='lat' dir='ltr'>capiemus</span> <span class='ocrx_word' id='word_1_274' title='bbox 1279 3385 1331 3441; x_wconf 91' lang='lat' dir='ltr'>vel</span> <span class='ocrx_word' id='word_1_275' title='bbox 1347 3385 1416 3458; x_wconf 90' lang='lat' dir='ltr'>capi</span> <span class='ocrx_word' id='word_1_276' title='bbox 1434 3384 1525 3441; x_wconf 86' lang='lat' dir='ltr'>iacie-</span> 
     </span>
     <span class='ocr_line' id='line_1_30' title="bbox 261 3488 1523 3564; baseline -0.001 -16"><span class='ocrx_word' id='word_1_277' title='bbox 261 3507 330 3548; x_wconf 91' lang='lat' dir='ltr'>mus</span> <span class='ocrx_word' id='word_1_278' title='bbox 352 3490 404 3547; x_wconf 91' lang='lat' dir='ltr'>vel</span> <span class='ocrx_word' id='word_1_279' title='bbox 428 3489 566 3563; x_wconf 90' lang='lat' dir='ltr'>aliquam</span> <span class='ocrx_word' id='word_1_280' title='bbox 597 3488 690 3545; x_wconf 89' lang='lat' dir='ltr'>aliam</span> <span class='ocrx_word' id='word_1_281' title='bbox 723 3489 867 3546; x_wconf 89' lang='lat' dir='ltr'>iniuriam</span> <span class='ocrx_word' id='word_1_282' title='bbox 898 3490 1114 3562; x_wconf 87' lang='lat' dir='ltr'>irrogabimus,</span> <span class='ocrx_word' id='word_1_283' title='bbox 1146 3505 1253 3561; x_wconf 89' lang='lat' dir='ltr'>ymmo</span> <span class='ocrx_word' id='word_1_284' title='bbox 1277 3506 1329 3547; x_wconf 90' lang='lat' dir='ltr'>eos</span> <span class='ocrx_word' id='word_1_285' title='bbox 1351 3506 1410 3564; x_wconf 90' lang='lat' dir='ltr'>pro</span> <span class='ocrx_word' id='word_1_286' title='bbox 1433 3506 1523 3564; x_wconf 90' lang='lat' dir='ltr'>posse</span> 
     </span>
     <span class='ocr_line' id='line_1_31' title="bbox 259 3594 1523 3668; baseline -0.002 -14"><span class='ocrx_word' id='word_1_287' title='bbox 259 3597 436 3654; x_wconf 87' lang='lat' dir='ltr'>iuvabimus</span> <span class='ocrx_word' id='word_1_288' title='bbox 459 3597 484 3652; x_wconf 91' lang='lat' dir='ltr'>si</span> <span class='ocrx_word' id='word_1_289' title='bbox 507 3597 561 3653; x_wconf 87' lang='lat' dir='ltr'>alii</span> <span class='ocrx_word' id='word_1_290' title='bbox 583 3596 642 3652; x_wconf 90' lang='lat' dir='ltr'>hoc</span> <span class='ocrx_word' id='word_1_291' title='bbox 658 3597 700 3653; x_wconf 92' lang='lat' dir='ltr'>eis</span> <span class='ocrx_word' id='word_1_292' title='bbox 716 3594 816 3653; x_wconf 86' lang='lat' dir='ltr'>iacere</span> <span class='ocrx_word' id='word_1_293' title='bbox 832 3601 1064 3668; x_wconf 88' lang='lat' dir='ltr'>attemptarent;</span> <span class='ocrx_word' id='word_1_294' title='bbox 1089 3603 1118 3653; x_wconf 90' lang='lat' dir='ltr'>et</span> <span class='ocrx_word' id='word_1_295' title='bbox 1142 3595 1225 3668; x_wconf 92' lang='lat' dir='ltr'>quod</span> <span class='ocrx_word' id='word_1_296' title='bbox 1249 3612 1357 3653; x_wconf 88' lang='lat' dir='ltr'>eorum</span> <span class='ocrx_word' id='word_1_297' title='bbox 1381 3596 1523 3654; x_wconf 91' lang='lat' dir='ltr'>subditos</span> 
     </span>
     <span class='ocr_line' id='line_1_32' title="bbox 258 3702 1522 3777; baseline 0 -18"><span class='ocrx_word' id='word_1_298' title='bbox 258 3719 317 3777; x_wconf 92' lang='lat' dir='ltr'>pro</span> <span class='ocrx_word' id='word_1_299' title='bbox 340 3702 453 3760; x_wconf 90' lang='lat' dir='ltr'>debitis</span> <span class='ocrx_word' id='word_1_300' title='bbox 475 3702 611 3775; x_wconf 91' lang='lat' dir='ltr'>propriis</span> <span class='ocrx_word' id='word_1_301' title='bbox 634 3703 685 3759; x_wconf 91' lang='lat' dir='ltr'>vel</span> <span class='ocrx_word' id='word_1_302' title='bbox 709 3716 977 3774; x_wconf 88' lang='lat' dir='ltr'>quorumcumque</span> <span class='ocrx_word' id='word_1_303' title='bbox 1000 3702 1135 3759; x_wconf 91' lang='lat' dir='ltr'>aliorum</span> <span class='ocrx_word' id='word_1_304' title='bbox 1158 3703 1245 3760; x_wconf 91' lang='lat' dir='ltr'>nullo</span> <span class='ocrx_word' id='word_1_305' title='bbox 1269 3718 1419 3775; x_wconf 90' lang='lat' dir='ltr'>umquam</span> <span class='ocrx_word' id='word_1_306' title='bbox 1445 3710 1522 3761; x_wconf 87' lang='lat' dir='ltr'>tem·</span> 
     </span>
     <span class='ocr_line' id='line_1_33' title="bbox 259 3807 1522 3881; baseline -0.002 -15"><span class='ocrx_word' id='word_1_307' title='bbox 259 3824 334 3881; x_wconf 88' lang='lat' dir='ltr'>pore</span> <span class='ocrx_word' id='word_1_308' title='bbox 358 3808 409 3865; x_wconf 89' lang='lat' dir='ltr'>vel</span> <span class='ocrx_word' id='word_1_309' title='bbox 432 3808 501 3881; x_wconf 89' lang='lat' dir='ltr'>capi</span> <span class='ocrx_word' id='word_1_310' title='bbox 525 3808 576 3864; x_wconf 87' lang='lat' dir='ltr'>rel</span> <span class='ocrx_word' id='word_1_311' title='bbox 599 3807 744 3881; x_wconf 89' lang='lat' dir='ltr'>impediri</span> <span class='ocrx_word' id='word_1_312' title='bbox 768 3809 832 3865; x_wconf 91' lang='lat' dir='ltr'>sine</span> <span class='ocrx_word' id='word_1_313' title='bbox 856 3823 963 3865; x_wconf 88' lang='lat' dir='ltr'>eorum</span> <span class='ocrx_word' id='word_1_314' title='bbox 988 3807 1100 3865; x_wconf 90' lang='lat' dir='ltr'>iudicio</span> <span class='ocrx_word' id='word_1_315' title='bbox 1125 3807 1279 3866; x_wconf 89' lang='lat' dir='ltr'>iaciemus.</span> <span class='ocrx_word' id='word_1_316' title='bbox 1295 3808 1332 3865; x_wconf 72' lang='lat' dir='ltr'>lit</span> <span class='ocrx_word' id='word_1_317' title='bbox 1348 3809 1404 3865; x_wconf 92' lang='lat' dir='ltr'>hec</span> <span class='ocrx_word' id='word_1_318' title='bbox 1420 3808 1522 3865; x_wconf 88' lang='lat' dir='ltr'>omnia</span> 
     </span>
     <span class='ocr_line' id='line_1_34' title="bbox 258 3912 1521 3987; baseline -0.001 -17"><span class='ocrx_word' id='word_1_319' title='bbox 258 3913 434 3987; x_wconf 86' lang='lat' dir='ltr'>supradicta</span> <span class='ocrx_word' id='word_1_320' title='bbox 457 3929 581 3970; x_wconf 85' lang='lat' dir='ltr'>servare</span> <span class='ocrx_word' id='word_1_321' title='bbox 605 3920 636 3970; x_wconf 89' lang='lat' dir='ltr'>et</span> <span class='ocrx_word' id='word_1_322' title='bbox 659 3919 761 3971; x_wconf 90' lang='lat' dir='ltr'>tenere</span> <span class='ocrx_word' id='word_1_323' title='bbox 784 3915 986 3987; x_wconf 90' lang='lat' dir='ltr'>promisimus</span> <span class='ocrx_word' id='word_1_324' title='bbox 1009 3912 1049 3970; x_wconf 92' lang='lat' dir='ltr'>ad</span> <span class='ocrx_word' id='word_1_325' title='bbox 1073 3919 1192 3970; x_wconf 88' lang='lat' dir='ltr'>nostras</span> <span class='ocrx_word' id='word_1_326' title='bbox 1209 3915 1327 3971; x_wconf 92' lang='lat' dir='ltr'>animas</span> <span class='ocrx_word' id='word_1_327' title='bbox 1351 3922 1380 3970; x_wconf 93' lang='lat' dir='ltr'>et</span> <span class='ocrx_word' id='word_1_328' title='bbox 1404 3920 1521 3970; x_wconf 92' lang='lat' dir='ltr'>nostro·</span> 
     </span>
     <span class='ocr_line' id='line_1_35' title="bbox 257 4020 1521 4094; baseline -0.001 -17"><span class='ocrx_word' id='word_1_329' title='bbox 257 4036 328 4077; x_wconf 87' lang='lat' dir='ltr'>rum</span> <span class='ocrx_word' id='word_1_330' title='bbox 352 4035 563 4077; x_wconf 90' lang='lat' dir='ltr'>successorum</span> <span class='ocrx_word' id='word_1_331' title='bbox 587 4020 645 4077; x_wconf 93' lang='lat' dir='ltr'>hoc</span> <span class='ocrx_word' id='word_1_332' title='bbox 668 4021 781 4077; x_wconf 90' lang='lat' dir='ltr'>nostris</span> <span class='ocrx_word' id='word_1_333' title='bbox 805 4021 984 4078; x_wconf 90' lang='lat' dir='ltr'>iuramentis</span> <span class='ocrx_word' id='word_1_334' title='bbox 1015 4020 1173 4077; x_wconf 89' lang='lat' dir='ltr'>firmantes</span> <span class='ocrx_word' id='word_1_335' title='bbox 1197 4036 1254 4094; x_wconf 91' lang='lat' dir='ltr'>pro</span> <span class='ocrx_word' id='word_1_336' title='bbox 1279 4020 1360 4077; x_wconf 92' lang='lat' dir='ltr'>bono</span> <span class='ocrx_word' id='word_1_337' title='bbox 1384 4021 1469 4094; x_wconf 86' lang='lat' dir='ltr'>pacis</span> <span class='ocrx_word' id='word_1_338' title='bbox 1493 4030 1521 4076; x_wconf 90' lang='lat' dir='ltr'>et</span> 
     </span>
     <span class='ocr_line' id='line_1_36' title="bbox 257 4125 1519 4200; baseline 0 -18"><span class='ocrx_word' id='word_1_339' title='bbox 257 4125 420 4184; x_wconf 89' lang='lat' dir='ltr'>concordie</span> <span class='ocrx_word' id='word_1_340' title='bbox 444 4125 647 4182; x_wconf 83' lang='lat' dir='ltr'>observando</span> <span class='ocrx_word' id='word_1_341' title='bbox 671 4126 705 4182; x_wconf 91' lang='lat' dir='ltr'>ln</span> <span class='ocrx_word' id='word_1_342' title='bbox 729 4127 816 4183; x_wconf 88' lang='lat' dir='ltr'>cuius</span> <span class='ocrx_word' id='word_1_343' title='bbox 838 4126 882 4183; x_wconf 92' lang='lat' dir='ltr'>rei</span> <span class='ocrx_word' id='word_1_344' title='bbox 906 4126 1119 4183; x_wconf 90' lang='lat' dir='ltr'>testimonium</span> <span class='ocrx_word' id='word_1_345' title='bbox 1142 4131 1171 4182; x_wconf 89' lang='lat' dir='ltr'>et</span> <span class='ocrx_word' id='word_1_346' title='bbox 1194 4133 1377 4200; x_wconf 89' lang='lat' dir='ltr'>perpetuam</span> <span class='ocrx_word' id='word_1_347' title='bbox 1402 4141 1519 4183; x_wconf 93' lang='lat' dir='ltr'>memo·</span> 
     </span>
     <span class='ocr_line' id='line_1_37' title="bbox 257 4231 1520 4306; baseline 0 -18"><span class='ocrx_word' id='word_1_348' title='bbox 257 4233 335 4288; x_wconf 91' lang='lat' dir='ltr'>riam</span> <span class='ocrx_word' id='word_1_349' title='bbox 351 4238 508 4306; x_wconf 85' lang='lat' dir='ltr'>presentes</span> <span class='ocrx_word' id='word_1_350' title='bbox 524 4231 641 4289; x_wconf 91' lang='lat' dir='ltr'>eisdem</span> <span class='ocrx_word' id='word_1_351' title='bbox 656 4232 845 4289; x_wconf 91' lang='lat' dir='ltr'>contulimus</span> <span class='ocrx_word' id='word_1_352' title='bbox 862 4233 979 4288; x_wconf 90' lang='lat' dir='ltr'>litteras</span> <span class='ocrx_word' id='word_1_353' title='bbox 995 4233 1090 4305; x_wconf 86' lang='lat' dir='ltr'>sigilli</span> <span class='ocrx_word' id='word_1_354' title='bbox 1107 4234 1203 4290; x_wconf 92' lang='lat' dir='ltr'>nostri</span> <span class='ocrx_word' id='word_1_355' title='bbox 1219 4234 1392 4289; x_wconf 87' lang='lat' dir='ltr'>communis</span> <span class='ocrx_word' id='word_1_356' title='bbox 1406 4248 1520 4306; x_wconf 88' lang='lat' dir='ltr'>appen-</span> 
     </span>
     <span class='ocr_line' id='line_1_38' title="bbox 256 4337 1520 4411; baseline 0.002 -19"><span class='ocrx_word' id='word_1_357' title='bbox 256 4338 340 4395; x_wconf 92' lang='lat' dir='ltr'>sione</span> <span class='ocrx_word' id='word_1_358' title='bbox 364 4339 533 4394; x_wconf 89' lang='lat' dir='ltr'>roboratas.</span> <span class='ocrx_word' id='word_1_359' title='bbox 557 4338 672 4394; x_wconf 89' lang='lat' dir='ltr'>Datum</span> <span class='ocrx_word' id='word_1_360' title='bbox 696 4339 726 4395; x_wconf 90' lang='lat' dir='ltr'>in</span> <span class='ocrx_word' id='word_1_361' title='bbox 751 4337 828 4395; x_wconf 85' lang='lat' dir='ltr'>festo</span> <span class='ocrx_word' id='word_1_362' title='bbox 852 4339 933 4395; x_wconf 89' lang='lat' dir='ltr'>beati</span> <span class='ocrx_word' id='word_1_363' title='bbox 958 4339 1038 4395; x_wconf 87' lang='lat' dir='ltr'>Luce</span> <span class='ocrx_word' id='word_1_364' title='bbox 1064 4339 1269 4411; x_wconf 84' lang='lat' dir='ltr'>ewangeliste.</span> <span class='ocrx_word' id='word_1_365' title='bbox 1294 4342 1382 4396; x_wconf 88' lang='lat' dir='ltr'>Anno</span> <span class='ocrx_word' id='word_1_366' title='bbox 1403 4340 1520 4396; x_wconf 90' lang='lat' dir='ltr'>domini</span> 
     </span>
     <span class='ocr_line' id='line_1_39' title="bbox 256 4443 752 4515; baseline 0.006 -17"><span class='ocrx_word' id='word_1_367' title='bbox 256 4443 366 4498; x_wconf 75' lang='lat' dir='ltr'>MCCC</span> <span class='ocrx_word' id='word_1_368' title='bbox 391 4444 539 4500; x_wconf 88' lang='lat' dir='ltr'>vicesimo</span> <span class='ocrx_word' id='word_1_369' title='bbox 563 4451 680 4515; x_wconf 90' lang='lat' dir='ltr'>quarto.</span> <span class='ocrx_word' id='word_1_370' title='bbox 748 4447 752 4454; x_wconf 82' lang='lat'><em>‘</em></span> 
     </span>
    </p>
   </div>
   <div class='ocr_carea' id='block_1_3' title="bbox 256 4594 1518 4841">
    <p class='ocr_par' dir='ltr' id='par_1_3' title="bbox 256 4594 1518 4841">
     <span class='ocr_line' id='line_1_40' title="bbox 345 4594 1517 4663; baseline 0.002 -19"><span class='ocrx_word' id='word_1_371' title='bbox 345 4594 483 4660; x_wconf 83' lang='lat' dir='ltr'>Originale</span> <span class='ocrx_word' id='word_1_372' title='bbox 504 4595 529 4645; x_wconf 88' lang='lat' dir='ltr'>in</span> <span class='ocrx_word' id='word_1_373' title='bbox 549 4596 700 4645; x_wconf 88' lang='lat' dir='ltr'>membrana</span> <span class='ocrx_word' id='word_1_374' title='bbox 719 4597 796 4647; x_wconf 85' lang='lat' dir='ltr'>valde</span> <span class='ocrx_word' id='word_1_375' title='bbox 815 4598 943 4647; x_wconf 86' lang='lat' dir='ltr'>attritum.</span> <span class='ocrx_word' id='word_1_376' title='bbox 969 4598 998 4647; x_wconf 91' lang='lat' dir='ltr'>In</span> <span class='ocrx_word' id='word_1_377' title='bbox 1018 4598 1126 4649; x_wconf 84' lang='lat' dir='ltr'>archivo</span> <span class='ocrx_word' id='word_1_378' title='bbox 1148 4614 1203 4647; x_wconf 86' lang='lat' dir='ltr'>ren.</span> <span class='ocrx_word' id='word_1_379' title='bbox 1225 4613 1280 4663; x_wconf 89' lang='lat' dir='ltr'>cap.</span> <span class='ocrx_word' id='word_1_380' title='bbox 1306 4599 1410 4663; x_wconf 86' lang='lat' dir='ltr'>zagrab.</span> <span class='ocrx_word' id='word_1_381' title='bbox 1434 4597 1450 4647; x_wconf 84' lang='lat' dir='ltr'>i.</span> <span class='ocrx_word' id='word_1_382' title='bbox 1480 4608 1517 4648; x_wconf 87' lang='lat'>10.</span> 
     </span>
     <span class='ocr_line' id='line_1_41' title="bbox 256 4683 1514 4751; baseline 0.002 -19"><span class='ocrx_word' id='word_1_383' title='bbox 256 4699 294 4732; x_wconf 88' lang='lat' dir='ltr'>nr.</span> <span class='ocrx_word' id='word_1_384' title='bbox 312 4683 352 4740; x_wconf 82' lang='lat'>65.</span> <span class='ocrx_word' id='word_1_385' title='bbox 373 4684 497 4748; x_wconf 82' lang='lat' dir='ltr'>Sigillum</span> <span class='ocrx_word' id='word_1_386' title='bbox 516 4700 529 4734; x_wconf 90' lang='lat' dir='ltr'>a</span> <span class='ocrx_word' id='word_1_387' title='bbox 549 4685 648 4733; x_wconf 84' lang='lat' dir='ltr'>sericea</span> <span class='ocrx_word' id='word_1_388' title='bbox 667 4684 735 4735; x_wconf 86' lang='lat' dir='ltr'>ssava</span> <span class='ocrx_word' id='word_1_389' title='bbox 753 4701 817 4735; x_wconf 88' lang='lat' dir='ltr'>zona</span> <span class='ocrx_word' id='word_1_390' title='bbox 843 4688 981 4751; x_wconf 72' lang='lat' dir='ltr'>appendet.</span> <span class='ocrx_word' id='word_1_391' title='bbox 1008 4688 1101 4736; x_wconf 83' lang='lat' dir='ltr'>Exstat</span> <span class='ocrx_word' id='word_1_392' title='bbox 1123 4702 1229 4750; x_wconf 89' lang='lat' dir='ltr'>quoque</span> <span class='ocrx_word' id='word_1_393' title='bbox 1256 4687 1280 4735; x_wconf 89' lang='lat' dir='ltr'>in</span> <span class='ocrx_word' id='word_1_394' title='bbox 1306 4685 1367 4735; x_wconf 90' lang='lat' dir='ltr'>libr.</span> <span class='ocrx_word' id='word_1_395' title='bbox 1388 4688 1514 4737; x_wconf 86' lang='lat' dir='ltr'>Statutor.</span> 
     </span>
     <span class='ocr_line' id='line_1_42' title="bbox 256 4769 1518 4841; baseline 0.004 -23"><span class='ocrx_word' id='word_1_396' title='bbox 256 4769 333 4836; x_wconf 87' lang='lat' dir='ltr'>capit.</span> <span class='ocrx_word' id='word_1_397' title='bbox 358 4773 461 4838; x_wconf 83' lang='lat' dir='ltr'>zagrab.</span> <span class='ocrx_word' id='word_1_398' title='bbox 490 4779 557 4839; x_wconf 90' lang='lat' dir='ltr'>part.</span> <span class='ocrx_word' id='word_1_399' title='bbox 577 4772 622 4823; x_wconf 80' lang='lat' dir='ltr'>lv.</span> <span class='ocrx_word' id='word_1_400' title='bbox 646 4788 667 4821; x_wconf 92' lang='lat' dir='ltr'>c.</span> <span class='ocrx_word' id='word_1_401' title='bbox 687 4773 760 4824; x_wconf 77' lang='lat' dir='ltr'>xvi.</span> <span class='ocrx_word' id='word_1_402' title='bbox 774 4774 849 4840; x_wconf 85' lang='lat' dir='ltr'>Joan.</span> <span class='ocrx_word' id='word_1_403' title='bbox 863 4773 979 4825; x_wconf 75' lang='lat' dir='ltr'>Tkaldid.</span> <span class='ocrx_word' id='word_1_404' title='bbox 993 4775 1062 4826; x_wconf 72' lang='lat' dir='ltr'>aron.</span> <span class='ocrx_word' id='word_1_405' title='bbox 1076 4775 1136 4825; x_wconf 91' lang='lat' dir='ltr'>hist.</span> <span class='ocrx_word' id='word_1_406' title='bbox 1150 4776 1228 4841; x_wconf 88' lang='lat' dir='ltr'>episc.</span> <span class='ocrx_word' id='word_1_407' title='bbox 1243 4775 1347 4840; x_wconf 82' lang='lat' dir='ltr'>zagrab.</span> <span class='ocrx_word' id='word_1_408' title='bbox 1360 4774 1394 4824; x_wconf 92' lang='lat'>11.</span> <span class='ocrx_word' id='word_1_409' title='bbox 1414 4791 1439 4839; x_wconf 91' lang='lat' dir='ltr'>p.</span> <span class='ocrx_word' id='word_1_410' title='bbox 1463 4784 1518 4834; x_wconf 79' lang='lat'>135.</span> 
     </span>
    </p>
   </div>
   <div class='ocr_carea' id='block_1_4' title="bbox 0 0 1748 5242">
    <p class='ocr_par' dir='ltr' id='par_1_4' title="bbox 0 0 1748 5242">
     <span class='ocr_line' id='line_1_43' title="bbox 0 0 1748 5242; baseline 0 4"><span class='ocrx_word' id='word_1_411' title='bbox 0 0 1748 5242; x_wconf 95' lang='lat' dir='ltr'> </span> 
     </span>
    </p>
   </div>
  </div>
 </body>
</html>
