3488 5242
594 353 665 409 Dar.
684 347 759 427 316.
777 363 848 427 517.
877 384 913 393 -
939 351 993 407 Aa.
1019 347 1109 427 1384.

214 461 292 468 —-.--
304 459 545 467 -—---.—--
1179 457 1208 461 —
1222 456 1322 462 -----

214 554 328 624 minim,
352 569 387 609 ac
411 551 592 609 llichaelem
624 551 803 619 litteratum,
830 550 914 606 curie
943 548 1027 620 regie
1058 547 1213 604 notarium
1244 547 1412 621 specialem
1437 548 1477 604 ad

214 659 497 717 reambulacionem
523 663 674 713 metarum
699 657 778 713 inter
801 670 857 712 vos
880 654 1014 712 fiendam
1039 655 1160 728 pridem
1177 653 1433 726 deputaverimus
1448 662 1478 711 et

214 763 455 839 iidem-easdem
483 768 580 819 metas
611 762 840 835 particulariter
870 761 1144 833 consignaverunt3
1176 767 1287 830 tamen,
1322 759 1394 831 quia
1419 760 1478 833 ipsi

212 876 340 943 propter
364 869 564 941 frigiditatem
589 868 738 940 temporis
761 874 791 924 et
823 867 1035 940 pluralitatem
1066 866 1186 923 nivium
1210 867 1310 938 ipsam
1334 867 1478 922 reambu-

212 976 371 1046 lacionem,
396 976 481 1032 iuxta
497 974 718 1031 continenciam
736 973 973 1046 privilegiorum
989 978 1165 1029 vestrorum
1182 970 1331 1044 perficere
1353 971 1478 1043 nequie-

212 1089 297 1151 runt;
322 1081 390 1139 ideo
414 1081 560 1138 volumus
583 1087 612 1137 et
638 1079 780 1136 fidelitati
796 1084 897 1136 vestre
913 1078 1045 1135 firmiter
1062 1076 1260 1151 precipiendo
1283 1076 1477 1147 mandamus,

212 1194 361 1259 quatenus
385 1188 484 1259 ipsam
503 1186 647 1243 metalem
665 1186 930 1257 consignacionem
957 1200 1012 1257 per
1035 1183 1171 1257 prefatos
1194 1183 1334 1240 homines
1358 1190 1478 1239 nostros

213 1293 335 1362 factam,
359 1298 438 1350 statu
463 1293 493 1349 in
514 1291 624 1348 eodem
650 1307 831 1365 permanere
854 1291 960 1348 sinatis
985 1289 1102 1348 tamdiu
1127 1303 1288 1360 quousque
1305 1289 1404 1361 ipsam
1422 1305 1478 1361 per

212 1399 352 1456 homines
387 1404 507 1455 nostros
542 1396 649 1470 perfici
686 1396 832 1454 faciemus
863 1402 892 1454 et
923 1397 1044 1453 interim
1077 1401 1184 1451 neutra
1221 1395 1363 1465 parcium
1398 1394 1480 1452 ultra

212 1506 476 1577 consignacionem
510 1503 655 1560 metalem
688 1504 871 1576 premissam
904 1501 1024 1574 aliquid
1058 1500 1169 1557 debeat
1205 1501 1360 1570 innovare,
1392 1500 1478 1558 aliud

213 1611 307 1683 igitur
330 1627 387 1684 pro
413 1616 515 1667 nostra
538 1610 640 1681 gracia
665 1624 724 1665 non
750 1608 868 1666 facturi.
891 1609 1008 1665 Datum
1032 1608 1063 1663 in
1096 1606 1173 1662 villa
1203 1604 1339 1675 Sasima,
1371 1607 1401 1663 in
1428 1621 1478 1664 oc·

217 1717 296 1773 lavis
320 1716 387 1773 sesti
413 1716 493 1773 beati
517 1715 665 1798 Johannis
688 1715 822 1788 apostoli
845 1722 874 1771 et
898 1714 1103 1785 ewangeliste.
1128 1716 1217 1769 Anno
1241 1711 1359 1770 domini
1376 1713 1478 1770 mille·

214 1823 293 1879 simo
317 1821 509 1879 CCCLXXX
533 1828 651 1893 quarto.

303 1939 443 2005 originale
462 1940 487 1989 in
508 1939 604 1988 charta.
628 1939 753 2005 Sigillum
773 1939 930 1989 minusclum
955 1939 1118 2005 impressum.
1144 1938 1174 1988 In
1194 1939 1263 1988 arch.
1283 1939 1363 1987 Acad.
1384 1937 1472 1988 Sciant

215 2029 316 2078 Slavor.
337 2028 429 2077 merid.

809 2240 892 2305 316.

303 2347 379 2394 Anno
401 2348 474 2406 1384,
497 2355 517 2393 1.
537 2344 638 2409 aprilis.
659 2345 755 2393 Budae.

215 2473 364 2530 Elisabeth
387 2475 488 2546 regina
512 2474 691 2545 lberrgirriae
713 2472 796 2528 barris
818 2473 903 2544 regni
924 2471 1095 2528 Sclarairiiae
1117 2481 1256 2544 expensas
1270 2472 1327 2528 sibi
1334 2479 1394 2544 per
1406 2473 1480 2530 cives

223 2580 395 2638 Greclreasrs
399 2580 510 2654 frictas,
523 2581 559 2635 ab
575 2579 771 2652 iabagrirm'bus
786 2581 910 2636 baiariae
925 2578 1024 2634 ei'sdem
1039 2579 1237 2635 resarciendas
1252 2597 1317 2645 esse,
1328 2580 1478 2653 praecipit.

304 2723 366 2780 Nos
392 2724 558 2791 Elizabeth,
581 2723 630 2780 dei
654 2724 757 2794 gracia
781 2723 888 2794 regina
912 2723 1078 2793 Hungarie,
1099 2722 1232 2783 Polonie.
1249 2723 1409 2780 Dalmacie
1425 2729 1480 2780 etc.

215 2830 313 2885 Vobis
337 2828 508 2900 magnificis
532 2829 607 2885 viris
631 2827 787 2901 Stephano
811 2836 841 2884 et
863 2829 1005 2910 johanni,
1029 2829 1114 2900 regni
1134 2827 1297 2886 Sclauonie
1314 2830 1410 2899 banis,
1430 2829 1482 2886 fir-

217 2936 307 2991 miter
332 2934 530 3007 precipiendo
556 2934 746 3003 mandamuS,
771 2942 921 3005 quatenus
937 2950 1087 3007 expensas
1103 2950 1161 3008 pro
1177 2935 1366 2993 victualibus
1392 2936 1484 2993 nobis

217 3040 338 3113 pridem
363 3039 511 3111 Zagrabie
536 3040 736 3096 existentibus
767 3056 823 3113 per
855 3041 937 3098 cives
969 3040 1107 3098 eiusdem
1138 3041 1271 3098 civitatis
1298 3040 1403 3112 factas,
1430 3041 1483 3098 ha·

220 3146 282 3201 bita
304 3155 333 3201 et
357 3144 508 3215 condigna
531 3146 819 3218 recompensacione
839 3162 896 3218 per
918 3146 1097 3218 iobagiones
1121 3151 1241 3203 nostros
1262 3146 1334 3204 dicti
1352 3147 1482 3203 banatus

219 3252 353 3324 persolvi
379 3251 504 3321 faciatis,
529 3251 612 3309 aliud
638 3266 696 3308 non
722 3251 841 3308 facturi.
865 3252 982 3308 Datum
1005 3251 1097 3320 Rode,
1131 3251 1207 3308 feria
1230 3258 1316 3309 sexta
1340 3253 1483 3325 proxima

218 3363 287 3413 ante
310 3356 496 3414 dominicam
521 3358 627 3414 Ramis
650 3358 836 3431 palmarum.
869 3358 959 3413 Anno
989 3356 1108 3414 domini
1140 3356 1249 3414 MCCC
1272 3358 1482 3430 octuagesimo

217 3470 336 3534 quarto.

307 3599 328 3647 E
349 3606 512 3662 transumpto
532 3598 642 3663 capituli
663 3599 848 3664 zagrabiensiS,
868 3615 935 3648 anno
957 3600 1031 3659 1384,
1054 3600 1091 3648 18.
1112 3598 1182 3656 maii,
1202 3604 1230 3647 ut
1249 3597 1325 3647 infra.

810 3847 890 3915 31¹1.

325 3989 401 4035 ,inno
423 3988 496 4047 1384,
517 3997 555 4035 20.
576 3986 677 4050 aprilis.
698 3987 794 4036 Budae.

220 4114 361 4169 Nt'calaas
386 4114 492 4170 Zamba
514 4116 692 4181 taarrrieicaa
715 4124 749 4172 at
769 4117 842 4172 ciras
871 4116 1030 4173 Grelrarrses
1045 4117 1188 4174 ‹laririraim
1205 4118 1356 4174 Dikaaam
1380 4118 1411 4172 iri
1426 4118 1485 4173 exi·

483 4221 552 4276 liam
567 4222 681 4277 rrit'ssam
704 4222 815 4277 daniam
838 4231 1011 4290 repararent,
1037 4223 1211 4296 deprecatur.

309 4364 370 4419 Nos
393 4364 539 4421 Nicolaus
562 4365 687 4433 lambo,
713 4367 859 4438 magister
882 4366 1133 4423 thavarnieorum
1158 4367 1320 4437 regalium.
1344 4367 1417 4436 Vos,
1441 4368 1486 4424 iu-

217 4469 328 4537 dicem,
361 4469 475 4526 iuratos
506 4476 535 4526 et
567 4470 727 4528 universos
758 4472 894 4543 hospites
918 4472 957 4528 de
980 4471 1132 4543 Zagrabia
1156 4472 1290 4545 petimus
1313 4470 1485 4543 diligenter,

219 4579 369 4645 quatenus
401 4574 559 4631 dominam
590 4576 754 4632 Dilrawam
786 4577 880 4634 vestri
912 4577 942 4634 in
973 4576 1111 4633 medium
1136 4577 1221 4633 iuxta
1244 4582 1380 4632 tenorem
1406 4575 1486 4632 litte·

221 4694 326 4735 rarum
350 4680 534 4751 reginalium
559 4696 772 4754 assumpmere
795 4689 824 4739 et
847 4688 1007 4754 acceptare
1031 4682 1142 4752 velitis,
1158 4697 1214 4739 nec
1229 4679 1330 4738 eidem
1347 4680 1486 4753 aliquam

219 4785 396 4842 molestiam
420 4792 449 4843 et
473 4787 684 4845 turbacionem
710 4786 818 4845 inferri
833 4787 987 4845 debeatis.
1010 4787 1128 4845 Datum
1150 4785 1244 4857 Bude,
1275 4785 1352 4844 feria
1375 4792 1488 4859 quarta
