3488 5242
612 362 868 438 Doc.123.124.
896 395 930 403 -
958 361 1013 418 An.
1039 375 1125 438 1322.
1440 377 1497 431 105

322 561 540 634 Praepositum
563 561 709 617 ecclesiae
732 561 939 632 zagrabiensis
964 558 1121 617 confertur
1136 560 1254 642 Jacobo
1273 560 1390 616 cantori
1405 560 1500 616 eccle·

235 669 297 725 siae
320 667 539 739 strigoniensis
562 672 592 723 et
615 667 849 740 archiepiscopo
881 667 1032 723 colocensi
1064 672 1093 722 et
1124 666 1270 738 episcopo
1297 665 1442 722 lauriensi
1465 680 1501 722 ac

238 773 416 847 praeposito
440 771 585 828 ecclesiae
609 772 745 828 albensis
768 773 973 829 committitur
995 777 1028 828 ut
1052 771 1134 829 dicto
1157 772 1283 854 Jacobo.
1307 771 1500 844 praepositu-

234 895 301 936 ram
326 879 414 935 istam
440 877 605 935 conferunt.

322 984 468 1054 Thomae,
493 985 600 1041 lectori
623 984 769 1040 ecclesiae
795 984 975 1054 bachiensis,
1000 982 1157 1040 confertur
1180 982 1446 1040 archidiaconatus
1470 983 1500 1040 in

234 1091 363 1148 ecclesia
379 1091 580 1161 zagrabiensi;
595 1106 631 1146 ac
648 1090 764 1146 cantori
781 1087 931 1146 dasmensi
947 1096 977 1147 et
994 1088 1159 1162 praedictis
1184 1088 1312 1145 Nicolao
1329 1088 1367 1145 de
1383 1089 1500 1146 Fraetis

234 1204 264 1253 et
286 1196 418 1279 Johanni
441 1195 478 1252 dc
503 1196 695 1253 Pontecurvo
720 1194 891 1264 mandatur,
915 1200 948 1251 ut
971 1193 1073 1251 eidem
1089 1194 1235 1263 Thomae‚
1252 1193 1384 1251 eundem
1402 1195 1500 1252 arrhi-

234 1301 427 1359 diaconatum
452 1300 618 1358 conferant,

321 1408 453 1489 Johanni
467 1407 571 1476 Paulo
584 1406 800 1464 archidiacono
816 1405 854 1463 de
868 1405 1011 1476 Worosd,
1024 1405 1182 1464 confertur
1200 1406 1336 1464 cantoria
1354 1406 1501 1463 ecclesiae

233 1514 450 1587 zagrabiensis;
461 1520 490 1570 ct
506 1514 685 1586 praeposito
700 1513 899 1585 zagrabiensi‚
916 1529 951 1569 ac
967 1513 1084 1570 cantori
1100 1511 1250 1570 dasmensi
1270 1520 1300 1569 et
1314 1512 1446 1596 Johanni
1463 1511 1501 1569 de

235 1621 428 1678 Pontecurvo
442 1620 653 1688 committitur,
664 1626 696 1675 ut
709 1618 808 1675 eidem
820 1619 951 1701 Johanni
961 1618 1058 1675 Paulo
1067 1619 1145 1675 hanc
1154 1620 1322 1676 cantoriam
1335 1617 1500 1676 conferant.

323 1737 344 1785 E
363 1752 417 1801 reg.
438 1735 505 1801 orig.
524 1736 651 1802 Johanuis
671 1735 762 1793 xxll,
783 1752 822 1785 an.
843 1735 1083 1785 v11.n.Theiner.
1104 1735 1173 1785 lion.
1188 1736 1275 1800 Hung.
1290 1734 1348 1784 hist.
1367 1735 1386 1785 1.
1401 1752 1425 1801 p.
1439 1737 1497 1797 483.

825 1951 906 2016 123.

339 2079 415 2126 Anno
438 2086 510 2134 1322,
535 2087 572 2138 14.
593 2076 718 2126 octobris.
737 2075 891 2141 Zagrabiae.

240 2205 360 2262 Carolus
384 2207 560 2278 lr'aagarrae
583 2213 629 2262 etc.
653 2224 707 2261 rex
729 2224 857 2261 ananum
880 2223 991 2262 contram
1014 2207 1138 2279 quinque
1162 2221 1326 2260 marcarum
1351 2204 1502 2260 conventui

234 2311 293 2367 ord.
326 2312 507 2368 ct'stcncicnst's
531 2331 550 2367 a
573 2319 666 2369 carbo
698 2311 792 2369 Sused
818 2313 971 2385 quotannis
1000 2329 1081 2385 quem
1103 2311 1257 2379 solvebant,
1283 2309 1369 2366 etitem
1396 2311 1427 2365 in
1445 2319 1499 2383 po·

741 2425 845 2474 stanam
869 2417 998 2474 concedit.

322 2543 452 2600 Carolus
476 2544 524 2600 dci
548 2545 651 2615 gracia
675 2560 728 2601 rex
754 2544 918 2615 Hungarie.
941 2543 1040 2601 Fideli
1056 2559 1112 2600 suo
1128 2544 1297 2600 castellano
1313 2543 1351 2600 de
1368 2542 1499 2600 Zomzed

233 2665 313 2705 nunc
337 2656 366 2705 et
390 2665 447 2722 pro
471 2658 611 2722 tempore
635 2651 800 2707 constituto
823 2650 1001 2707 salutemet
1018 2650 1163 2722 graciam.
1188 2650 1268 2722 Quia
1289 2649 1500 2707 intelleximus

235 2758 336 2827 ipsum
362 2763 502 2812 castrum
523 2764 661 2812 nostrum
685 2755 815 2812 Zomzed
841 2756 870 2812 in
895 2762 976 2813 terra
993 2757 1121 2813 ecclesie
1141 2757 1229 2812 beate
1246 2755 1375 2828 virginis
1390 2754 1429 2811 de
1445 2753 1499 2811 Za-

232 2861 341 2931 grabia
364 2876 429 2917 esse
453 2867 670 2918 constructum.
693 2871 723 2918 et
747 2877 803 2934 per
826 2862 906 2929 illos,
931 2862 984 2934 qui
1010 2862 1156 2918 hactenus
1172 2860 1345 2934 predictum
1362 2870 1497 2918 castrum

232 2974 394 3023 tenuerunt
415 2974 444 3023 et
469 2966 669 3039 possederunt
693 2968 800 3026 abbati
824 2975 854 3025 et
879 2966 1027 3025 fratribus
1051 2968 1113 3024 suis
1141 2967 1171 3024 in
1205 2966 1344 3040 predicta
1369 2966 1498 3023 ecclesia

233 3074 320 3129 beate
344 3074 473 3145 virginis
497 3075 770 3143 commorantibus,
794 3090 852 3148 pro
871 3075 1002 3132 utilitate
1019 3084 1099 3131 terre
1115 3075 1146 3131 in
1162 3089 1223 3146 qua
1238 3074 1341 3146 ipsum
1361 3079 1497 3130 castrum

232 3186 277 3235 est
308 3180 454 3236 situatum
485 3180 614 3250 singulis
645 3181 731 3237 annis
763 3183 899 3253 quinque
931 3196 1049 3237 marcas
1074 3181 1268 3253 persolvisse.
1291 3179 1444 3235 Volumus
1468 3184 1497 3234 et

234 3284 374 3342 fidelitati
400 3294 449 3341 tue
474 3285 605 3342 tirmiter
628 3286 738 3343 damus
761 3288 790 3344 in
815 3287 976 3357 mandatis
1001 3295 1151 3359 quatenus
1174 3286 1279 3343 abbati
1297 3284 1434 3357 predicte
1450 3301 1498 3341 ec·

230 3390 324 3448 clesic
357 3392 444 3448 beate
475 3392 603 3463 virginis
634 3402 663 3449 et
696 3393 843 3450 tratribus
874 3395 904 3450 in
937 3393 1045 3450 eadem
1078 3392 1343 3450 commorantibus
1368 3391 1498 3462 singulis

233 3497 319 3553 annis
351 3497 380 3553 in
411 3498 527 3553 octavis
560 3499 640 3555 beati
672 3499 830 3555 llichaelis
861 3499 1038 3571 archangeli
1069 3513 1174 3555 coram
1206 3497 1343 3570 capitulo
1371 3497 1498 3554 ecclesie

233 3602 423 3673 zagrabiensi
448 3604 583 3674 quinque
613 3619 733 3661 marcas
764 3603 962 3663 denariorum
986 3605 1145 3662 banalium
1177 3619 1234 3677 pro
1259 3602 1392 3660 utilitate
1416 3609 1496 3660 terre

231 3706 407 3779 supradicte
438 3707 511 3765 dare
543 3716 572 3766 et
604 3711 782 3782 persolvere
818 3710 939 3780 debeas,
975 3727 1061 3767 secus
1097 3709 1197 3767 facere
1230 3723 1291 3767 non
1327 3723 1496 3782 presumas.

231 3812 346 3869 Datum
369 3812 526 3885 Zagrabie,
551 3814 684 3872 secundo
708 3816 757 3873 die
781 3816 1007 3889 quindenarum
1031 3817 1113 3873 beati
1134 3814 1292 3872 Michaelis
1312 3813 1497 3886 archangeli.

231 3919 320 3974 Anno
344 3918 461 3977 domini
486 3921 654 3977 lttssctl'xx
678 3922 819 3979 secundo.

326 4038 529 4102 Etransumpto
550 4038 627 4103 capit.
646 4039 750 4103 zngrab.
771 4043 803 4089 dc
822 4056 861 4090 an.
888 4051 960 4100 1545.
987 4043 1026 4090 Ex
1052 4041 1122 4091 arch.
1149 4057 1204 4091 ven.
1232 4041 1310 4106 capit.
1336 4039 1440 4104 zagrab.
1467 4039 1496 4089 lu

231 4126 387 4174 membrana.

820 4255 904 4320 124.

338 4341 412 4387 rinno
436 4349 509 4396 1322,
533 4350 569 4399 14.
592 4340 715 4391 octobris.

236 4448 357 4504 Garoias
392 4450 564 4520 Hmrgarr'aa
593 4459 640 4508 otc.
670 4471 723 4508 rar
753 4453 946 4508 resonent-nlo
970 4453 1156 4525 privilegiam
1179 4454 1268 4511 Bolae
1292 4455 1346 4511 IV.
1370 4456 1446 4528 regis
1464 4455 1498 4511 de

350 4555 526 4611 libertatibus
548 4557 655 4612 cinnbns
685 4556 891 4615 Grechcnsibns
914 4543 1267 4628 cenomannicorum
1290 4560 1381 4617 babet.

320 4696 455 4753 Karolus
481 4697 529 4754 dei
560 4700 664 4771 gracia
694 4701 859 4772 ilungarie,
894 4701 1063 4771 Dalmacie,
1094 4701 1230 4763 Croacie.
1251 4702 1357 4772 Ramc,
1381 4701 1496 4772 Seruie,

234 4800 373 4871 Galliae,
398 4802 589 4875 Lodomerie‚
613 4805 764 4878 Bnlgarie,
789 4806 999 4879 Cumanieque
1022 4821 1084 4864 rex.
1108 4806 1262 4864 Omnibus
1283 4794 1399 4866 Christi
1422 4808 1497 4869 fide-
