3488 5242
621 294 694 350 Dec.
718 292 783 370 416
814 301 882 370 417.
911 324 945 332 -
973 291 1028 347 An.
1054 303 1144 367 1399.

248 495 420 564 testacione,
452 499 614 551 annotatus
649 492 792 549 dominus
822 492 954 574 Joannes
978 497 1093 557 cantor,
1116 490 1294 547 nominibus
1317 496 1347 546 et
1371 491 1510 562 personis

246 601 417 674 prescripte
440 600 567 656 ecclesie
591 598 749 670 futurique
765 598 902 671 episcopi
919 605 949 654 et
965 597 1092 669 capituli
1109 584 1315 668 ragrabiensis
1333 603 1512 653 annotatum

247 705 407 763 dominum
440 711 581 761 nostrum
612 718 718 775 regem
750 718 767 759 a
800 702 967 759 donacione
999 709 1028 758 et
1059 703 1297 774 perpetuacione
1321 701 1394 758 dicti
1421 702 1511 759 castri

248 811 367 868 lledire
391 817 420 867 et
443 824 570 866 suarum
594 809 861 882 pertinenciarum
894 806 1091 881 prefatosque
1113 807 1275 863 dominum
1299 806 1512 864 liberhardum

247 916 436 990 episcopum,
471 915 708 971 Petermannum
736 921 765 969 et
788 913 1003 970 llermannum
1027 928 1062 969 ac
1086 913 1164 969 alios
1187 913 1343 984 quoslibet
1367 928 1384 968 a
1408 929 1513 985 recep·

246 1023 341 1090 cione‚
375 1021 552 1078 detencione
579 1025 608 1076 et
640 1020 853 1092 occupacione,
885 1018 1104 1091 fructuumque
1128 1024 1158 1074 et
1181 1018 1350 1075 utilitatum
1373 1018 1511 1074 eiusdem

246 1134 275 1184 et
299 1143 425 1183 suarum
457 1126 717 1198 pertinenciarum
745 1125 946 1198 percepcione
971 1125 1020 1180 vel
1045 1124 1107 1180 alio
1131 1125 1241 1195 quovis
1265 1125 1385 1195 quesito
1407 1124 1510 1180 colore

246 1249 278 1290 se
302 1233 339 1289 ad
365 1233 448 1289 idem
473 1233 522 1288 vel
547 1232 670 1288 easdem
695 1231 922 1287 intromissione
946 1229 1034 1287 factis
1057 1230 1107 1285 vel
1133 1228 1242 1285 fiendis
1263 1229 1423 1301 prohibuit
1440 1244 1510 1285 con-

246 1323 477 1395 tradicendo'et
501 1335 686 1394 contradixit
716 1335 884 1393 inhibendo
915 1336 1109 1408 presencium
1133 1340 1308 1391 nostrarum
1332 1335 1508 1391 testimonio

247 1444 429 1500 litterarum.
462 1443 577 1498 Datum
603 1442 696 1498 tercio
719 1441 768 1497 die
792 1440 852 1497 dici
874 1440 942 1497 festi
968 1441 1192 1512 assumpcionis
1216 1440 1344 1511 virginis
1367 1441 1510 1511 gloriose.

246 1551 336 1604 Anno
360 1548 477 1604 domini
502 1546 756 1604 lllCCCLXXXX
779 1561 868 1603 nono,

334 1681 446 1732 Farlati:
473 1681 540 1730 lllir.
561 1697 623 1733 sacr.
645 1687 705 1730 torn.
726 1681 757 1730 V.
778 1697 801 1746 p.
821 1695 880 1742 440.

832 1965 919 2030 416.

350 2108 426 2154 Anno
449 2115 523 2167 1399,
543 2113 582 2159 27.
603 2104 767 2170 septembris.
788 2105 818 2154 ln
838 2105 963 2155 itombro.

332 2235 528 2292 Eberharrlus
559 2236 723 2309 episcopus
753 2235 959 2306 zagrabicnsis
990 2234 1042 2291 dat
1079 2235 1184 2292 literas
1216 2251 1272 2308 pro
1301 2235 1438 2308 capitulo
1469 2235 1507 2292 ad

241 2342 362 2398 nobiles
393 2342 484 2397 castri
515 2341 632 2409 lledue,
657 2341 695 2397 de
722 2357 833 2414 campo
856 2342 1055 2411 zagrabiensi,
1080 2342 1193 2413 quibus
1217 2342 1299 2412 dicit,
1324 2341 1503 2414 quodlicet

242 2446 279 2502 ad
304 2463 412 2503 eorum
437 2447 643 2519 querimonias
668 2446 842 2518 frequentes
870 2461 922 2502 eos
952 2448 1068 2503 ratione
1092 2446 1281 2503 decimarum
1304 2462 1364 2503 non
1385 2447 1507 2504 solven-

244 2552 354 2609 darum
379 2553 514 2625 capitulo
536 2553 713 2624 protexerit,
739 2558 840 2608 tamen
865 2554 937 2624 quia
960 2553 1131 2625 capitulum
1156 2553 1296 2610 exhibuit
1320 2554 1379 2626 ipsi
1401 2553 1505 2610 literas

245 2659 358 2728 quibus
391 2659 437 2713 ius
469 2656 641 2713 decimandi
673 2657 827 2730 probavit,
859 2658 1016 2730 soliusque
1054 2657 1243 2729 Sigismundi
1285 2659 1365 2729 regis
1392 2659 1506 2728 literas,

244 2764 358 2834 quibus
382 2763 437 2819 illc
459 2763 610 2835 praecipit
633 2764 717 2834 ipsos
740 2763 898 2835 compelli,
914 2779 984 2819 cum
1002 2778 1059 2819 non
1078 2764 1174 2836 possit
1195 2764 1238 2819 eis
1258 2764 1367 2820 litteris
1385 2769 1507 2820 contra·

245 2869 356 2929 venire.
393 2866 518 2924 mandat
552 2867 665 2924 eisdem
702 2877 735 2923 ut
769 2883 840 2924 cum
871 2869 1008 2940 capitulo
1033 2870 1148 2925 ratione
1180 2867 1370 2925 decimarum
1395 2883 1506 2924 conve·

242 2975 333 3043 niant,
365 2974 441 3030 alias
464 2972 537 3029 dicit
561 2989 593 3028 se
616 2973 753 3045 capitulo
783 2975 982 3042 commisisse,
1007 2981 1040 3030 ut
1064 2976 1093 3031 in
1117 2981 1312 3031 contumaces
1337 2973 1505 3031 interdictis

242 3079 397 3151 procedat,
428 3080 531 3150 aitque
560 3094 592 3134 se
623 3077 768 3134 mandare
797 3080 947 3151 parochis,
971 3087 1003 3135 ut
1028 3079 1223 3136 interdictum
1248 3080 1447 3152 promulgent
1475 3080 1503 3135 in

241 3185 295 3240 tali
324 3201 412 3251 casu;
443 3185 548 3239 literas
579 3183 688 3240 deinde
719 3185 748 3240 in
784 3184 1055 3241 favoremeadem
1081 3185 1166 3257 prius
1191 3184 1278 3240 datas
1302 3184 1438 3241 declarat
1462 3187 1505 3241 in-

242 3290 367 3346 validas.
393 3290 507 3346 Datum
532 3291 562 3346 in
588 3290 736 3358 ilombro,
770 3290 847 3347 l'esto
878 3297 1052 3345 sanctorum
1077 3291 1207 3345 t'osmae
1230 3299 1258 3345 et
1283 3289 1433 3346 Damiani.
1459 3286 1502 3366 (ln

242 3402 435 3469 transumpto
463 3395 598 3451 Ladislai
622 3396 723 3471 regis.)

327 3531 349 3579 E
369 3539 463 3592 regest.
485 3531 595 3595 Gcorgii
615 3532 791 3581 Marcelloriii.
812 3533 886 3582 MSC.
909 3532 933 3580 iu
954 3533 1017 3580 bibl.
1035 3541 1145 3596 metrop.
1165 3534 1268 3593 zagrab.
1289 3534 1336 3581 col.
1359 3543 1398 3590 37.
1419 3549 1457 3581 nr.
1479 3544 1501 3590 3.

830 3799 914 3865 417.

240 3941 381 3997 liliosam
404 3942 437 3997 dr
462 3942 579 3999 Zalmrk
601 3960 696 3998 coram
718 3950 855 3998 contritio
879 3943 1046 3998 monasterii
1067 3942 1274 4001 eurarlr'nrrtsi'r.
1291 3943 1403 3998 ariaratiae
1425 3944 1502 4015 rapi-

238 4048 295 4101 tulr'
315 4049 375 4103 errl.
400 4047 516 4117 stirmis).
540 4048 574 4104 dr
593 4057 687 4105 rastra
711 4048 838 4105 illationi
864 4066 897 4103 nc
927 4049 1072 4103 niellatas·
1102 4049 1203 4104 triburi
1231 4050 1260 4103 in
1282 4055 1371 4120 porta
1405 4047 1503 4103 Sarna·

239 4169 344 4206 rrrrrrrm
368 4154 455 4209 ru'llrre
479 4152 618 4210 Slanuru’r
632 4155 709 4227 filiis
733 4154 880 4226 li'irdolplu'
900 4154 933 4210 dc
956 4153 1047 4209 Allien
1068 4173 1086 4208 a
1102 4172 1167 4223 retr
1183 4153 1303 4216 daliotti,
1326 4153 1499 4209 rruitrndr'ril.

345 4293 419 4339 llnno
443 4301 514 4353 1390.
538 4295 575 4340 16.
596 4293 720 4342 octobris.

327 4418 388 4474 Nos
412 4425 579 4476 conventus
605 4422 780 4477 monasterii
805 4421 1030 4478 waradincnsis.
1058 4422 1204 4478 liemorie
1237 4420 1498 4480 commendamus.

187 4503 191 4511 ⁸
238 4523 319 4594 quod
347 4523 499 4593 Nicolaus‚
524 4524 561 4581 ‹le
589 4524 712 4581 Zalnulr¹
738 4525 845 4594 dictus,
879 4527 908 4582 in
940 4527 1079 4598 personis
1110 4533 1138 4582 et
1168 4525 1344 4581 nominihus
1373 4527 1500 4581 ecclesie

237 4630 443 4697 zagrabiensis
468 4644 582 4686 necnon
608 4630 701 4686 laturi
727 4631 864 4704 episcopi
888 4640 916 4687 ct
941 4632 1068 4705 capituli
1092 4632 1219 4688 ecclesie
1239 4631 1376 4687 eiusdem
1394 4647 1497 4687 coram

236 4735 326 4790 nobis
342 4735 546 4808 personaliter
562 4734 770 4808 comparendo
786 4751 842 4807 per
858 4736 986 4793 modum
1003 4737 1237 4811 protestaclonis
1259 4745 1287 4792 et
1305 4737 1499 4793 inhibicionis

1360 4853 1394 4900 26
