3488 5242
253 317 313 372 226
674 312 745 368 Duc.
770 324 840 386 245.
868 343 904 351 —
930 309 986 366 An.
1011 304 1098 384 1361.

251 511 472 583 premissarum
504 510 678 567 litteramm
709 507 862 579 regalium
893 522 1040 578 generose
1067 506 1167 563 eidem
1199 506 1336 578 capitulo
1359 520 1515 562 concessa·

250 631 319 672 rum
352 614 390 672 de
422 615 538 672 eisdem
569 614 766 671 dominorum
800 613 881 685 regis
912 620 942 669 et
973 613 1077 684 regine
1109 612 1268 669 voluntate
1299 618 1328 668 et
1359 626 1516 680 consensu,

250 727 314 778 tam
342 736 400 794 pro
432 728 519 794 parte
546 724 659 789 nostra,
687 734 780 791 quam
809 733 866 791 pro
893 724 982 791 parte
1012 718 1221 791 predictorum
1253 719 1368 775 civium
1400 725 1430 774 et
1463 717 1516 773 ho·-

251 829 367 899 spilum
392 826 430 883 de
454 826 554 884 Grech
572 825 771 882 solummodo
803 825 832 880 in
857 824 925 896 ipso
948 825 1080 881 articulo
1104 823 1280 896 calumpnie
1303 829 1332 879 et
1356 824 1421 879 eius
1448 838 1517 893 gra·

251 933 436 1002 vaminibus,
458 932 589 988 nexibus
616 937 645 987 et
672 930 839 987 honeribus
863 929 1023 1002 expeditos
1047 930 1169 1002 penitus
1196 935 1225 986 et
1254 945 1309 1002 per
1331 929 1435 985 omnia
1462 930 1517 984 ab·

250 1037 369 1094 solutos
404 1036 596 1093 reddidimus
633 1042 663 1093 et
690 1035 911 1105 commisimus
942 1050 1016 1107 ymo
1045 1035 1205 1091 reddimus
1235 1040 1264 1090 et
1294 1035 1517 1091 committimus

251 1143 446 1214 presencium
470 1143 548 1198 serie
572 1141 742 1211 mediante;
766 1140 912 1214 predictis
936 1146 1039 1197 autem
1063 1139 1165 1208 iudici,
1190 1141 1296 1196 iuratis
1317 1146 1346 1195 et
1363 1140 1515 1196 universis

251 1248 373 1304 civibus
396 1255 424 1304 et
450 1248 625 1320 hospitibus
649 1247 728 1303 dicte
745 1247 878 1303 civitatis
901 1245 1085 1303 Grechensis
1101 1261 1272 1318 eorumque
1288 1246 1517 1302 successoribus

251 1354 432 1410 auctoritate
455 1351 623 1409 eorundem
656 1351 853 1408 dominorum
886 1352 966 1422 regis
990 1357 1019 1408 et
1042 1351 1146 1422 regine
1169 1367 1204 1407 ac
1227 1357 1332 1408 nostra
1356 1350 1514 1407 iudiciaria

251 1464 402 1531 potestate
425 1460 454 1516 in
480 1458 631 1532 premisso
663 1457 863 1514 solummodo
896 1457 1073 1529 calumpnie
1101 1457 1232 1513 articulo
1262 1458 1323 1513 iam
1352 1457 1454 1529 sopito
1478 1472 1516 1512 ex

250 1580 330 1620 nunc
354 1570 539 1637 perpetuum
563 1563 725 1620 silencium
749 1561 895 1618 duximus
919 1561 1152 1634 imponendum.
1176 1561 1235 1619 Sed
1261 1563 1333 1634 quia
1350 1563 1410 1635 ipsi
1431 1563 1514 1618 cives

252 1675 282 1725 et
306 1670 443 1741 hospites
468 1668 658 1726 Grechenses
682 1669 713 1724 in
738 1673 801 1724 tarn
825 1667 971 1739 longinha
991 1650 1062 1724 litis
1093 1668 1296 1725 ventilacione
1319 1672 1348 1724 et
1373 1684 1516 1740 prosecu-

253 1776 339 1831 cione
364 1774 500 1846 predicte
530 1788 619 1830 cause
651 1773 783 1829 maiores
815 1771 938 1829 labores
969 1774 1107 1846 perpessi
1139 1774 1282 1843 extitisse,
1314 1774 1517 1845 copiososque

252 1896 457 1954 expensarum
481 1885 624 1952 sumptus
648 1877 754 1935 fecisse
785 1877 1032 1949 dinoscebantur,
1064 1878 1132 1936 ideo
1155 1879 1193 1935 de
1221 1878 1367 1936 mandato
1391 1885 1420 1936 et
1445 1896 1514 1952 pre-

251 1992 341 2058 cepto
361 1985 571 2058 predictorum
595 1984 792 2041 dominorum
816 1985 898 2055 regis
921 1991 951 2041 et
975 1985 1078 2056 regine
1094 1985 1306 2042 commisimus
1326 1991 1356 2042 et
1372 1986 1515 2041 commit-

251 2091 354 2161 timus,
380 2097 414 2147 ut
435 2090 518 2147 idem
531 2090 702 2163 capitulum
721 2089 848 2146 ecclesie
863 2091 1070 2161 zagrabiensis
1086 2090 1202 2147 eisdem
1219 2091 1340 2147 civibus
1357 2090 1395 2146 de
1413 2090 1513 2147 Grech

251 2197 475 2270 quinquaginta
507 2210 626 2252 marcas
657 2195 809 2251 budenses
841 2195 871 2252 in
902 2196 1056 2268 promptis
1087 2195 1228 2263 denariis,
1260 2195 1455 2252 medietatem
1485 2197 1514 2252 in

251 2303 368 2360 octavis
391 2302 459 2359 sesti
484 2302 567 2359 beati
588 2300 695 2383 Jacobi
720 2301 854 2374 apostoli
875 2309 905 2357 et
928 2301 1125 2359 medietatem
1149 2303 1180 2358 in
1202 2302 1319 2358 octavis
1345 2300 1413 2358 sesti
1430 2301 1512 2357 beati

252 2408 421 2479 Mychaelis
445 2407 622 2478 archangeli
647 2413 717 2480 post
740 2423 805 2464 sese
828 2415 1049 2479 consequenter
1080 2409 1312 2465 occurrentibus
1337 2408 1515 2480 persolvere

252 2518 411 2570 teneantur
434 2527 539 2569 coram
569 2512 667 2581 nobis,
699 2527 809 2584 penam
842 2512 931 2585 dupli
963 2513 1115 2569 incursuri
1143 2513 1168 2568 si
1202 2513 1338 2584 aliquem
1363 2512 1516 2568 dictorum

252 2619 454 2675 terminorum
479 2618 661 2674 obmiserint
684 2617 714 2674 in
738 2617 896 2674 solvendo.
913 2618 945 2673 ln
963 2618 1048 2674 cuius
1064 2619 1108 2674 rei
1125 2619 1334 2675 testimonium
1360 2626 1517 2689 presentes

252 2724 370 2780 litteras
394 2731 514 2779 nostras
537 2723 750 2795 privilegialcs
774 2723 935 2795 pendentis
958 2733 987 2779 et
1010 2725 1153 2780 autentici
1178 2725 1273 2795 sigilli
1297 2725 1392 2779 nostri
1418 2725 1516 2780 muni·

252 2830 335 2886 mine
352 2831 513 2886 roboratas
530 2829 630 2886 eidem
647 2830 785 2901 capitulo
800 2831 991 2900 zagrabiensi
1008 2830 1154 2886 duximus
1170 2829 1387 2886 concedendas.
1402 2830 1515 2886 Datum

252 2937 283 2993 in
299 2934 497 3007 Wyssegrad‚
523 2935 675 3006 vigesimo
699 2935 749 2993 die
760 2943 940 2992 octavarum
958 2936 1018 2993 diei
1036 2937 1172 2992 cinerum
1191 2936 1407 3009 predictarum.
1427 2939 1516 2993 Anno

252 3039 369 3096 domini
394 3040 503 3096 Mt'CC
527 3041 718 3111 sexagesimo
742 3041 852 3113 primo.

341 3175 362 3222 E
376 3181 540 3238 transumpto
555 3174 684 3223 Ludovici
699 3174 770 3237 regis
784 3174 936 3238 llungariae
951 3191 1017 3224 anno
1036 3177 1107 3233 1361.
1122 3175 1151 3224 In
1165 3177 1233 3224 arch.
1250 3193 1304 3225 ven,
1319 3177 1396 3240 capit.
1412 3179 1514 3239 zngrnb.

252 3262 313 3312 fasc.
334 3274 374 3322 24.
394 3279 433 3312 nr.
452 3276 476 3323 4.

830 3475 918 3540 243.

358 3635 434 3682 Anno
457 3635 529 3691 1361,
550 3634 572 3681 (r.
592 3632 714 3694 Augusti.
735 3632 888 3696 Zagrabiae.

253 3759 415 3816 Ludoru'cur
438 3761 614 3830 llungariuc
645 3768 691 3816 etr.
722 3779 785 3829 rex,
816 3762 981 3816 sententiam
1003 3761 1153 3836 solvamus
1182 3763 1335 3825 lorrorm'cv'.
1358 3781 1417 3834 qua
1440 3764 1515 3834 rapi-

253 3868 343 3922 tulum
359 3867 475 3936 aegras).
492 3886 511 3922 a
524 3868 697 3937 gruaranzr'ne
712 3867 881 3935 (aliamniae,
897 3867 927 3922 in
943 3882 1031 3922 cansa
1051 3874 1151 3922 contro
1166 3868 1306 3922 ciuitatem
1329 3867 1515 3924 Grcrlrrnsrm

566 3992 652 4047 quam
676 3972 787 4044 agebat,
811 3972 977 4041 absolvitur,
1000 3980 1096 4028 rotam
1119 3973 1208 4030 habel.

341 4116 513 4173 Lodouicus
536 4117 585 4175 dei
608 4119 711 4188 gracia
732 4134 786 4173 rex
803 4118 969 4187 Hungarie,
986 4118 1155 4186 Dalmacie‚
1172 4118 1306 4186 Croacie,
1324 4118 1428 4188 Rome,
1448 4118 1516 4176 Ser·

252 4223 311 4292 uie,
335 4222 475 4292 Gallicie,
498 4223 690 4293 Lodomerie‚
715 4222 863 4279 Cumanie
896 4222 1100 4294 Bulgarieque
1124 4239 1185 4292 rex,
1212 4224 1354 4295 princeps
1383 4224 1516 4281 Salerni·

254 4333 342 4384 tanus
365 4336 394 4384 el
418 4328 551 4385 Honoris
574 4321 633 4405 (ac)
657 4329 771 4384 montis
795 4328 890 4384 sancti
914 4328 1026 4398 Angeli
1050 4327 1201 4384 dominus.
1224 4329 1377 4384 Omnibus
1401 4330 1515 4386 Christi

255 4432 400 4490 fidelibus
415 4435 609 4506 presentibus
626 4435 742 4507 pariter
757 4440 786 4490 ct
804 4434 914 4490 suturis
931 4435 1123 4506 presencium
1142 4435 1285 4490 noticiam
1302 4435 1454 4493 habituris
1470 4452 1515 4491 sa-

253 4538 349 4595 lutem
375 4541 405 4596 in
428 4541 568 4597 omnium
592 4541 753 4597 salvatore.
787 4540 833 4596 De
863 4540 1057 4610 singulorum
1088 4540 1265 4612 provisione
1292 4541 1358 4597 sive
1384 4541 1515 4597 comodo

253 4645 386 4716 solliciti,
409 4646 489 4703 circa
513 4652 648 4703 sanctam
673 4654 804 4702 matrem
829 4645 999 4715 ecclesiam,
1024 4661 1117 4717 quam
1141 4646 1224 4702 cultu
1244 4662 1428 4703 veneramur
1444 4664 1513 4719 pre·

255 4749 354 4825 cipu0,
377 4766 483 4809 curam
507 4751 656 4809 debemus
680 4749 858 4824 impendere
882 4751 1056 4823 specialem,
1081 4756 1114 4808 ut
1137 4751 1168 4807 iu
1191 4766 1226 4807 ea
1243 4750 1301 4807 deo
1331 4750 1515 4809 famulantes
