3488 5242
758 350 945 422 Argumenta.
1359 348 1499 408 CCXVII

234 635 294 694 388.
313 637 390 684 Α111
411 634 486 696 1396,
506 631 642 695 39111111.
671 633 774 697 Propre
801 630 893 681 villam
920 630 1020 680 lludos.
1048 629 1172 681 Detricus
1191 628 1283 680 Bubelr
1303 556 1491 689 banasam·

312 724 456 773 castellano
475 722 507 770 de
527 720 640 770 Medeed
658 719 767 782 eiusque
795 717 1010 775 vicecastellanis,
1039 733 1072 768 ne
1095 719 1128 767 de
1147 717 1228 782 lignis
1256 731 1306 783 pro
1324 718 1394 768 aedi·

313 809 381 859 ficiis
400 809 498 859 civium
517 807 706 858 Grechensiurn
725 804 908 859 conducendis,
928 805 954 855 in
973 810 1055 870 portu
1074 806 1156 857 Sarae
1175 820 1223 870 per
1242 806 1395 856 decennium

313 897 445 948 tributum
465 897 610 961 exigerent,
630 894 761 961 praecipit
779 917 1390 934 ···································
1449 900 1498 952 371

233 1004 292 1066 389.
312 1006 386 1052 Anno
408 1003 482 1066 1396,
502 1012 544 1060 3ο,
564 1000 630 1064 Julii
651 996 737 1066 Prope
754 1000 848 1051 villam
859 999 963 1050 Hudos.
976 997 1106 1062 Johannes
1120 999 1217 1065 Higed,
1230 1001 1386 1050 castellanus

314 1091 345 1139 de
365 1090 484 1147 Medved,
504 1087 714 1139 vicecastellanis
732 1087 786 1137 suis
804 1092 834 1137 ut
853 1087 886 1136 ab
904 1087 1040 1137 exactione
1059 1087 1155 1138 tributi
1176 1087 1204 1137 in
1222 1093 1302 1152 portu
1312 1088 1394 1140 Sarae

313 1179 344 1227 de
362 1176 536 1228 conducendis
555 1175 635 1240 lignis
655 1190 703 1240 pro
723 1189 771 1224 usu
789 1173 889 1224 civium
908 1174 1105 1231 Grecheusium
1115 1190 1163 1240 per
1182 1175 1337 1225 decennium
1349 1176 1393 1225 de·

313 1265 413 1322 sistant,
433 1264 563 1330 praecipit
581 1287 1388 1304 ·············································
1449 1272 1498 1323 371

237 1380 296 1434 390.
316 1373 393 1420 Anno
415 1372 489 1431 1396,
509 1385 533 1432 9.
554 1369 679 1422 octobris.
699 1369 786 1420 Crisii.
806 1368 937 1419 Martinus
956 1368 1024 1419 Ders
1044 1368 1184 1418 vicebanus
1204 1367 1395 1428 11111111οωί-

315 1474 357 1508 nes
376 1457 492 1524 episcopi
513 1463 538 1506 et
557 1457 668 1522 capituli
687 1456 794 1522 zagrab.
813 1455 839 1506 11
859 1455 1015 1506 sedecimam
1043 1461 1146 1521 partem
1175 1456 1336 1507 decimarum
1361 1456 1396 1506 ci·

314 1545 390 1595 vibus
410 1545 602 1595 Grechensibus
620 1544 745 1602 debitam,
764 1543 881 1610 exegisse
887 1567 1390 1584 ·····························
1450 1552 1501 1603 371

235 1660 295 1714 391.
314 1652 390 1701 Anno
412 1651 486 1713 1396,
508 1660 548 1709 13.
567 1648 692 1700 octobris.
712 1648 866 1715 Zagrabiae.
893 1648 1019 1699 Detricus
1036 1648 1129 1699 Bubelr
1152 1649 1235 1700 banus
1255 1650 1281 1698 in
1305 1664 1390 1707 causa,

317 1753 384 1800 quae
402 1737 434 1788 de
454 1737 615 1803 possessione
635 1737 761 1803 ltresthjrt
779 1736 917 1802 agebatur,
938 1737 1080 1787 terminum
1093 1737 1262 1803 comparendi
1275 1738 1397 1803 partibus

315 1832 444 1894 prorogat
455 1850 1389 1867 ·····················································

236 1941 297 1996 392.
317 1934 394 1981 Anno
416 1931 490 1995 1396,
509 1941 524 1989 3
545 1930 700 1980 decembris.
719 1930 873 1997 Zagrabiae.
893 1930 970 1981 Cives
989 1931 1148 1981 Grechenses
1169 1946 1259 1981 coram
1278 1932 1395 1983 Martino

316 2020 392 2077 Ders,
413 2019 548 2076 vicebano,
568 2025 767 2082 conqueruntur
786 2026 877 2068 contra
895 2018 1039 2084 Johannem
1059 2020 1091 2067 de
1110 2019 1200 2077 Zeech,
1227 2019 1337 2082 eiusque
1356 2034 1396 2069 ca·

316 2109 456 2158 stellauum
469 2107 615 2157 ,Nicolaum
635 2107 713 2165 Heer,
727 2106 773 2169 qui
787 2107 890 2170 aliquas
903 2106 1078 2172 possessiones
1091 2106 1210 2172 ipsorum
1223 2115 1309 2158 castro
1322 2095 1396 2159 Zella

316 2195 499 2263 appropriare,
519 2210 548 2244 ac
567 2194 706 2244 duodecim
726 2195 796 2244 cives
815 2195 931 2246 detinere
949 2195 1084 2259 nitebatur
1099 2221 1391 2235 ·················

238 2310 297 2365 393.
318 2305 394 2351 Auno
416 2303 491 2364 1396.
511 2311 553 2351 20.
573 2300 728 2350 decembris.
747 2300 900 2365 Zagrabiae.
926 2301 1397 2352 111111111111111111111911111-

318 2405 377 2440 rum
395 2392 427 2440 de
446 2388 565 2454 capitulo
585 2388 611 2437 in
630 2388 760 2438 suburbio
779 2388 895 2439 civitatis
915 2389 1078 2444 Greehensis.
1098 2390 1124 2439 in
1144 2389 1203 2439 vico
1222 2389 1397 2442 Theutonico·

315 2492 375 2528 rum
394 2477 474 2534 dicto,
495 2491 563 2539 quae
581 2482 807 2541 perpetraverant,
828 2476 986 2527 refuruntur
992 2503 1390 2519 ·······················

237 2593 296 2648 394.
317 2586 392 2634 „tuno
416 2585 488 2643 1396,
509 2594 550 2635 21.
570 2582 724 2633 decembris.
744 2583 900 2649 Zagrabiae.
922 2583 1053 2634 Martinus
1078 2583 1146 2636 Ders
1166 2584 1312 2641 vicebanus.
1332 2599 1396 2648 quo·

316 2673 395 2722 modo
415 2670 516 2722 domini
545 2672 577 2721 de
604 2671 722 2737 capitulo
751 2686 810 2721 cum
828 2670 883 2721 suis
901 2671 1054 2723 homiuibus
1081 2673 1285 2738 depredaverint
1307 2673 1399 2737 eliqua

316 2760 466 2811 molendina
494 2767 519 2812 et
545 2760 718 2826 possessiones
746 2759 845 2809 civium
868 2760 1071 2811 Grechensium:
1100 2760 1228 2819 Graeane,
1256 2760 1353 2811 Dedic'i
1373 2768 1399 2811 et

316 2836 479 2907 l‘ruomerec,
499 2847 581 2898 refert
602 2871 1394 2888 ·············································

239 2961 298 3017 395.
318 2957 394 3004 Anno
417 2962 490 3016 1397,
515 2955 541 3004 6.
565 2952 688 3018 januarii.
715 2952 869 3017 Zagrobiae.
901 2953 1055 3019 Capitulum
1083 2954 1252 3019 zagrabieuse
1280 2954 1396 3005 incrimi-

317 3052 394 3091 natur
407 3067 1392 3083 ·······················································

238 3148 297 3210 396.
317 3149 393 3197 Α1111
416 3155 489 3210 1397,
509 3148 534 3200 6,
551 3146 675 3211 januarii.
695 3136 847 3213 Zaprabiae.
868 3147 992 3198 Detricus
1017 3147 1110 3198 Bubek
1138 3148 1221 3199 banus
1240 3154 1397 3200 conventum

316 3234 492 3300 simigiensem
511 3242 612 3292 exorat,
632 3235 707 3285 utin
726 3250 847 3286 excessus
877 3237 1004 3299 quosdam
1033 3237 1201 3288 dominorum
1230 3239 1263 3287 de
1281 3238 1398 3303 capitulo

317 3325 422 3388 ragrab.
442 3322 561 3385 inquirat
568 3349 1394 3365 ···············································

238 3439 297 3493 397.
317 3432 392 3480 Α111
416 3439 488 3493 1397,
508 3432 532 3481 8.
551 3430 674 3494 januarii.
694 3431 847 3497 Zagrabiae.
867 3430 943 3481 Cives
962 3432 1132 3490 Grechenses,
1146 3433 1192 3495 qui
1207 3449 1285 3483 manu
1298 3439 1398 3483 armata

318 3535 405 3569 aream
432 3518 544 3583 capituli
573 3518 723 3569 invadendo
751 3520 842 3569 domos
870 3520 1058 3570 canonicorum
1086 3521 1285 3579 succenderunt,
1313 3535 1401 3571 arcem

318 3607 494 3672 episcopalem
513 3613 539 3656 et
556 3608 617 3656 eccl.
633 3607 810 3657 cathedralem
822 3608 983 3665 iurauerunt,
998 3608 1088 3674 plures
1100 3609 1239 3658 canonicos
1252 3623 1399 3671 eorumque

318 3695 522 3759 consanguineos
542 3701 568 3744 et
587 3693 731 3744 familiares
759 3696 974 3755 verberaverunt,
995 3697 1149 3746 occiderunt
1168 3704 1217 3746 etc.
1237 3711 1284 3761 per
1302 3694 1400 3759 Johan·

318 3797 376 3832 uem
395 3783 499 3845 zagrab.
519 3781 598 3846 episc.
618 3782 879 3833 excommunicantur
886 3809 1395 3824 ·····························

239 3889 392 3952 398.Α11ο
415 3895 488 3945 1397.
508 3887 660 3952 Zagrabiae.
686 3886 817 3951 Johannes
836 3889 915 3959 episc.
946 3889 1064 3955 zagrab„
1094 3904 1153 3939 cum
1181 3903 1228 3954 per
1247 3888 1317 3938 cives
1336 3889 1400 3939 Gre-

319 3975 423 4024 chenses
443 3976 517 4025 aedes
538 3975 725 4039 capitularium
744 3977 895 4026 combustae
915 3982 1005 4034 essent,
1035 3983 1066 4027 ut
1092 3976 1244 4040 quicunque
1263 3976 1400 4026 canonico·

318 4078 377 4112 rum
396 4064 472 4112 aedes
489 4064 517 4114 in
536 4078 598 4113 area
616 4063 760 4128 capitolina
778 4072 936 4124 exstrueret,
947 4080 994 4130 per
1013 4078 1189 4115 successorem
1200 4063 1399 4129 praedecessori

320 4162 366 4202 aut
386 4153 543 4202 haeredibus
562 4152 677 4203 medium
696 4152 795 4203 valoris
815 4153 931 4218 pretium
950 4154 1103 4207 solvendum
1121 4167 1174 4202 esse
1192 4178 1395 4193 ············

240 4267 300 4321 399.
323 4261 397 4308 Anno
420 4268 503 4320 1395,
526 4268 564 4312 17.
583 4258 707 4322 januarii.
728 4258 817 4309 Crisii.
837 4258 968 4310 Martinus
990 4259 1059 4309 Ders
1081 4258 1231 4316 vicebenus,
1256 4259 1289 4307 de
1311 4258 1400 4323 irrup-

320 4346 391 4396 tione
410 4354 436 4396 et
455 4347 660 4413 depraedatione
681 4346 734 4397 vici
749 4347 936 4398 theutonicalis
950 4347 977 4397 in
990 4346 1120 4398 suburbio
1132 4346 1229 4397 montis
1243 4346 1400 4397 Grechensis

319 4448 367 4499 per
386 4434 532 4499 capitulum
550 4436 656 4501 zagrab,
677 4434 753 4493 iacta,
772 4434 856 4485 retert
872 4459 1395 4475 ······························
1454 4436 1504 4495 385

241 4549 303 4600 400.
323 4543 399 4590 Anno
421 4548 503 4603 1397,
525 4542 564 4591 18.
583 4541 707 4605 januarii.
733 4540 822 4592 Crisii.
848 4540 979 4593 Martinus
997 4540 1067 4593 Ders
1085 4541 1235 4599 vioebanus,
1254 4541 1403 4609 capitulum

321 4629 427 4694 zagrab.
448 4631 474 4679 in
494 4629 602 4680 11111111
622 4629 766 4680 Grechensi
786 4630 852 4681 duas
871 4631 964 4681 dumos
981 4636 1008 4681 et
1020 4631 1156 4681 stabulum
1170 4631 1286 4694 quodam
1298 4629 1403 4681 incendi

320 4716 432 4775 iussisse,
452 4717 556 4768 refert·
569 4745 574 4755 ·
587 4746 592 4755 ·
604 4743 1395 4759 ············································
1455 4718 1507 4777 386

239 4812 299 4866 401.
321 4807 397 4854 Anno
419 4813 503 4868 1397..
528 4815 548 4856 1.
569 4804 709 4855 februarii.
728 4804 885 4871 Zagrabiae.
904 4805 1029 4857 Detricus
1047 4805 1139 4857 Bubek
1160 4807 1243 4857 banus
1255 4821 1276 4857 s.
1289 4805 1404 4857 Adriani
