3488 5242
635 357 707 414 Dee.
726 354 802 433 33⁶·
829 389 864 398 -
884 358 940 413 An.
965 353 1055 433 1389.
1413 373 1474 431 313

212 570 348 626 cumque
382 569 441 611 non
479 554 613 610 velimus
651 553 749 611 dictos
787 554 869 611 cives
907 560 1028 610 nostros
1058 555 1088 610 in
1122 554 1301 611 memoratis
1336 555 1477 627 expensis

211 675 269 733 pro
293 660 405 715 nostris
441 659 642 729 claritatibus,
673 668 708 715 ut
738 657 878 732 prefetur
907 657 1003 728 factis,
1033 659 1204 731 dampnum
1237 659 1300 732 pati
1332 658 1477 731 aliquale,

213 765 354 822 fidelitati
387 765 480 836 igitur
511 771 612 822 vestre
643 765 759 822 iteratis
789 765 909 822 vicibus
940 765 1163 822 committimus
1197 765 1349 837 vobisque
1384 765 1478 822 serio-

212 873 274 928 sius
299 872 489 944 precipimus
520 878 549 927 et
582 870 775 941 mandamus,
803 877 954 943 quatenus
987 870 1105 927 dictum
1137 870 1298 927 dominum
1331 870 1478 926 abbatem

212 994 357 1035 amonerc
381 978 493 1046 velitis,
517 982 550 1034 ut
574 976 671 1034 dictas
694 983 844 1035 trecentas
867 992 987 1033 marcas
1020 975 1129 1046 eidem,
1153 983 1186 1033 ut
1209 977 1399 1049 premittitur
1422 976 1479 1033 im-

213 1085 337 1158 positas,
361 1084 541 1141 memoratis
565 1085 677 1141 nostris
700 1085 820 1142 civibus
844 1082 883 1140 de
906 1082 1057 1155 Zagrabia
1073 1083 1233 1156 persolvat
1256 1083 1321 1139 sine
1346 1082 1479 1139 diminu-

213 1192 298 1247 cione
322 1190 461 1263 aliquali,
485 1190 623 1262 alioquin
647 1189 778 1247 eundem
796 1189 834 1246 ad
851 1189 1041 1247 solucionem
1059 1188 1212 1246 dictarum
1230 1204 1406 1245 marcarum
1424 1205 1480 1261 per

214 1297 396 1368 gravamina
419 1303 563 1354 consveta
593 1297 790 1370 compellatis
821 1303 850 1352 et
882 1295 1081 1367 asstringatis.
1113 1294 1146 1351 ln
1177 1310 1248 1351 casu
1280 1300 1393 1364 autem,
1417 1309 1479 1366 quo

215 1418 271 1459 vos
294 1403 416 1459 easdem
442 1418 561 1460 marcas
585 1419 602 1458 a
626 1401 764 1475 sepefato
787 1402 900 1458 abbate
924 1401 1110 1472 exegissetiS,
1135 1407 1246 1457 extunc
1270 1400 1353 1472 ipsas
1369 1415 1479 1472 preno-

212 1510 284 1565 tatis
305 1509 417 1565 nostris
440 1508 562 1565 civibus
585 1515 614 1565 et
638 1509 812 1581 hospitibus
842 1507 880 1564 de
911 1507 1061 1579 Zagrabia
1092 1505 1165 1563 dare
1197 1515 1226 1562 et
1249 1506 1404 1576 assignare
1427 1504 1479 1562 de·

216 1614 314 1670 beatis
337 1630 408 1670 cum
432 1615 559 1684 effectu,
583 1620 613 1671 et
635 1613 719 1671 aliud
745 1630 803 1687 pro
826 1620 930 1672 nostra
957 1614 1059 1685 gracia
1083 1628 1142 1669 non
1176 1612 1293 1669 facturi.
1321 1612 1479 1669 Preseutes

213 1734 296 1789 vero,
320 1720 345 1777 si
368 1736 454 1776 secus
479 1721 509 1777 in
534 1721 693 1793 premissis
717 1720 865 1791 faceretis,
890 1720 978 1777 reddi
1001 1720 1143 1777 iubemus
1169 1718 1341 1790 presentati.
1363 1717 1478 1773 Datum

213 1825 382 1895 Waradini,
417 1825 572 1883 dominica
595 1826 739 1898 proxima
770 1833 839 1882 ante
870 1826 982 1883 festum
1014 1824 1242 1898 purificacionis
1274 1825 1361 1880 beate
1385 1823 1479 1879 liarie

214 1932 342 2004 virginis
363 1932 505 2003 gloriose.
531 1933 620 1988 Anno
643 1931 762 1988 domini
788 1931 1012 1988 MCCCLXXX
1036 1947 1124 1988 non0.

303 2064 443 2130 Originale
471 2066 497 2115 in
523 2065 620 2115 charta.
646 2064 771 2132 Sigillum
797 2066 882 2116 minus
909 2066 980 2133 regis
1005 2083 1166 2133 oppressum.
1186 2066 1216 2116 In
1235 2064 1335 2116 archiv.
1354 2064 1401 2114 lib.
1424 2080 1478 2130 reg.

213 2154 286 2204 civit.
306 2153 410 2220 zagrab.

801 2351 890 2416 336.

320 2492 395 2538 Anno
419 2493 492 2551 1389,
513 2501 552 2553 29.
574 2490 673 2540 marcii.
694 2491 782 2540 Crisii.

217 2619 254 2674 ln
266 2619 402 2690 generali
414 2619 631 2691 congregatione
647 2618 782 2674 nobilium
799 2620 884 2691 regni
898 2618 1063 2688 Sloooniee,
1082 2620 1170 2676 Creiii
1182 2619 1331 2688 celebrata,
1347 2620 1481 2676 sedecimo

216 2733 290 2797 pers
305 2724 477 2780 decimarum
499 2725 701 2797 episcopalium
717 2724 825 2781 civibus
847 2725 1062 2795 Greclzensibus,
1085 2745 1171 2800 quam
1194 2735 1303 2799 seraper
1323 2726 1481 2799 exigebant,

753 2832 944 2889 adiudicatae.

302 2991 505 3050 Serenissimo
535 2994 669 3066 principi
702 2994 828 3051 domino
859 2993 1065 3067 sigismundo,
1096 2994 1145 3052 dei
1181 2996 1283 3066 gracia
1308 2996 1373 3066 regi
1397 2995 1482 3051 Hun-

218 3101 311 3171 garie,
344 3098 511 3168 Dalmacie‚
542 3100 669 3156 Croacie
693 3107 747 3157 etc.
770 3116 805 3156 ac
826 3101 997 3157 marchioni
1021 3100 1331 3171 Brandemburgensi,
1355 3099 1482 3156 domino

216 3220 271 3261 suo
304 3205 446 3274 naturali,
478 3204 641 3262 Ladizlaus
672 3205 709 3262 de
741 3207 905 3276 Lossonch,
929 3210 1015 3278 regni
1039 3205 1201 3264 Sclauonie
1224 3207 1331 3275 banus,
1355 3205 1482 3263 domino

216 3326 271 3367 suo
304 3309 474 3366 reverendo
507 3309 645 3368 debitum
679 3312 864 3370 famulatum
894 3329 965 3370 cum
998 3320 1147 3386 perpetua
1183 3312 1339 3370 fidelitate.
1372 3312 1482 3369 Vestra

217 3417 338 3473 noverit
370 3415 528 3487 celsitudo,
561 3418 679 3475 litteras
710 3427 827 3476 vestras
859 3424 1006 3492 patentes,
1040 3419 1206 3491 sigilloque
1238 3424 1342 3475 vestro
1365 3423 1482 3475 secreto

215 3524 418 3594 consignatas
455 3524 678 3595 recepissemus
712 3524 742 3580 in
778 3525 833 3582 hec
868 3525 979 3582 verba:
1003 3519 1077 3602 (vid.
1108 3542 1152 3581 nr.
1186 3539 1256 3597 333.
1288 3540 1366 3581 anno
1392 3524 1482 3599 1389,

217 3643 264 3699 3¹·
296 3622 447 3703 januarii.)
479 3628 541 3685 Nos
571 3629 665 3700 igitur
690 3631 801 3688 vestris
826 3631 979 3688 mandatis
1003 3630 1189 3702 obedientes,
1213 3636 1247 3687 ut
1271 3638 1419 3700 tenemur,
1443 3629 1482 3686 ad

215 3741 357 3791 contenta
385 3734 558 3791 litterarum
590 3743 763 3792 vestrarum
787 3744 888 3794 vestre
912 3737 1085 3795 celsitudini
1111 3738 1213 3794 taliter
1251 3736 1482 3810 respondemus,

217 3839 299 3910 quod
324 3855 394 3895 cum
419 3841 540 3897 nobiles
563 3842 650 3913 regni
674 3841 836 3900 Sclavonie
861 3843 945 3900 iuxta
966 3849 1104 3901 vestrum
1121 3843 1339 3900 litteratorium
1356 3841 1482 3899 manda-

216 3951 282 4000 tum
314 3946 343 4002 in
368 3944 555 4017 quibusdam
586 3948 696 4004 vestris
720 3949 858 4006 serviciis
881 3950 1049 4020 tractaturi,
1073 3950 1104 4007 in
1134 3947 1212 4007 festo
1235 3949 1482 4006 annunciacionis

217 4050 304 4106 beate
339 4051 468 4121 virginis
503 4053 646 4124 proxime
681 4054 829 4126 preterito
861 4055 893 4111 in
917 4055 1052 4112 Crisium
1075 4055 1106 4112 in
1130 4070 1225 4112 unum
1261 4054 1481 4124 convenissent,

216 4155 340 4212 tandem
372 4157 474 4229 primo
505 4159 546 4214 ab
577 4158 693 4215 eisdem
725 4160 891 4231 nobilibus,
916 4159 1043 4217 demum
1072 4175 1147 4217 vero
1170 4161 1211 4216 ab
1234 4160 1304 4216 aliis
1327 4175 1344 4216 a
1368 4160 1482 4231 quibus

216 4260 326 4319 decens
350 4269 379 4319 et
402 4270 589 4335 oportunum
623 4263 716 4323 fuerit
743 4265 848 4339 palam
877 4273 906 4323 et
929 4266 1048 4324 occulte
1071 4267 1237 4338 diligenter
1270 4264 1482 4336 investigando

216 4369 318 4425 taliter
349 4369 531 4425 rescivimus
560 4376 589 4426 et
622 4371 680 4444 ipsi
712 4372 832 4429 nobiles
857 4373 992 4429 unanimi
1016 4378 1046 4429 et
1070 4373 1138 4445 pari
1161 4388 1237 4429 voce
1261 4377 1331 4428 sunt
1354 4372 1482 4441 atestati,

216 4475 299 4545 quod
323 4490 380 4547 per
403 4481 503 4531 totum
528 4491 657 4547 regnum
686 4475 848 4534 Sclauonie
878 4477 917 4534 de
940 4477 1060 4534 decima
1083 4479 1180 4552 ipsius
1203 4478 1322 4535 domini
1344 4478 1483 4552 episcopi

216 4580 423 4651 zagrabiensis
448 4588 510 4637 tam
534 4580 572 4637 de
596 4581 676 4638 vinis
699 4583 793 4654 quam
816 4581 855 4639 de
879 4583 1020 4655 frugibus
1043 4583 1197 4642 sedecima
1219 4599 1293 4658 pars
1318 4583 1415 4657 ipsius
1431 4581 1483 4640 de·

216 4686 295 4741 cime
319 4678 477 4763 (exigiitur
508 4703 564 4760 per
593 4688 648 4744 hos
672 4688 860 4760 inquorum
884 4689 1039 4747 territorio
1060 4705 1113 4746 seu
1137 4691 1249 4747 tenutis
1271 4690 1338 4764 ipsa
1362 4688 1483 4747 decima

216 4792 372 4864 recipitur,
397 4792 501 4864 sicque
524 4808 562 4849 ex
585 4792 805 4851 consvetudine
824 4795 865 4851 ab
895 4795 1022 4866 antiquo
1045 4796 1219 4869 approbata
1241 4794 1394 4852 sedecima
1410 4809 1484 4868 pars
