3488 5242
662 330 735 387 Doc.
757 341 804 406 73.
832 362 869 370 -
895 327 951 385 An.
974 340 1062 402 1291.
1457 331 1497 405 63

232 536 262 586 et
284 522 449 604 [iusticiam
473 520 515 604 et]
539 533 645 585 contra
670 526 836 600 privilegia
855 524 1084 583 venerabilium
1099 530 1227 599 patrum
1243 524 1497 598 predecessorum

232 642 408 692 nostrorum
425 633 579 706 Stephani,
588 632 742 702 videlicet,
755 631 902 705 Philippi,
917 630 1015 688 felicis
1030 630 1257 689 recordacionis
1271 632 1498 705 episcoporum,

234 739 300 798 sore
323 740 473 814 spoliatos
497 783 746 797 .........
770 736 900 794 eandem
929 737 1063 794 insulam
1094 753 1151 811 per
1173 738 1358 795 sentenciam
1383 735 1498 795 diffini·

232 847 328 903 tivam
353 846 412 902 sibi
435 860 491 918 per
514 859 569 902 nos
592 843 764 901 adiudicari
787 844 1004 900 instantissime
1032 844 1240 916 postularent;
1264 843 1336 901 licet
1359 841 1497 917 prefatus

232 951 378 1023 magister
394 943 558 1027 (Andreas)
582 949 776 1022 aliquamdiu
800 965 856 1022 per
879 948 1074 1021 subterfugia
1098 994 1225 1009 .....
1250 950 1337 1007 illam
1361 995 1367 1007 .
1392 995 1398 1007 .
1423 995 1429 1007 .
1452 965 1500 1006 ra·

232 1057 319 1113 cione
349 1055 510 1113 cuiusdam
542 1056 701 1129 privilegii
731 1055 920 1112 venerabilis
953 1056 1051 1129 patris
1083 1054 1260 1112 Thimothei
1290 1055 1429 1128 episcopi
1449 1056 1500 1129 pie

232 1162 382 1219 memorie
405 1156 514 1239 (nostri
538 1159 724 1239 antecessor)
733 1164 767 1232 is,
792 1167 855 1219 tam
879 1177 984 1219 coram
1013 1156 1197 1239 (venerabili
1220 1156 1320 1237 patre)
1345 1163 1499 1221 Anthonio
1584 1156 1588 1165 ’

232 1268 379 1341 episcopo
401 1313 890 1328 .................
913 1268 996 1325 dicte
1011 1283 1101 1326 cause
1117 1270 1152 1343 pl
1154 1313 1433 1328 ..........
1450 1283 1500 1326 em

232 1417 449 1432 ........
473 1390 703 1448 recognoscens,
736 1391 769 1432 se
800 1374 915 1433 dictam
947 1376 1081 1433 insulam
1116 1376 1147 1432 in
1182 1374 1390 1449 preiudicium
1424 1375 1499 1433 iuris

233 1479 364 1539 fratrum
389 1491 565 1539 nostrorum
589 1480 838 1555 supradictorum
868 1482 1026 1554 aliquanto
1050 1489 1191 1555 tempore
1220 1474 1390 1558 [tenuisse],
1413 1496 1500 1555 sepe-

232 1585 293 1646 fate
318 1588 417 1645 insule
447 1588 648 1656 renunciavit,
679 1595 741 1644 tam
772 1586 902 1645 eandem
925 1588 1067 1655 insulam,
1092 1602 1187 1659 quam
1210 1587 1412 1661 privilegium
1436 1602 1500 1644 me·

232 1696 344 1752 morati
367 1694 543 1751 Thimothei
575 1695 713 1767 episcopi
737 1709 831 1767 super
858 1693 966 1751 eadem
989 1694 1090 1750 insula
1114 1685 1315 1770 [emanatum]
1340 1697 1449 1766 sponte
1469 1699 1499 1749 et

233 1801 408 1858 voluntarie
440 1801 477 1857 ad
513 1816 621 1857 manus
652 1808 772 1857 nostras
803 1800 979 1872 resignavit,
1003 1800 1183 1857 renuncians
1207 1801 1292 1857 omni
1314 1799 1375 1857 iuri
1398 1807 1428 1857 et
1450 1814 1499 1855 ac·

232 1908 320 1975 sioni,
343 1907 368 1963 si
392 1906 475 1979 quod
505 1922 537 1962 se
567 1907 668 1963 insula
700 1906 814 1964 habere
846 1905 989 1963 credebat
1021 1906 1052 1963 in
1076 1904 1192 1963 eadem.
1214 1900 1290 1983 (Nos
1312 1897 1432 1981 ita)que
1455 1905 1500 1962 in·

233 2013 355 2085 scriptis
392 2013 565 2085 privilegiis
599 2011 854 2084 predecessorum
887 2019 1064 2070 nostrorum
1100 2009 1248 2085 Stephani
1287 2011 1434 2069 videlicet
1470 2017 1500 2069 et

233 2118 370 2191 Philippi
393 2118 612 2191 episcoporum
636 2117 847 2191 predictorum
871 2134 1016 2192 expresse
1039 2119 1241 2190 cognovimus
1265 2117 1363 2175 dictos
1387 2116 1499 2176 fratres

231 2233 351 2281 nostros
375 2225 405 2281 in
430 2224 529 2280 insula
552 2224 599 2280 ius
617 2224 746 2296 plenum
762 2223 907 2281 habuisse
930 2232 960 2281 et
976 2225 1106 2292 habere;
1131 2232 1160 2281 et
1176 2225 1315 2298 inspecto
1330 2223 1497 2297 privilegio

232 2329 304 2387 dicti
337 2329 514 2387 Thimothei
546 2331 692 2404 episcopi,
723 2331 763 2387 ab
787 2329 904 2387 eisdem
936 2329 1083 2387 tratribus
1110 2331 1224 2388 nostris
1254 2345 1310 2403 per
1338 2331 1404 2387 veri
1426 2345 1498 2404 sup·

233 2437 423 2510 pressionem
452 2444 482 2492 et
515 2435 584 2493 t'alsi
617 2437 844 2508 suggestionem
872 2437 1038 2493 alienatam
1061 2437 1221 2501 exstitisse,
1248 2451 1285 2493 eo
1308 2435 1392 2508 quod
1415 2435 1499 2493 idem

233 2543 434 2615 privilegium
465 2543 585 2599 nullam
618 2543 809 2599 mencionem
841 2543 879 2600 de
910 2542 1038 2616 pretatis
1069 2542 1243 2616 privilegiis
1275 2542 1420 2599 exhibitis
1444 2558 1500 2614 per

232 2649 316 2721 ipsos
341 2655 462 2706 nostros
486 2648 717 2720 predecessores
743 2647 889 2713 iaciebat;
912 2649 1075 2722 presertim
1092 2649 1240 2721 quoniam
1256 2650 1354 2706 eciam
1370 2647 1499 2705 eandem

232 2755 366 2812 insulam
391 2755 537 2826 prelibati
561 2754 672 2811 tratres
695 2756 792 2811 nostri
811 2755 852 2811 ab
875 2756 962 2811 annis
986 2769 1118 2826 quorum
1135 2756 1288 2813 memoria
1304 2769 1365 2812 non
1381 2755 1497 2811 exstitit

232 2860 491 2931 dignoscebantur
515 2860 696 2933 possedisse,
722 2861 911 2918 restituimus
928 2867 957 2917 et
973 2862 1198 2932 assignavimus
1214 2859 1331 2918 eisdem
1351 2860 1499 2919 iratribus

232 2968 352 3036 nostris,
378 2966 532 3023 introduci
565 2965 704 3025 iaciendo
729 2966 853 3023 eosdem
883 2967 1037 3025 mediante
1061 2968 1185 3024 homine
1208 2974 1314 3026 nostro
1338 2969 1368 3025 in
1390 2968 1499 3042 corpo-

233 3073 329 3129 ralem
361 3073 585 3144 possessionem
618 3073 715 3129 insule
745 3072 929 3144 supradicte,
963 3080 1026 3129 tam
1051 3071 1171 3145 prelato
1195 3068 1344 3145 magistro
1367 3072 1499 3143 Andree‚

233 3194 325 3251 quam
356 3179 427 3235 aliis
459 3178 657 3250 quibuspiam
687 3179 849 3235 silencium
880 3179 1059 3251 inponentes
1092 3179 1122 3234 in
1155 3178 1212 3235 hac
1235 3184 1331 3252 parte.
1354 3179 1387 3235 In
1411 3179 1497 3235 cuius

234 3285 276 3341 rei
302 3284 487 3340 memoriam
511 3290 541 3339 et
561 3284 657 3339 robur
680 3290 867 3357 perpetuum
890 3290 1046 3357 presentes
1069 3283 1187 3340 eisdem
1211 3285 1418 3341 concessimus
1448 3284 1499 3341 lit·

234 3398 314 3446 teras
337 3389 434 3460 sigilli
463 3390 559 3446 nostri
587 3391 729 3446 autentici
761 3390 930 3447 munimine
960 3390 1160 3461 consignatas¹
1192 3389 1309 3446 Datum
1339 3388 1498 3463 Zagrabie,

235 3512 290 3569 per
314 3512 423 3552 manus
455 3495 578 3552 discreti
610 3496 669 3552 viri
700 3496 841 3568 magistri
873 3494 1002 3568 Gogani,
1026 3497 1150 3554 lectoris
1173 3496 1300 3554 ecclesie
1323 3504 1427 3553 nostre
1450 3512 1497 3554 za·

232 3603 411 3673 grabiensis,
444 3618 558 3659 necnon
591 3603 731 3672 magistri
756 3603 947 3659 notariorum
977 3609 1162 3671 nostrorum,
1187 3602 1295 3673 quinta
1309 3594 1410 3677 (feria)
1427 3616 1498 3674 pro·

232 3709 316 3764 xima
341 3714 409 3780 post
432 3714 557 3763 octavas
582 3706 650 3764 festi
684 3708 910 3780 purificacionis
940 3708 1068 3777 virginis
1098 3707 1240 3778 gloriose.
1267 3708 1357 3763 Anno
1380 3706 1498 3764 domini

232 3813 431 3869 MCCLXXX
463 3828 550 3870 nono.

323 3913 463 3974 originale
489 3913 514 3961 in
540 3913 697 3965 membrana.
722 3915 845 3970 lacerum,
871 3913 991 3979 sigillum
1019 3915 1147 3971 avulsum,
1175 3915 1261 3963 solum
1289 3914 1370 3963 rubra
1398 3913 1497 3964 sericea

232 4016 295 4051 zona
325 4003 462 4064 appendet.
490 4001 518 4049 ln
545 4001 614 4049 arch.
643 4001 720 4065 capit.
740 4002 844 4065 zagrab.
865 4000 925 4051 fase.
946 4013 985 4061 23.
1007 4017 1044 4051 nr.
1063 4017 1105 4063 44.
1125 4003 1199 4067 Joan.
1220 4001 1328 4051 Tkaldic‘
1348 4001 1416 4051 Mon.
1436 4002 1497 4053 hist.

232 4089 311 4154 episc.
332 4090 435 4153 zagrub.
457 4087 475 4136 l.
497 4105 520 4152 p.
542 4100 599 4148 224.

340 4322 415 4367 Anno
439 4328 511 4380 lsql.
837 4284 898 4352 ⁷3·

233 4426 348 4494 Hodtvs,
371 4446 457 4484 sorites
480 4428 673 4500 nigrabt'cnst's
696 4428 882 4485 condonatum
904 4428 961 4486 sihi
973 4430 1121 4501 palatium
1136 4449 1156 4485 a
1170 4430 1248 4504 filiis
1263 4427 1406 4502 Stephani
1420 4429 1497 4503 bani,

600 4534 700 4590 eisdem
723 4535 849 4591 restituit
871 4542 899 4590 ct
919 4535 983 4607 regi
1002 4535 1137 4609 notificat.

322 4660 587 4717 Excellentissimo
611 4659 736 4717 domino
760 4675 816 4718 suo
840 4660 972 4731 Andree,
996 4661 1046 4719 dei
1069 4663 1173 4734 gracia
1195 4662 1311 4720 illustri
1327 4663 1392 4735 regi
1407 4662 1495 4720 Hun-

232 4767 325 4839 garie,
356 4783 459 4824 comes
490 4766 607 4838 Hodus,
638 4775 788 4841 perpetue
818 4765 977 4826 fidelitatis
1008 4768 1201 4841 obsequium
1232 4766 1361 4827 Noverit
1391 4774 1494 4826 vestra
