3488 5242
263 369 326 431 314
636 356 709 413 Dec.
727 365 800 432 337.
818 351 895 432 338.
919 388 962 397 -
986 355 1042 413 An.
1067 350 1159 432 1389.

262 551 381 611 decime
404 552 477 610 dicti
500 552 619 611 domini
642 554 788 626 episcopi,
813 558 875 610 tarn
900 553 1044 610 vinorum
1069 569 1163 625 quam
1187 551 1312 625 frugum
1328 555 1359 611 in
1376 554 1531 612 territorio

262 657 343 715 dicte
366 659 500 715 civitatis
523 659 635 715 montis
667 658 829 715 Greceusis
852 666 1085 731 procreatorum
1110 676 1167 732 per
1192 660 1274 716 cives
1295 658 1434 717 eiusdem
1458 661 1532 718 civi·

262 765 333 820 tatis
367 765 480 821 montis
517 763 678 822 Grecensis
712 779 836 837 semper
859 763 966 822 fuisset
989 770 1096 822 exacta
1119 770 1148 822 et
1171 771 1296 838 recepta
1319 772 1348 822 et
1372 782 1452 823 nunc
1476 782 1531 839 per

263 870 388 927 eosdem
412 871 496 927 cives
519 870 557 927 de
581 871 648 927 iure
681 871 814 942 exigitur
841 878 871 928 et
894 871 1050 944 recipitur.
1086 871 1201 928 Datum
1225 870 1325 941 Crisii,
1350 871 1458 944 quinto
1482 871 1531 928 die

263 974 331 1033 festi
355 976 523 1050 supradicti
547 992 626 1034 anno
649 976 766 1033 domini
792 977 966 1033 millesimo
990 976 1182 1033 CCCLXXX
1205 991 1293 1034 nono.

358 1094 381 1142 E
401 1099 566 1158 transumpto
586 1092 695 1142 Martini
714 1093 789 1152 Ders,
809 1093 938 1152 vieebani,
957 1099 987 1144 ut
1006 1092 1083 1143 inira.

853 1308 939 1376 337.

328 1485 329 1488 ,
373 1451 448 1498 Anno
472 1451 545 1511 1389,
565 1451 588 1498 8.
608 1448 772 1514 septembris.
792 1447 946 1513 Zagrabiae.

263 1577 415 1634 Martinus
436 1579 517 1634 Ders
540 1579 690 1635 vicebanus
712 1584 769 1647 etc,
791 1578 934 1635 crisiensis
949 1595 1037 1634 comes
1050 1585 1198 1646 scultetum,
1221 1596 1277 1652 quo
1297 1577 1433 1634 sedecim
1455 1587 1533 1651 pars

263 1682 435 1739 decimarum
458 1685 489 1740 in
512 1685 732 1757 congregatcime
760 1683 849 1741 Crisic'
877 1684 1016 1740 celebrata
1046 1682 1154 1740 civibus
1184 1683 1392 1741 Greclcensibus
1419 1684 1532 1740 aeliudi-

622 1777 625 1784 ¹
745 1797 830 1847 catur
851 1789 1056 1847 transsummit.

352 1936 415 1993 Nos
438 1935 589 1992 Martinus
612 1935 692 1991 Ders
715 1934 882 1991 vicebanus
905 1939 936 1991 et
958 1948 1061 1991 comes
1085 1932 1244 1990 crisiensis.
1278 1933 1426 1990 Memorie
1449 1949 1532 1991 com·

265 2042 459 2111 mendamus,
484 2040 568 2113 quod
592 2041 779 2109 Franciscus‚
802 2039 888 2096 filius
911 2038 1015 2109 Marci,
1039 2038 1132 2096 iudex
1156 2039 1290 2096 civitatis
1314 2040 1427 2096 montis
1455 2038 1532 2097 Gre-

266 2147 371 2218 censis,
395 2146 435 2203 ad
459 2151 596 2203 nostram
620 2144 771 2203 veniendo
795 2145 994 2219 presenciam,
1019 2144 1170 2217 quasdam
1195 2145 1313 2202 litteras
1337 2143 1453 2202 domini
1477 2145 1533 2202 La·

264 2251 355 2309 dislai
379 2251 418 2309 de
443 2253 607 2322 Lossoncb,
631 2249 754 2324 pridem
776 2251 864 2324 regni
888 2250 1051 2309 Sclauonie
1075 2252 1156 2320 bani,
1180 2257 1327 2324 patentes
1351 2252 1442 2310 nobis
1464 2268 1533 2325 pre·

265 2358 405 2429 sentavit‚
430 2363 536 2430 petens
559 2372 615 2414 nos
638 2372 709 2413 cum
724 2357 872 2414 instancia
888 2363 921 2414 ut
937 2363 1076 2415 tenorem
1097 2356 1276 2414 earumdem
1293 2358 1404 2414 litteris
1419 2359 1532 2415 nostris

265 2463 441 2536 patentibus
464 2461 503 2519 de
528 2462 625 2519 verbo
648 2460 685 2518 ad
712 2463 844 2519 verbum
867 2463 1031 2521 transcribi
1055 2462 1204 2534 faciende,
1229 2462 1303 2520 dare
1323 2462 1530 2536 dignaremur.

266 2567 406 2640 Quarum
430 2574 517 2625 tenor
548 2567 618 2625 talis
650 2573 709 2625 est:
742 2561 816 2645 (vid.
847 2585 890 2626 nr.
925 2568 996 2642 336,
1020 2584 1099 2627 anno
1127 2568 1218 2644 1389,
1245 2569 1292 2627 28.
1317 2562 1445 2645 marcii).
1470 2570 1533 2628 Nos

268 2675 363 2746 igitur
385 2675 472 2732 iustis
495 2674 701 2748 peticionibus
723 2673 837 2748 prefati
861 2675 1014 2733 Francisci
1030 2675 1139 2733 iudicis
1155 2675 1292 2733 inclinati
1309 2681 1447 2733 tenorem
1465 2692 1533 2750 pre·

266 2781 451 2854 scriptarum
475 2780 650 2838 litterarum
667 2779 786 2838 domini
807 2781 945 2840 Ladislai
968 2781 1039 2839 bani
1071 2781 1266 2854 presentibus
1288 2781 1400 2839 litteris
1422 2783 1534 2840 nostris

265 2887 443 2959 patentibus
466 2886 504 2944 de
527 2887 625 2944 verbo
656 2886 694 2943 ad
728 2887 861 2944 verbum
892 2887 1056 2944 transcribi
1086 2885 1234 2958 faciendo
1258 2886 1404 2944 duximus
1427 2904 1533 2945 conce·

268 2991 412 3049 dendum.
436 2992 552 3049 Datum
575 2991 734 3065 Zagrabie,
757 2992 789 3049 in
812 2991 890 3050 festo
921 2992 1090 3049 nativitatis
1122 2992 1251 3064 virginis
1274 2993 1416 3064 gloriose.
1442 2996 1530 3051 Anno

267 3095 385 3153 domini
409 3098 578 3155 millesimo
601 3097 793 3154 CCCLXXX
816 3114 903 3156 nono

356 3214 495 3280 Originale
509 3216 535 3265 in
549 3217 646 3274 charta,
660 3232 674 3265 a
689 3224 765 3283 tergo
779 3216 920 3281 vestigium
937 3217 1020 3281 sigilli
1034 3224 1151 3282 apparet.
1166 3217 1195 3266 ln
1209 3218 1279 3267 arch.
1294 3219 1310 3266 l.
1324 3233 1346 3266 r.
1365 3216 1414 3267 civ.
1428 3218 1534 3283 zagrab.

859 3431 947 3496 338.

373 3572 449 3619 Anno
472 3572 544 3628 1380,
568 3580 604 3618 12.
625 3571 789 3635 septembris,
810 3571 905 3620 Budae.

269 3696 471 3770 Segismmcdus
493 3699 649 3771 Hrmgerrr'c
671 3706 717 3755 elc.
742 3718 795 3755 rex
812 3701 969 3756 collectores
992 3707 1020 3756 et
1040 3699 1248 3755 subcollectores
1268 3717 1398 3755 camerac
1421 3707 1531 3772 aposto-

312 3804 384 3860 licae
414 3805 539 3877 episcopm
562 3806 679 3877 eugrnb.
703 3813 731 3862 et
751 3806 859 3862 civibus
882 3805 1091 3863 Greclzensc'bus
1111 3806 1314 3861 canentendalos
1337 3823 1393 3861 esse
1416 3806 1485 3862 vult.

358 3947 573 4019 sigismundus
603 3948 652 4005 dei
683 3950 787 4020 gracia
809 3966 863 4005 rex
889 3949 1054 4020 Hungarie,
1077 3948 1246 4018 Dalmacie,
1271 3948 1398 4004 Croacie
1421 3953 1477 4005 etc.
1500 3963 1535 4004 ac

269 4056 407 4111 marchio
438 4054 754 4126 Brandemburgensis
786 4062 839 4112 etc.
873 4054 1031 4112 Fidelibus
1067 4055 1129 4111 suis
1164 4053 1333 4110 reverendo
1357 4054 1387 4110 in
1411 4053 1535 4111 Christo

270 4160 351 4232 patri
374 4165 403 4216 et
426 4159 561 4229 domino,
594 4160 720 4217 domino
749 4161 881 4242 Johanni
911 4160 1013 4216 delet
1037 4160 1206 4231 apostolice
1226 4158 1307 4215 sedis
1330 4159 1433 4231 gracia
1457 4160 1537 4232 epis-

269 4280 348 4337 copo
379 4266 578 4336 zagrabiensi,
608 4282 643 4322 ac
675 4266 767 4323 iudici
802 4273 830 4322 et
862 4267 968 4322 iuratis
1002 4267 1115 4322 montis
1146 4266 1315 4334 Grecensis,
1349 4265 1536 4322 salutemet

269 4372 413 4443 graciam.
445 4371 552 4443 Nuper
582 4371 809 4442 fidedignorum
841 4373 993 4429 relacione
1025 4372 1228 4444 percepimus,
1266 4370 1349 4442 quod
1386 4371 1536 4440 nonnulli,

272 4477 355 4550 quod
380 4493 435 4534 nos
451 4478 581 4534 nimium
599 4477 738 4534 dolenter
769 4479 942 4551 recepimus
965 4478 1016 4534 sed
1042 4478 1137 4534 eciam
1166 4478 1345 4546 amicarum,
1365 4477 1456 4534 deum
1482 4494 1537 4551 pre

270 4584 368 4641 oculis
391 4599 451 4640 non
475 4584 631 4652 habentes,
656 4583 808 4640 mandatis
831 4584 1007 4657 apostolicis
1031 4583 1186 4655 negligitis
1209 4598 1317 4654 ymmo
1341 4584 1444 4640 verius
1467 4599 1537 4641 con-

272 4690 429 4763 tempnitis
459 4689 657 4762 pertinaciter
683 4689 818 4760 obedire,
851 4691 916 4747 iura
944 4690 1112 4762 apostolice
1136 4704 1266 4760 camare,
1290 4691 1537 4762 sanctissimique

272 4794 370 4869 patris
392 4809 428 4852 ac
451 4795 568 4852 domini
591 4796 687 4852 nostri
711 4811 792 4869 pape
816 4794 959 4853 fraudare
980 4796 1115 4867 nitentes,
1144 4795 1369 4869 vilipendentes
1395 4811 1539 4854 censuras
