3480 5264
587 333 659 389 Dic·
679 333 977 443 sig—sigtr-
1003 344 1221 408 uri-1395-

311 437 476 444 ———..

861 525 946 591 372.

378 667 453 715 Anno
476 675 549 727 1304,
571 666 610 714 26.
631 665 753 729 Augusti.
773 666 925 728 Zagrabiae.

278 810 440 882 Capitulum
463 811 579 882 aagrob.
604 812 664 866 errl.
689 813 799 867 litteras
832 810 1010 883 Sigismumii
1037 812 1213 882 lritngnriac
1243 818 1290 867 etc.
1322 813 1406 884 regis,
1434 813 1538 883 prohi-

271 916 362 972 bentes
384 917 458 972 bana
481 919 594 989 eiusque
616 918 757 973 viccbnnis
779 936 813 972 ne
841 919 914 973 ciues
944 917 1116 974 Grecimns
1137 919 1167 972 in
1184 917 1407 989 possessionibus
1435 917 1540 974 Petro-

569 1023 638 1078 viim
661 1031 689 1078 et
709 1020 858 1099 Hrastlija
881 1023 1038 1090 mrbnreiit,
1061 1023 1233 1079 transcribit

360 1167 422 1222 Nos
446 1167 618 1238 capitulum
642 1167 769 1223 ecclesie
793 1167 1005 1238 zagrabiensis¹
1031 1167 1178 1222 lllemorie
1202 1167 1456 1223 commendamus
1480 1183 1538 1239 per

271 1280 437 1344 presentes
454 1271 537 1343 quod
554 1287 634 1328 anno
650 1271 766 1328 domini
785 1272 953 1328 millesimo
970 1273 1183 1327 trecentesimo
1200 1273 1399 1343 nonagesimo
1416 1279 1539 1344 quarto,

272 1374 348 1431 seria
371 1383 481 1448 quarta
506 1377 647 1449 proxima
671 1383 742 1448 post
766 1377 878 1433 festum
903 1378 984 1433 beati
1003 1377 1209 1432 bartholomei
1228 1378 1369 1449 apostoli,
1387 1377 1538 1449 providus

272 1483 322 1538 vir
350 1483 513 1564 Johannes,
545 1482 629 1538 filius
660 1482 757 1552 Pauli,
790 1483 880 1539 iudex
912 1484 1044 1538 civitatis
1076 1483 1188 1538 montis
1215 1482 1399 1540 Grechensis
1423 1483 1461 1538 de
1484 1483 1539 1539 Za·

272 1589 380 1660 grabia
404 1590 434 1644 in
458 1604 513 1644 sua
543 1596 572 1644 et
603 1589 819 1645 universorum
852 1589 967 1645 civium
1000 1589 1137 1645 eiusdem
1170 1591 1302 1646 civitatis
1326 1591 1474 1663 personis.
1498 1589 1535 1644 ad

272 1700 409 1751 nostram
443 1695 646 1766 personaliter
680 1693 831 1750 veniendo
863 1696 1063 1767 presenciam,
1095 1696 1236 1752 exhibuit
1267 1696 1356 1751 nobis
1384 1693 1536 1766 quasdam

273 1800 389 1856 litteras
422 1807 561 1872 patentes
592 1800 778 1856 serenissimi
809 1800 958 1872 principis
991 1800 1107 1857 domini
1139 1800 1336 1871 Sigismundi‚
1361 1799 1410 1856 dei
1434 1801 1539 1872 gracia

272 1906 369 1962 incliti
392 1906 473 1976 regis
498 1906 663 1976 Hungarie,
689 1905 856 1973 Dalmacie‚
875 1905 1002 1961 Croacie
1026 1914 1089 1974 etc,
1107 1907 1354 1977 marchionisque
1371 1905 1539 1961 Brandem-

272 2011 434 2082 burgensis
450 2018 513 2077 etc,
537 2009 654 2066 domini
679 2011 774 2066 nostri
799 2011 955 2080 naturalis
979 2013 1043 2067 eius
1067 2019 1184 2067 secreto
1207 2011 1311 2082 sigillo
1335 2011 1538 2081 consignatas,

271 2117 384 2172 tenoris
401 2116 596 2188 infrascripti,
619 2122 724 2187 petens
740 2131 795 2171 nos
811 2115 915 2171 debita
932 2132 1002 2172 cum
1032 2117 1177 2173 instancia
1194 2124 1227 2172 ut
1242 2116 1365 2173 easdem
1382 2115 1421 2172 de
1439 2116 1537 2172 verbo

271 2222 307 2278 ad
335 2223 466 2279 verbum
504 2222 666 2278 transcribi
690 2229 720 2276 et
744 2221 853 2277 litteris
875 2223 986 2278 nostris
1011 2223 1186 2294 patentibus
1211 2224 1302 2279 inseri
1325 2222 1535 2294 dignaremur.

271 2329 365 2385 Cuius
389 2329 593 2400 peticionibus
617 2329 704 2385 iustis
727 2334 757 2383 et
782 2328 927 2398 legitimis
951 2336 1125 2396 annuentes,
1151 2327 1285 2400 prefatas
1303 2329 1419 2384 litteras
1437 2328 1535 2399 ipsius

270 2435 387 2491 domini
412 2436 507 2491 nostri
531 2435 619 2505 regis
645 2450 732 2490 sanas
757 2440 786 2489 et
811 2434 944 2504 integras
969 2433 1007 2489 de
1032 2435 1129 2489 verbo
1153 2434 1190 2489 ad
1214 2435 1344 2490 verbum
1363 2434 1538 2494 transcribi.

270 2543 552 2614 transcriptumque
586 2541 779 2612 presentibus
811 2539 921 2595 litteris
952 2540 1065 2595 nostris
1098 2540 1189 2595 inseri
1220 2539 1349 2595 fecimus
1373 2539 1411 2595 ad
1437 2545 1539 2595 caute·

270 2648 340 2702 lam.
366 2648 504 2718 Quarum
528 2652 615 2701 tenor
638 2646 707 2701 talis
723 2652 783 2700 est:
803 2639 876 2721 (vid.
895 2662 938 2701 nr.
957 2646 1026 2716 308.
1043 2660 1123 2701 anno
1144 2660 1233 2717 1393,
1253 2660 1300 2712 27.
1317 2639 1474 2719 octobris.)

360 2782 499 2847 Originale
526 2782 552 2830 in
577 2782 675 2834 charta.
701 2797 715 2828 a
742 2789 818 2845 tergo
847 2780 986 2843 vestigium
1012 2779 1096 2843 sigilli
1123 2779 1285 2843 capitularis.
1309 2779 1337 2826 In
1357 2778 1467 2830 archivo
1489 2779 1535 2828 lib.

270 2887 324 2935 reg.
345 2871 416 2919 civit.
444 2872 549 2934 zagrab.

865 3082 949 3148 373.

376 3227 450 3273 ,douo
473 3235 546 3283 1305,
569 3233 606 3280 15.
627 3222 722 3271 martii.
743 3223 895 3286 Zagrabiae.

269 3353 419 3408 Emerirus
450 3354 536 3408 artior
565 3354 662 3424 regiae
692 3352 779 3418 utiles,
807 3354 880 3407 cives
909 3350 1083 3407 Grrrlrriisrs
1106 3353 1214 3423 regioni
1238 3369 1348 3406 riorum
1367 3358 1423 3421 pro
1446 3350 1538 3406 tribns

691 3460 777 3512 rionis
801 3459 961 3523 exsoluisse,
986 3465 1113 3512 lislotnr.

358 3603 421 3659 Nos
452 3604 597 3673 magister
632 3603 769 3657 Emricus
803 3618 918 3673 parvus
952 3602 989 3656 de
1021 3600 1121 3667 lelna,
1154 3601 1223 3655 aule
1255 3601 1337 3670 regie
1370 3600 1538 3655 maiestatis

270 3711 367 3766 miles
393 3711 539 3764 Memorie
564 3687 815 3764 commendantes
840 3716 943 3763 tenore
968 3708 1159 3778 presencium
1185 3705 1401 3776 significamus.
1422 3705 1537 3776 quibus

270 3815 394 3886 expedit
419 3815 578 3882 universis
604 3813 684 3884 quod
719 3814 790 3883 quia
822 3812 945 3884 providi
971 3814 1038 3873 viri,
1064 3812 1163 3876 iudex,
1189 3811 1286 3874 iurati,
1315 3810 1482 3865 consiliarii
1507 3819 1537 3865 et

270 3922 403 3976 universi
428 3922 519 3986 cives,
552 3935 657 3989 ymmo
681 3926 743 3975 tota
767 3920 970 3975 communitas
995 3919 1127 3973 civitatis
1152 3919 1264 3973 montis
1284 3916 1468 3972 (irechensis
1492 3915 1530 3970 de

271 4025 428 4096 Zagrabia,
448 4028 531 4082 iuxta
553 4025 730 4081 firmissima
747 4026 1011 4080 serenissimorum
1031 4026 1205 4096 principum
1223 4023 1420 4077 dominorum
1439 4020 1534 4092 Sigis-

271 4131 375 4186 mundi
401 4132 482 4202 regis
506 4136 535 4187 et
559 4132 653 4186 ilarie
678 4133 781 4201 regine
815 4132 979 4202 ilungarie,
1013 4131 1179 4188 Dalmacie.
1208 4128 1335 4183 Croaeie
1361 4135 1414 4182 etc.
1439 4129 1536 4198 sepis·

270 4239 347 4293 sima
373 4239 553 4294 litteratoria
579 4238 731 4307 mandata,
756 4240 844 4294 nobis
869 4240 897 4294 in
923 4239 1020 4293 tribus
1044 4237 1137 4297 annis,
1164 4235 1285 4290 duobus
1310 4234 1453 4289 videlicet
1472 4235 1534 4289 iarn

269 4344 449 4415 retrolapsis
473 4351 502 4399 et
527 4346 621 4399 tercio
646 4360 725 4399 nunc
749 4345 891 4416 presenti,
916 4345 1078 4399 collectam
1103 4356 1208 4396 eorum
1234 4348 1410 4395 consvetam
1441 4346 1470 4395 et
1487 4355 1536 4395 or-

270 4448 431 4510 dinariam,
456 4466 549 4520 quam
574 4450 661 4505 annis
685 4450 815 4520 singulis
840 4450 868 4503 in
900 4448 950 4504 die
982 4455 1183 4505 strenuorum.
1217 4447 1299 4514 wigo
1332 4444 1413 4500 Beud
1443 4444 1534 4513 dicta,

270 4554 395 4610 domino
420 4562 523 4610 nostro
547 4556 610 4625 regi
636 4563 664 4610 et
688 4556 752 4610 eius
776 4569 896 4609 camere
926 4553 1047 4609 solvere
1081 4559 1227 4616 tenentur,
1257 4552 1393 4622 plenarie
1418 4551 1535 4622 persol-

271 4670 379 4716 verunt
404 4667 433 4715 et
456 4663 657 4731 assignarunt.
683 4660 754 4716 ideo
778 4661 861 4731 ipsos
885 4658 1026 4715 iudicem.
1052 4659 1173 4714 iuratos.
1203 4657 1392 4711 consiliarios
1416 4662 1446 4711 et
1467 4658 1533 4712 uni-

270 4782 375 4824 versos
398 4771 480 4823 cives
504 4777 533 4822 et
557 4773 653 4821 totam
679 4765 930 4822 communitatem
956 4763 1072 4835 prefate
1097 4762 1229 4817 civitatis
1253 4777 1346 4833 super
1367 4761 1446 4817 facto
1463 4777 1531 4833 per·
