3488 5242
252 333 315 406 380
674 333 747 391 Doc.
764 348 841 411 397.
867 368 904 378 -
930 337 985 393 An.
1009 347 1097 412 1397.

249 540 399 603 nostrum,
434 532 536 589 filium
554 529 689 590 'comitis
711 534 795 592 curie
822 540 924 591 nostre
953 535 1168 606 zagrabiensis,
1201 537 1255 608 qui
1281 537 1313 593 in
1336 535 1514 594 defensione

251 636 388 710 predicte
411 638 496 695 curie
520 646 594 707 erat,
617 639 754 710 graviter
775 645 805 696 et
826 654 897 696 cum
920 654 1034 712 magna
1055 640 1205 698 effusione
1227 641 1384 712 sanguinis
1408 641 1515 698 vulne-

249 749 364 800 rarunt.
388 743 456 801 Hiis
489 745 586 801 eciam
610 745 702 802 malis
726 760 785 802 non
808 747 949 816 contenti,
969 746 1009 803 ad
1034 748 1140 820 peiora
1163 748 1342 821 aspirantes,
1365 748 1395 804 in
1419 747 1515 804 eccle-

247 849 325 906 siam
361 859 497 907 nostram
532 850 764 921 zagrabiensem
793 853 889 910 sancti
923 855 1003 926 regis
1038 852 1186 927 Stephani
1220 854 1374 925 irruendo,
1412 854 1513 927 ipsam

248 955 409 1013 ecclesiam
435 956 583 1014 volebant
614 956 757 1015 thesauro
785 963 815 1014 et
839 958 987 1031 reliquiis
1012 959 1200 1033 paramentis
1222 966 1252 1016 et
1276 959 1345 1016 aliis
1368 950 1458 1016 bonis
1482 959 1514 1017 in

247 1061 314 1133 ipsa
337 1063 465 1120 ecclesia
488 1063 690 1122 existentibus
712 1063 856 1137 spoliare,
880 1071 910 1121 et
930 1065 988 1122 nisi
1002 1063 1165 1139 januarum
1189 1073 1219 1122 et
1236 1071 1398 1138 portarum
1415 1065 1513 1137 ipsius

247 1167 375 1224 ecclesie
398 1166 548 1225 fortitudo
571 1168 687 1238 fuisset,
711 1185 818 1226 eorum
843 1169 1046 1243 dampnatum
1070 1177 1100 1227 et
1123 1171 1295 1243 reprobum
1316 1172 1513 1244 propositum

247 1273 477 1347 implevisseut;
508 1273 562 1330 sed
593 1273 733 1331 videntes
762 1275 862 1348 ipsam
898 1276 1060 1334 ecclesiam
1094 1277 1230 1350 spoliare
1261 1293 1322 1334 non
1354 1292 1454 1350 posse,
1484 1278 1514 1334 in

247 1379 348 1452 ipsam
380 1379 541 1437 ecclesiam
574 1381 700 1452 sagittas
731 1397 824 1453 quam
855 1382 1005 1456 plurimas
1028 1384 1220 1454 sagittarunt,
1252 1398 1386 1455 quarum
1408 1383 1514 1455 alique

247 1486 277 1543 in
302 1485 368 1557 ipsa
392 1486 521 1542 ecclesia
542 1495 754 1544 remanserunt
778 1487 872 1545 infixe
895 1493 926 1545 et
948 1495 1019 1546 sunt
1041 1487 1080 1545 de
1097 1489 1240 1562 presenti.
1257 1489 1325 1545 Hiis
1340 1490 1438 1546 eciam
1455 1504 1515 1546 non

248 1592 390 1662 contenti,
415 1590 494 1648 duos
517 1591 658 1649 dominos
681 1591 720 1649 rie
740 1594 879 1666 capitulo
901 1596 1101 1666 zagrabiensi‚
1125 1594 1237 1652 fratres
1253 1602 1382 1663 nostros,
1399 1595 1516 1653 scilicet

249 1696 410 1756 dominum
436 1697 635 1768 Hinskonem,
656 1698 878 1771 cappellanum
898 1700 982 1772 regie
998 1701 1174 1769 maiestatis,
1189 1701 1372 1758 canonicum
1388 1701 1516 1758 ecclesie

249 1810 352 1862 nostre
376 1805 583 1876 zagrahiensis
606 1810 635 1861 et
658 1803 919 1876 archydiaconum
950 1807 1162 1863 chasmensem
1187 1815 1217 1863 et
1239 1805 1400 1864 dominum
1425 1805 1516 1864 Nico·

248 1911 343 1981 laum,
368 1911 729 1984 quinqueecclesiensem,
759 1911 904 1969 similiter
925 1911 1108 1969 canonicum
1131 1912 1258 1969 ecclesie
1281 1919 1385 1969 nostre
1407 1926 1513 1984 zagra·

250 2017 372 2087 biensis,
403 2032 473 2073 cum
505 2017 559 2074 alii
590 2016 706 2073 domini
738 2015 777 2073 de
807 2016 952 2088 capitulo,
986 2017 1097 2074 fratres
1121 2019 1225 2089 nostri,
1249 2025 1382 2078 mortem
1406 2016 1513 2074 formi-

250 2123 357 2180 dantes
393 2123 481 2180 bonis
508 2123 654 2180 omnibus
685 2137 793 2180 eorum
825 2123 940 2180 relictis
963 2123 1099 2196 presidio
1134 2124 1300 2180 evasissent
1324 2121 1404 2195 fuge,
1428 2137 1517 2194 cepe·

254 2238 333 2299 runt,
366 2229 578 2299 verberarunt,
609 2229 800 2286 wlnerarunt
825 2245 896 2286 cum
920 2230 1055 2286 maxima
1083 2229 1240 2301 sanguinis
1262 2229 1419 2286 effusione.
1448 2229 1517 2285 Hiis

249 2336 346 2392 eciam
371 2335 462 2392 malis
486 2349 546 2391 non
569 2336 712 2405 contenti,
736 2334 903 2392 discretum
927 2335 1031 2391 virum
1055 2334 1216 2391 dominum
1237 2334 1437 2403 Anthonium,
1453 2333 1517 2390 dic·

248 2448 315 2498 tum
339 2440 432 2510 Cirta,
455 2439 697 2513 prebendarium
720 2440 848 2498 ecclesie
875 2447 978 2498 nostre
1000 2440 1206 2511 zagrabiensis
1232 2446 1388 2513 ceperunt,
1405 2440 1516 2496 verbe·

249 2554 355 2605 rarunt
379 2549 490 2618 taliter,
514 2545 598 2619 quod
622 2545 805 2605 dimiserunt
827 2547 931 2620 ipsum
957 2546 1143 2603 semivivum
1167 2555 1197 2602 et
1220 2545 1258 2602 de
1282 2545 1347 2603 eius
1371 2546 1435 2602 vita
1463 2561 1514 2602 ve·

250 2655 421 2712 risimiliter
444 2654 611 2711 dubitatur.
631 2653 699 2710 Hiis
715 2653 811 2710 eciam
836 2653 927 2711 malis
950 2667 1011 2709 non
1026 2652 1168 2721 contenti,
1193 2652 1222 2709 in
1239 2652 1401 2709 ecclesiam
1420 2651 1517 2707 sancti

250 2760 405 2818 Francisci
440 2759 585 2816 irruendo
613 2768 644 2816 et
676 2759 818 2816 intrando
849 2775 946 2817 unum
976 2758 1162 2816 familiarem
1185 2757 1294 2815 iudicis
1317 2757 1519 2814 dominorum

253 2867 291 2924 de
311 2865 456 2939 capitulo,
481 2864 612 2922 fratrum
636 2872 821 2935 nostrorum,
845 2865 884 2922 de
907 2864 1036 2923 ecclesia
1058 2865 1154 2922 sancti
1186 2863 1346 2933 Francisci‚
1370 2862 1518 2919 immuni·

251 2980 344 3030 tatem
370 2972 467 3045 ipsius
489 2972 618 3029 ecclesie
641 2971 797 3041 violando,
819 2977 1026 3041 extraxerunt,
1049 2971 1239 3028 winerarunt
1262 2972 1292 3025 et
1315 2983 1420 3025 secum
1444 2983 1517 3041 cap·

251 3088 315 3137 tum
340 3079 377 3135 ad
403 3081 504 3152 ipsum
529 3078 658 3151 opidum
690 3079 802 3135 montis
832 3078 993 3135 Grecensis
1021 3076 1182 3133 duxerunt.
1206 3074 1273 3132 Hiis
1299 3074 1390 3130 malis
1417 3075 1516 3130 eciam

251 3200 309 3242 non
335 3187 476 3256 contenti,
494 3200 588 3241 unum
614 3184 799 3240 familiarem
820 3184 918 3257 ipsius
941 3183 1051 3239 iudicis
1074 3182 1213 3253 nequiter
1229 3190 1258 3236 et
1274 3179 1442 3236 crudeliter
1459 3194 1512 3251 pe·

250 3299 414 3347 remerunt.
438 3291 505 3347 lliis
531 3291 620 3347 malis
644 3306 704 3347 non
728 3290 869 3358 contenti,
892 3288 1049 3360 quendam
1077 3286 1204 3344 fratrem
1228 3286 1346 3342 domini
1369 3284 1512 3355 Gregorii

250 3396 387 3452 canonici
410 3396 616 3467 zagrabiensis
639 3404 669 3452 et
691 3394 897 3452 archidiaconi
921 3393 958 3449 de
988 3393 1082 3449 Bexin
1115 3399 1145 3449 et
1169 3392 1286 3448 domini
1310 3391 1448 3462 Dyonisi,
1473 3390 1514 3446 si-

251 3502 367 3558 militer
390 3502 527 3557 canonici
550 3502 765 3573 zagrabiensls,
797 3500 930 3557 fratrum
962 3507 1146 3568 nostrorum,
1178 3498 1301 3554 nomine
1332 3495 1514 3568 Georgium,

253 3608 345 3664 morti
369 3608 466 3665 eciam
491 3608 693 3687 tradiderunt,
715 3608 879 3680 ipsumque
903 3607 946 3662 sic
971 3612 1126 3663 mortuum
1153 3610 1310 3661 traxerunt
1333 3619 1390 3676 per
1413 3602 1516 3658 lutum

251 3714 409 3785 usquead
440 3713 571 3786 opidum
602 3715 714 3771 montis
744 3713 912 3769 (irecensis.
946 3712 1013 3768 Hiis
1037 3712 1134 3768 eciam
1166 3710 1256 3766 malis
1289 3723 1349 3765 non
1374 3707 1517 3775 contenti,

252 3824 372 3891 patrem
396 3818 512 3875 domini
536 3819 666 3875 Dionisii
691 3819 827 3875 canonici
862 3817 1001 3891 predicti,
1032 3816 1275 3886 sexagenarium,
1306 3815 1429 3870 nomine
1454 3814 1516 3869 Ma·

253 3922 368 3991 theum‚
392 3924 492 3980 civem
516 3923 720 3995 Crysiensem‚
745 3930 892 3997 ceperunt
914 3930 944 3980 et
970 3923 1057 3978 bonis
1080 3922 1143 3978 suis
1174 3920 1320 3976 omnibus
1343 3919 1517 3991 spoliarunt

250 4034 280 4084 et
304 4029 406 4100 ipsum
431 4029 560 4101 ligatum
585 4038 615 4086 ct
638 4030 806 4102 spoliatum
831 4045 886 4102 per
909 4028 1007 4084 crines
1031 4026 1181 4084 trahendo
1204 4024 1242 4081 ad
1266 4025 1369 4098 ipsum
1386 4022 1518 4096 opidum

256 4134 367 4190 montis
391 4133 552 4191 Grecensis
575 4141 702 4208 captum
725 4134 886 4203 duxerunt,
904 4135 1042 4190 volentes
1059 4133 1161 4205 ipsum
1178 4130 1328 4199 decolare,
1350 4130 1518 4201 ipsumque
1558 4154 1566 4167 ·

249 4240 292 4296 sic
318 4246 444 4313 captum
467 4240 577 4298 diebus
602 4257 697 4314 quam
722 4240 864 4313 pluribus
888 4246 1057 4307 tenuerunt,
1083 4236 1207 4295 tandem
1230 4237 1334 4308 ipsum
1357 4235 1417 4291 sub
1448 4251 1518 4291 cau·

250 4346 331 4402 tione
355 4352 385 4403 et
408 4345 604 4404 fideiussione
628 4347 820 4416 dimiserunt,
844 4346 931 4403 nulla
955 4351 1057 4401 tamen
1080 4342 1275 4399 restitucione
1299 4340 1359 4397 sibi
1383 4338 1463 4397 facta
1479 4339 1518 4396 de

251 4451 338 4508 bonis
369 4453 482 4524 quibus
512 4453 578 4527 ipse
608 4470 665 4527 per
696 4453 779 4524 ipsos
803 4451 903 4509 fuerat
926 4450 1084 4524 spoliatus.
1124 4447 1191 4504 Hiis
1215 4446 1314 4503 eciam
1338 4446 1429 4503 malis
1453 4461 1514 4503 non

250 4558 392 4628 contenti,
426 4559 525 4615 eciam
559 4559 589 4616 in
625 4560 728 4632 ipsum
763 4557 936 4631 capitulum
969 4554 1166 4627 zagrabiense
1197 4561 1226 4610 et
1252 4552 1386 4609 maxime
1410 4559 1516 4608 contra

159 4696 163 4708 ·
251 4661 413 4719 ecclesiam
437 4671 575 4721 nostram
597 4664 837 4736 zagrabiensem,
861 4661 1005 4720 videlicet
1032 4660 1128 4718 sancti
1151 4660 1232 4733 regis
1256 4657 1405 4731 Stephani
1428 4657 1517 4714 bom-

253 4765 366 4825 bardas
397 4783 492 4841 quam
520 4769 674 4844 plurimas
711 4768 923 4839 fulminarunt,
959 4782 1020 4840 que
1054 4766 1250 4839 Paganorum
1282 4770 1313 4821 et
1345 4763 1519 4821 Tuscorum
