3488 5242
676 323 748 379 Doc.
773 335 822 399 42.
849 354 884 362 -
911 320 967 378 An.
992 316 1081 397 1263.

849 532 913 597 42.

351 657 399 704 Aa.
422 655 496 712 1263,
515 665 556 703 22.
576 654 716 719 septembr.
736 656 816 719 Apud
836 655 937 706 Urbem
955 660 1078 706 veterem

249 784 279 840 T
276 782 411 840 iinotlteus
434 783 471 839 ab
499 784 617 842 Urbano
633 785 655 842 Ι
659 784 688 841 V.
704 785 741 841 P.
757 786 858 842 electus
866 785 1042 858 praeficitur
1056 785 1086 839 in
1107 785 1263 857 episcopum
1287 782 1508 855 aagrabiensem.

400 889 521 947 Civitati
540 897 568 947 et
588 892 671 960 clero,
695 899 729 948 ut
749 891 836 948 eidem
859 890 956 947 devote
978 890 1116 960 obediant,
1139 889 1360 948 cominendatur.

333 1051 477 1110 Urbanus
508 1053 672 1125 episcopus
703 1068 811 1110 servus
840 1068 1002 1110 servorum
1033 1051 1090 1109 dei.
1124 1052 1253 1109 Dilectis
1284 1050 1358 1108 filiis
1392 1051 1511 1124 populo

243 1158 449 1230 zagabriensis
472 1158 604 1216 civitatis
628 1165 658 1215 et
680 1159 818 1229 diocesis,
835 1160 968 1216 salutem
985 1165 1015 1215 et
1030 1158 1235 1232 apostolicam
1257 1156 1511 1215 benedictionem.

245 1264 381 1322 Rationis
404 1265 502 1322 oculis
526 1265 676 1322 intuentes
699 1264 872 1335 commoda,
889 1280 948 1337 que
964 1264 1145 1321 vacantibus
1166 1263 1303 1320 ecelesiis
1326 1262 1364 1320 de
1387 1262 1513 1320 salubri

245 1371 421 1442 provisione
444 1371 638 1444 proveniunt,
662 1370 823 1428 reddimur
853 1369 945 1428 corde
975 1370 1109 1436 solliciti,
1133 1375 1167 1425 ut
1194 1370 1275 1426 eirca
1298 1369 1509 1442 provisionem

245 1476 423 1534 huiusmodi
446 1476 619 1534 faciendam
642 1475 798 1534 fructuose
820 1476 995 1535 attentionis
1018 1475 1156 1533 studium
1180 1476 1338 1532 habeatur.
1360 1472 1439 1532 Sane
1462 1489 1510 1531 za·

245 1583 401 1653 gabriensi
424 1583 553 1640 ecclesia
583 1583 722 1656 episcopi
749 1583 864 1640 solacio
894 1581 1047 1652 destituta,
1071 1580 1202 1639 dilectus
1230 1580 1314 1638 filius
1338 1581 1514 1654 prepositus

246 1695 275 1745 et
305 1688 477 1762 capitulum
507 1688 604 1762 ipsius
636 1688 763 1745 ecclesie
793 1689 1011 1746 convenientes
1049 1688 1080 1744 iu
1116 1703 1222 1759 unum,
1257 1687 1384 1761 spiritus
1419 1687 1515 1745 sancti

245 1795 344 1866 gratia
367 1794 519 1864 invocata,
543 1793 692 1851 dilectum
719 1794 821 1852 filium
844 1793 1045 1868 Stephanum,
1069 1794 1266 1868 capellanum
1289 1799 1439 1864 nostrum,
1462 1809 1514 1851 ne·

247 1908 353 1974 potem
378 1901 565 1958 venerabilis
589 1900 692 1958 fratris
715 1903 811 1958 nostri
835 1893 1007 1979 (Stephani)
1032 1901 1170 1974 episcopi
1199 1899 1376 1971 Penestrini,
1401 1914 1512 1975 prepo-

247 2007 340 2064 situm
364 2008 491 2065 ecclesie
516 2007 717 2077 PozoniensiS,
742 2008 909 2081 patientem
935 2008 965 2064 in
988 2012 1068 2064 etate
1091 2005 1256 2075 defectum,
1278 2006 1309 2063 iu
1333 2006 1513 2078 zagabrien-

247 2128 312 2169 sem
337 2113 519 2186 episcopum
543 2113 728 2170 unanimiter
751 2118 781 2170 et
803 2111 996 2170 concorditer
1019 2112 1223 2185 postularunt.
1246 2110 1309 2168 Nos
1325 2117 1429 2168 autem
1444 2126 1514 2184 pre·

248 2225 365 2276 sentata
399 2219 488 2276 nobis
520 2219 727 2291 postulatione
759 2217 946 2287 huiusmodi,
983 2218 1194 2291 provisionem
1230 2223 1260 2274 et
1290 2216 1518 2274 ordinationem

249 2324 387 2382 eiusdem
411 2325 618 2397 zagabriensis
642 2324 769 2381 ecclesie
790 2323 872 2381 dicto
897 2325 1043 2397 episcopo
1067 2324 1244 2382 Penestrino
1264 2322 1411 2380 duximus
1433 2337 1517 2381 com·

246 2429 420 2487 mittendas
445 2429 482 2486 Et
503 2430 574 2487 licet
605 2429 636 2487 in
667 2429 776 2486 eodem
800 2427 956 2502 Stephano
986 2428 1205 2503 imperfectum
1236 2430 1324 2486 etatis
1352 2428 1514 2502 suppleret

247 2536 368 2607 generis
399 2542 428 2593 et
460 2551 582 2592 morum
613 2535 768 2606 nobilitas
808 2542 930 2592 matura
965 2535 1108 2592 discretio
1142 2541 1173 2592 et
1206 2535 1331 2593 scientia
1366 2533 1517 2604 litteralis,

247 2647 350 2698 tamen
374 2641 532 2714 predictus
557 2641 721 2714 episcopus
742 2641 851 2698 nolens
873 2640 911 2698 ad
937 2657 1058 2698 carnem
1084 2647 1114 2698 et
1137 2641 1319 2713 sanguinem
1339 2640 1455 2698 habere
1469 2655 1518 2697 re·

249 2755 398 2818 spectum,
422 2747 461 2804 de
481 2748 630 2819 magistro
653 2746 825 2817 Timotheo,
851 2756 923 2804 tunc
945 2747 1135 2804 subdiacono
1158 2753 1188 2804 et
1213 2747 1377 2821 capellano
1401 2751 1515 2815 nostro,

248 2852 464 2909 archidiacono
487 2853 525 2910 de
549 2851 623 2910 Zela
646 2853 676 2910 in
700 2853 830 2910 ecclesia
852 2853 1069 2926 vesprimiensi
1093 2860 1123 2911 et
1145 2854 1293 2911 canonico
1315 2852 1519 2924 zagabriensi,

248 2958 385 3030 predicte
406 2959 598 3030 zagabriensi
615 2960 745 3016 ecclesie
760 2960 943 3017 auctoritate
959 2960 1020 3017 sibi
1042 2974 1061 3016 a
1083 2960 1174 3017 nobis
1198 2960 1228 3017 in
1251 2959 1309 3016 hac
1328 2963 1417 3033 parte
1433 2973 1516 3016 com·

250 3065 343 3121 missa
367 3064 514 3137 providit.
539 3064 601 3122 Nos
618 3065 722 3137 itaque
737 3064 936 3135 attendentes,
953 3065 1037 3137 quod
1053 3065 1155 3124 eidem
1171 3066 1320 3138 magistro
1343 3064 1516 3135 Thimoteo,

250 3187 343 3242 quem
366 3186 422 3228 uos
447 3178 477 3228 et
501 3169 611 3228 fratres
635 3171 731 3228 nostri
754 3177 883 3244 propter
906 3187 960 3228 sue
988 3172 1171 3245 multiplicis
1202 3170 1390 3229 evidentiam
1413 3171 1518 3244 probi·

251 3278 322 3334 tatis
346 3294 452 3334 carum
477 3278 629 3334 habemus
652 3277 826 3350 plurimum
851 3285 881 3334 et
904 3285 1074 3351 acceptum,
1099 3279 1183 3335 clara
1200 3293 1324 3335 morum
1347 3283 1376 3334 et
1400 3277 1463 3334 vite
1479 3291 1514 3334 ac

250 3384 373 3440 scientie
396 3384 507 3439 merita
536 3384 745 3455 suffragantur
776 3389 806 3440 et
835 3385 1019 3456 perhibetur
1050 3385 1269 3455 testimonium,
1293 3383 1377 3456 quod
1401 3384 1432 3440 in
1455 3384 1517 3457 spi·

249 3489 414 3546 ritualibus
447 3495 477 3546 et
508 3489 734 3562 temporalibus
764 3491 804 3546 sit
835 3488 1034 3547 laudabiliter
1063 3491 1312 3563 circumspectus,
1341 3488 1518 3547 huiusmodi

249 3596 468 3667 provisionem,
486 3611 581 3667 quam
597 3595 697 3652 eidem
714 3595 906 3666 zagabriensi
921 3596 1049 3653 ecclesie
1066 3596 1268 3668 cognovimus
1292 3594 1447 3668 expedire,
1471 3611 1520 3652 ra·

250 3710 312 3756 tam
330 3709 359 3757 ct
376 3708 496 3772 gratam
512 3701 689 3771 habuimus,
715 3708 746 3758 et
760 3716 829 3758 eam
846 3702 1026 3759 auctoritate
1044 3703 1214 3775 apostolica
1237 3701 1383 3759 duximus
1406 3701 1517 3759 confir-

249 3806 404 3876 mandam,
428 3822 463 3863 ac
486 3806 706 3863 nichilominus
728 3822 800 3863 eum
824 3807 863 3863 de
889 3806 1022 3865 fratrum
1038 3815 1216 3866 nostrorum
1239 3807 1368 3865 consilio
1392 3814 1422 3864 et
1444 3822 1518 3880 apo·

249 3912 356 3968 stolice
379 3911 572 3984 plenitudine
604 3913 763 3985 potestatis
795 3912 914 3985 prefate
944 3914 1137 3985 zagabriensi
1169 3913 1298 3970 ecclesie
1329 3911 1518 3985 prefecimus

249 4019 279 4075 in
303 4020 485 4092 episcopum
509 4026 538 4075 et
562 4025 727 4092 pastorem,
751 4019 844 4076 firma
866 4024 1014 4093 concepta
1037 4019 1159 4090 fiducia,
1183 4018 1268 4092 quod
1299 4017 1401 4076 eidem
1423 4033 1512 4091 zaga·

250 4124 365 4181 briensi
387 4125 514 4181 ecclesie
531 4141 586 4197 per
601 4126 698 4198 ipsius
714 4125 922 4183 ministerium
938 4126 1152 4199 prosperitatis
1169 4131 1198 4182 et
1214 4125 1348 4193 honoris,
1371 4123 1430 4181 deo
1447 4139 1519 4197 pro·

252 4230 336 4303 pitio,
361 4230 534 4287 desiderata
557 4233 741 4304 proveniant
764 4232 960 4289 incrementa.
983 4231 1141 4304 Rogamus
1158 4233 1261 4304 itaque
1284 4231 1520 4289 universitatem

251 4343 386 4393 vestram
418 4343 448 4393 et
478 4338 640 4394 hortamur
671 4344 792 4407 attente,
825 4337 1013 4408 mandantes,
1045 4343 1195 4410 quatenus
1226 4337 1358 4394 eundem
1386 4338 1520 4394 electum

251 4448 410 4514 tamquam
436 4450 555 4515 patrem
580 4448 609 4499 et
635 4449 792 4515 pastorem
822 4443 997 4500 animarum
1030 4451 1204 4502 vestrarum
1228 4442 1425 4501 admittentes
1452 4443 1519 4515 yla·

250 4549 325 4605 riter
348 4557 377 4605 et
400 4548 569 4605 honorifice
593 4556 822 4622 pertractantes,
854 4549 915 4608 sibi
946 4553 1107 4622 tamquam
1137 4549 1221 4624 patri
1250 4554 1280 4606 et
1311 4549 1430 4622 pastori
1452 4549 1516 4606 ani·

250 4668 374 4711 marum
399 4661 575 4711 vestrarum
597 4654 785 4728 impendatis
806 4655 1015 4713 obedientiam
1038 4660 1067 4712 et
1090 4655 1294 4713 reverentiam
1315 4653 1463 4724 debitam,
1479 4669 1518 4712 ac

253 4761 318 4818 eius
341 4760 521 4817 salubribus
545 4759 698 4817 mandatis
722 4765 752 4817 et
775 4761 900 4819 monitis
915 4760 1083 4820 efficaciter
1098 4760 1272 4833 intendatis,
1295 4761 1337 4818 ita
1353 4760 1437 4834 quod
1453 4761 1521 4836 ipse

1404 4887 1420 4939 3
