3488 5242
668 333 819 394 Addenda.
847 368 883 376 -
908 336 964 393 An.
989 331 1080 411 1346.
1439 356 1501 415 449

239 441 1226 451 1———.————————-——--—————
1236 441 1275 448 .—

238 555 311 611 pore
335 538 500 594 constituto
524 537 689 605 soluturas,
713 542 742 593 et
766 535 847 608 quod
874 535 987 591 silvam
1010 536 1078 591 usui
1095 550 1201 591 eorum
1219 541 1445 608 competentem
1468 553 1504 593 ac

236 643 391 716 quandam
418 651 531 699 terram
559 640 707 698 Scibilian
732 646 940 712 nuncupatam
965 656 1035 697 cum
1059 641 1148 697 silvis
1171 649 1201 698 et
1225 642 1418 712 quibuslibet
1433 643 1503 699 aliis

236 751 298 806 suis
321 748 516 822 apendenciis
541 748 695 819 requisitis
719 746 936 818 iobagionibus
968 747 1059 803 castri
1090 747 1297 817 zagrabiensis
1320 749 1504 819 assignasset

236 855 410 926 hospitibus
434 853 471 910 de
495 852 596 910 Grech
622 853 806 925 prenotatis;
830 850 1053 923 quamquidem
1073 850 1303 908 ordinacionem
1320 868 1375 925 per
1400 854 1502 926 ipsum

235 960 396 1017 dominum
421 958 612 1031 Stephanum
637 958 753 1014 banum
777 956 909 1029 provide
941 955 1054 1013 iactam
1085 958 1152 1030 ipse
1183 956 1328 1013 dominus
1352 957 1425 1014 Bela
1450 976 1502 1016 rex

236 1065 436 1138 preallegatis
460 1063 607 1120 fidelibus
630 1063 693 1119 suis
718 1063 893 1135 hospitibus
910 1070 1061 1135 perpetuo
1077 1061 1289 1119 confirmasset
1314 1062 1503 1123 duraturam.

237 1171 401 1226 Presertim
433 1170 639 1226 exhibuerunt
670 1168 760 1225 nobis
791 1166 874 1224 aliud
908 1168 1107 1240 privilegium
1141 1168 1327 1225 serenissimi
1355 1172 1505 1245 principis

236 1276 353 1333 domini
390 1275 504 1343 Karoli,
540 1274 696 1346 quondam
733 1274 863 1330 illustris
900 1275 979 1345 regis
1017 1275 1181 1344 ilungarie,
1217 1275 1246 1330 in
1282 1290 1363 1331 anno
1387 1274 1504 1334 domini

238 1381 406 1438 Mtjc'c'xx
429 1387 539 1437 octavo
562 1385 748 1448 emanatum,
780 1378 966 1436 confirmans
998 1379 1199 1451 privilegium
1230 1395 1320 1436 suurn
1345 1382 1441 1452 priori
1476 1389 1505 1439 et

236 1489 363 1559 antiquo
385 1486 491 1556 sigillo
513 1501 569 1543 suo
593 1486 815 1557 consignatum,
839 1500 919 1540 anno
942 1485 1000 1540 sub
1025 1485 1236 1542 incarnacione
1260 1485 1377 1543 domini
1396 1487 1505 1545 MCCC

237 1594 358 1650 decimo
379 1593 512 1666 septimo
535 1590 718 1661 coniectum,
750 1589 830 1662 quod
864 1590 1063 1647 confirmasse
1095 1590 1259 1648 videbatur
1281 1593 1433 1663 quasdam
1456 1595 1505 1650 lit·

239 1707 320 1755 teras
350 1698 561 1771 privilegiales
591 1696 709 1753 domini
740 1694 887 1769 Stephani
921 1696 1000 1764 bani,
1033 1703 1171 1752 tenorem
1195 1697 1352 1768 privilegii
1384 1698 1502 1755 domini

238 1805 382 1864 Ladizlai.
406 1803 562 1875 quondam
589 1802 718 1858 illustris
742 1802 823 1871 regis
847 1801 1013 1872 Hungarie,
1038 1801 1135 1858 felicis
1159 1804 1316 1869 memorie,
1345 1804 1403 1859 sub
1427 1819 1506 1861 anno

238 1910 356 1967 domini
382 1908 463 1965 MCC
488 1908 716 1981 septuagesimo
740 1908 847 1978 quinto
863 1924 957 1979 super
973 1907 1143 1964 collacione
1164 1909 1365 1979 possessionis
1381 1908 1504 1966 Cobilia

237 2024 420 2088 nuncupate,
443 2015 519 2070 ville
544 2013 685 2070 videlicet
710 2013 783 2069 dicti
807 2014 898 2069 castri
915 2014 1130 2083 zagrabiensis
1149 2016 1385 2084 prememoratis
1402 2016 1506 2086 hospi-

238 2123 322 2179 tibus
346 2121 384 2177 de
408 2120 510 2178 Grech
536 2118 622 2187 facta,
646 2120 788 2186 emanati‚
813 2119 1001 2175 continentes
1025 2120 1123 2175 eciam
1148 2111 1285 2176 tenorem
1314 2119 1432 2177 domini
1454 2121 1506 2203 Jo-

238 2228 346 2284 hannis
378 2227 449 2283 bani
481 2232 511 2281 et
541 2226 633 2281 lunus
656 2225 777 2281 comitis
800 2225 1007 2296 zagrabiensis
1030 2225 1212 2294 litterarum,
1237 2226 1267 2282 in
1292 2227 1405 2297 quibus
1429 2227 1507 2283 inter

237 2340 338 2389 cetera
361 2333 532 2404 reperimus
548 2331 712 2387 contineri:
737 2330 821 2403 quod
845 2346 949 2386 comes
972 2329 1144 2398 Farlrasius,
1167 2346 1263 2402 nepos
1286 2332 1407 2388 comitis
1430 2331 1507 2389 Gar·

239 2436 310 2497 dun.
336 2439 365 2492 in
391 2437 561 2493 statucione
584 2434 744 2492 cuiusdam
776 2432 977 2508 possessionis
1008 2435 1141 2506 Cobilya
1172 2445 1345 2507 nuncupate
1378 2452 1435 2509 per
1458 2453 1507 2494 co·

239 2543 345 2599 mitem
381 2543 547 2598 Martinum
583 2540 787 2597 castellanum
818 2540 856 2597 de
889 2540 1006 2608 liedue‚
1040 2557 1132 2612 quem
1158 2540 1302 2597 dominus
1334 2540 1507 2613 Stephanus

239 2648 336 2705 banus
355 2647 526 2716 Sclauonie,
550 2647 705 2729 Johannes
728 2655 758 2703 et
782 2647 964 2714 Raduzlaus,
990 2646 1045 2703 tilii
1070 2648 1192 2703 comitis
1215 2647 1361 2709 Babanik.
1379 2655 1506 2720 accepto

240 2753 358 2810 domini
382 2755 464 2822 regis
489 2754 593 2809 Karoli
620 2752 766 2809 mandato
790 2752 826 2809 ad
852 2751 1044 2809 statuendam
1071 2753 1171 2825 ipsam
1200 2754 1424 2825 possessionem
1450 2752 1508 2810 Co·

239 2861 316 2917 bilia
359 2861 589 2917 transmiserant
619 2861 677 2915 sub
709 2859 885 2916 testimonio
917 2860 1051 2915 hominis
1087 2860 1216 2932 capituli
1246 2860 1373 2915 ecclesie
1404 2875 1508 2930 zagra-

239 2966 361 3028 biensis,
385 2966 506 3022 civibus
529 2973 558 3021 et
582 2965 757 3036 hospitibus
775 2964 813 3021 de
833 2949 934 3022 Grech
952 2967 1120 3036 prenotatis
1139 2965 1285 3029 iacienda,
1302 2963 1509 3021 contradictor

239 3079 268 3127 et
292 3086 349 3144 pro
374 3086 409 3127 eo
433 3071 472 3126 ad
497 3071 664 3127 terminum
690 3071 865 3142 legitimum
888 3078 994 3127 contra
1011 3078 1199 3126 memoratos
1216 3071 1298 3126 cives
1315 3069 1506 3126 Grechenses

239 3178 278 3234 ad
302 3179 384 3250 regie
409 3178 577 3233 maiestatis
602 3178 791 3250 presenciam
816 3177 926 3233 citatus
950 3176 1162 3248 reperiebatur
1196 3177 1338 3232 extitisse.
1369 3175 1507 3232 Tandem

240 3283 329 3340 dictis
361 3283 536 3356 hospitibus
566 3299 620 3339 sua
649 3283 850 3339 instrumenta
881 3299 979 3355 super
1005 3282 1112 3337 eadem
1147 3283 1338 3354 possessione
1368 3281 1510 3338 confecta

240 3404 343 3446 coram
369 3390 453 3459 regia
478 3389 590 3461 pietate
613 3389 762 3460 regnique
785 3389 831 3445 sui
856 3388 1014 3444 nobilibus
1041 3387 1267 3455 exhibentibus,
1292 3386 1373 3443 idern
1396 3387 1509 3444 Farlra-

241 3496 304 3551 sius
329 3497 357 3551 in
383 3496 514 3551 termino
539 3495 679 3567 partibus
702 3495 858 3565 assignato
881 3494 1099 3566 comparendo,
1124 3494 1209 3549 omni
1226 3494 1293 3560 iuri,
1311 3493 1365 3561 liti,
1383 3495 1508 3563 accioni,

240 3599 478 3657 contradiccioni
502 3608 531 3656 et
552 3600 716 3657 cuiuslibet
742 3601 870 3657 materie
893 3600 1062 3672 questionis
1092 3605 1159 3655 orte
1191 3600 1239 3654 vel
1271 3600 1397 3655 oriende
1420 3615 1508 3655 occa·

240 3707 324 3762 sione
347 3707 548 3779 possessionis
571 3687 714 3762 annotate
737 3715 843 3763 contra
866 3707 949 3762 cives
977 3712 1164 3761 memoratos
1188 3721 1417 3775 recognoscens
1442 3721 1508 3762 eos-

240 3812 312 3867 dem
335 3812 418 3867 cives
443 3812 470 3867 in
496 3813 686 3884 possessione
714 3811 834 3884 prefata
860 3813 1014 3883 integrum
1046 3813 1092 3867 ius
1124 3811 1246 3877 habere,
1279 3826 1333 3865 nec
1364 3811 1401 3866 ad
1430 3811 1508 3867 alios

241 3926 344 3989 preter
369 3918 452 3989 ipsos
474 3918 557 3973 solos
580 3918 663 3973 cives
687 3918 779 3989 pleno
804 3919 869 3974 iure
895 3919 1046 3990 pertinere
1071 3917 1278 3973 renunciasset
1300 3932 1376 3989 pure
1392 3923 1421 3971 et
1437 3917 1510 3972 sim·

244 4023 366 4094 pliciter
396 4038 432 4078 ac
455 4024 485 4078 in
509 4030 573 4079 toto
594 4022 723 4079 eandem
749 4025 973 4096 possessionem
998 4022 1125 4095 pacifice
1157 4023 1231 4094 ipsis
1263 4023 1384 4078 civibus
1416 4023 1508 4079 relin-

241 4127 364 4199 quendo
389 4127 555 4200 possidere,
588 4136 618 4184 et
649 4127 731 4199 quod
765 4129 835 4185 Inus
866 4144 969 4185 comes
1001 4129 1208 4200 zagrabiensis
1239 4133 1366 4200 accepto
1391 4127 1508 4184 domini

242 4233 379 4290 Ladizlai
404 4235 484 4305 regis
507 4242 537 4290 et
561 4234 678 4291 domini
701 4234 850 4316 Johannis
877 4236 949 4290 bani
982 4235 1079 4290 tocius
1110 4232 1280 4293 Sclauonie.
1313 4232 1431 4290 domini
1455 4235 1510 4303 sui,

240 4339 386 4396 mandato
410 4345 439 4394 et
463 4346 618 4411 precepto,
651 4345 764 4396 terram
798 4339 921 4396 Cobilia
952 4347 1094 4396 vocatam
1127 4355 1197 4394 curn
1230 4339 1415 4394 utilitatibus
1448 4340 1511 4394 suis

242 4445 401 4511 universis
425 4446 484 4500 sub
508 4447 598 4501 metis
622 4445 756 4516 antiquis
780 4453 920 4517 presente
944 4445 1049 4513 Paulo,
1067 4445 1132 4501 tilio
1152 4445 1177 4500 V
1180 4444 1238 4509 ida,
1259 4444 1420 4517 pristaldo,
1440 4452 1511 4499 tunc

242 4549 381 4606 terrestri
405 4550 516 4606 comite
539 4551 695 4621 existente,
718 4551 778 4607 sub
802 4551 978 4607 testimonio
1001 4551 1135 4607 hominis
1158 4550 1286 4622 capituli
1314 4549 1442 4606 ecclesie
1462 4566 1510 4606 za·

241 4654 414 4724 grabiensis
438 4655 503 4711 iure
526 4663 678 4728 perpetuo
701 4656 823 4714 civibus
845 4656 884 4713 de
908 4663 1012 4712 monte
1036 4655 1242 4712 Grecensibus
1258 4656 1323 4712 sine
1339 4654 1509 4711 contradic·

241 4762 327 4818 cione
350 4762 505 4818 statuisset
535 4762 764 4836 possidendam.
795 4762 907 4820 Adhuc
938 4761 1033 4820 iidem
1066 4762 1187 4819 Nicolet
1217 4768 1248 4818 et
1276 4761 1349 4818 laxe
1372 4760 1530 4818 elusum

1372 4882 1438 4930 29
