3488 5242
243 360 300 404 102
672 343 745 399 Doc.
769 354 837 399 120.
864 373 899 384 -
926 339 982 397 An.
1007 353 1094 416 1322.

241 541 377 609 obnoxii,
409 540 438 597 in
471 539 600 612 prefixis
631 539 668 595 ad
704 539 762 595 hoc
792 546 821 594 et
845 539 907 595 iam
931 539 1045 611 elapsis
1069 538 1208 595 terminis
1232 537 1384 608 denegant
1407 537 1511 594 minus

242 647 328 704 iuste.
352 645 455 718 Quare
478 644 562 702 idem
586 645 750 718 episcopus
773 644 862 701 nobis
886 645 1046 702 humiliter
1069 643 1265 717 supplicavit,
1290 648 1323 699 ut
1344 642 1510 715 providere

241 753 301 810 sibi
324 759 387 809 tam
419 768 513 825 super
543 752 611 820 hiis,
644 767 738 824 quam
761 766 856 824 super
878 751 1035 808 nonnullis
1058 751 1127 807 aliis
1152 749 1354 823 pecuniarum
1378 751 1510 806 summis

241 859 301 916 sibi
324 876 362 915 ex
386 858 476 915 certis
501 864 530 915 et
553 858 756 915 rationalibus
791 857 890 914 causis
921 855 1035 913 debitis
1063 855 1101 913 de
1126 863 1279 928 oportuno
1303 854 1441 912 remedio
1464 854 1509 911 di·

241 979 416 1036 gnaremur.
440 963 504 1021 Nos
536 963 630 1036 igitur
660 964 799 1020 nolentes
822 961 923 1019 eidem
947 962 1104 1036 episcopo,
1128 977 1220 1035 quem
1245 961 1308 1018 suis
1333 961 1425 1018 claris
1447 962 1510 1018 exi·

242 1070 385 1143 gentibus
409 1069 528 1127 meritis
551 1069 750 1142 prerogativa
768 1068 911 1141 specialis
935 1067 1052 1125 favoris
1075 1068 1302 1141 prosequimur,
1325 1067 1354 1124 in
1371 1082 1427 1124 suo
1445 1067 1510 1124 iure

242 1174 356 1246 deesse,
380 1176 434 1248 qui
458 1190 564 1232 sumus
588 1175 734 1232 omnibus
757 1174 788 1232 in
812 1174 927 1232 iustitia
950 1174 1114 1243 debitores
1138 1172 1316 1230 discretioni
1336 1180 1437 1230 vestre
1455 1189 1510 1246 per

241 1282 412 1354 apostolica
435 1282 550 1355 scripta
574 1281 767 1350 mandamus,
792 1285 942 1352 quatenus
964 1295 1022 1336 vos
1045 1280 1096 1337 vel
1121 1279 1183 1336 duo
1200 1285 1252 1336 aut
1268 1295 1345 1335 unus
1362 1285 1508 1348 vestrum,

243 1401 350 1443 omnes
374 1392 405 1444 et
427 1387 573 1459 singulos,
597 1401 675 1460 quos
698 1387 875 1445 inveniretis
899 1387 929 1444 in
954 1387 1060 1458 aliquo
1084 1387 1230 1460 episcopo
1248 1385 1386 1459 predicto
1404 1386 1509 1455 teneri,

246 1493 272 1549 si
296 1491 377 1549 infra
409 1497 527 1551 certum
557 1498 784 1567 competentem
816 1493 991 1563 terminum,
1021 1508 1114 1565 quem
1146 1493 1189 1549 eis
1215 1491 1255 1549 ad
1279 1492 1336 1548 hoc
1360 1491 1510 1548 duxeritis

243 1597 459 1672 prefigendum
487 1598 705 1673 peremptorie,
736 1599 796 1672 ipsi
826 1600 972 1672 episcopo
1004 1598 1179 1656 satisfacere
1203 1597 1282 1655 sorte
1308 1598 1506 1670 neglexerint,

247 1719 299 1761 eos
322 1703 360 1761 ad
393 1703 644 1763 satisfaciendum
674 1705 710 1776 ei,
741 1705 793 1762 vel
821 1706 886 1762 eius
909 1706 1104 1779 procuratori
1129 1721 1186 1778 pro
1210 1720 1255 1775 eo,
1280 1705 1448 1761 summarie
1472 1704 1510 1761 de

244 1811 338 1883 plano
362 1811 426 1868 sine
450 1812 580 1885 strepitu
604 1818 634 1868 et
650 1811 750 1885 figura
765 1810 870 1869 iudicii
887 1827 943 1885 per
959 1827 1120 1869 censuram
1137 1811 1384 1881 ecclesiasticam,
1401 1811 1509 1884 appel-

245 1915 358 1973 latione
381 1917 563 1990 postposita,
584 1917 788 1990 compellatis.
806 1917 874 1975 Non
890 1918 1031 1975 obstante
1047 1918 1072 1974 si
1088 1917 1247 1988 aliquibus
1263 1932 1280 1972 a
1296 1915 1368 1973 sede
1389 1922 1511 1990 aposlo-

243 2021 305 2078 lica
328 2022 367 2079 sit
389 2022 552 2093 indultum,
577 2022 660 2095 quod
677 2023 826 2093 interdici,
843 2023 997 2096 suspendi,
1014 2024 1064 2080 vel
1088 2022 1347 2080 excommunicari
1364 2038 1423 2079 non
1441 2039 1510 2095 pos·

243 2129 304 2185 sint
328 2144 383 2200 per
407 2129 525 2187 litteras
547 2129 733 2202 apostolicas
756 2144 816 2186 non
841 2128 985 2187 iacientes
1009 2131 1133 2203 plenam
1157 2138 1187 2185 et
1211 2144 1388 2201 expressam
1414 2145 1449 2185 ac
1473 2128 1511 2185 de

244 2235 342 2291 verbo
366 2233 403 2291 ad
429 2235 564 2292 verbum
587 2235 626 2292 de
649 2234 771 2293 indultu
787 2234 965 2293 huiusmodi
988 2236 1183 2293 mentionem.
1209 2235 1324 2291 Datum
1349 2235 1509 2297 Avinione.

244 2356 273 2397 v.
298 2339 357 2398 kal.
381 2341 472 2423 Junii.
494 2343 584 2398 Anno
607 2349 701 2399 sexto.

336 2475 376 2524 Ex
395 2490 449 2542 reg.
472 2475 540 2542 orig.
560 2491 599 2526 an.
619 2476 665 2526 VI.
685 2491 750 2526 com.
773 2492 812 2542 cp.
836 2486 890 2540 129.
911 2475 1033 2526 Thciner.
1055 2476 1124 2526 Mon.
1146 2476 1233 2541 Hung.
1256 2475 1316 2526 hist.
1337 2490 1362 2540 p.
1381 2484 1440 2538 479.

836 2707 921 2774 120.

351 2833 428 2881 Anno
450 2841 524 2890 1322,
544 2841 567 2881 2.
586 2830 667 2898 Junii.
687 2830 840 2896 Zagrabiae.

254 2959 383 3033 Capituli
403 2960 519 3032 aagrab.
543 2961 693 3030 emissarii,
707 2961 794 3035 fines,
810 2960 959 3034 dequibus
976 2968 1127 3017 corruentis
1143 2960 1314 3016 Rctneiensis
1330 2967 1357 3015 ct
1377 2960 1514 3031 magister

279 3066 425 3122 Renoldus
447 3083 481 3122 ac
504 3066 664 3139 iobagtbnes
685 3066 719 3123 dc
741 3067 848 3123 Blizna
872 3075 991 3140 egerant
1003 3085 1127 3136 creusam,
1136 3067 1275 3140 sormunt
1290 3073 1318 3122 e!
1331 3073 1477 3121 renovasti.

338 3209 518 3282 Capitulum
541 3210 749 3280 zagrabiensis
773 3210 907 3268 ecclesie.
931 3209 1147 3282 Significamus
1170 3210 1282 3281 quibus
1299 3208 1425 3281 expedit
1448 3210 1513 3265 uni-

247 3317 352 3373 versis.
376 3313 467 3388 Quod
491 3331 563 3372 cum
587 3317 760 3386 questiones
783 3323 812 3373 et
836 3316 1040 3374 discensiones
1064 3316 1141 3373 inter
1172 3321 1357 3372 conventum
1380 3314 1512 3372 fratrum

246 3422 479 3479 Heremitarum
502 3421 540 3479 de
563 3421 714 3493 Zagrabia
738 3429 768 3479 et
791 3424 973 3494 magistrum
1008 3422 1191 3493 Renoldum,
1215 3437 1251 3478 ac
1274 3422 1451 3494 iobagiones
1475 3421 1513 3478 de

247 3527 351 3585 Blizna
382 3544 475 3602 super
506 3527 621 3585 finibus
652 3533 682 3585 et
712 3529 802 3585 metis
833 3536 986 3586 terrarum
1016 3535 1192 3586 nostrarum
1223 3528 1260 3584 de
1292 3527 1458 3584 linkoucha
1484 3534 1513 3584 et

248 3638 401 3690 terrarum
425 3632 463 3690 de
494 3632 599 3690 Blizna
629 3640 735 3691 exorte
759 3634 907 3703 fuissent;
937 3634 1060 3692 tandem
1092 3650 1147 3691 nos
1178 3633 1217 3690 ad
1247 3633 1460 3691 reformandas
1484 3640 1513 3689 et

247 3738 439 3797 renovandas
463 3739 560 3796 dictas
590 3747 687 3796 metas
711 3741 853 3797 misimus
878 3740 1025 3798 discretos
1049 3742 1133 3797 viros
1157 3741 1336 3812 magistros:
1359 3727 1510 3822 Jacobum

247 3846 404 3914 lectorem,
429 3846 627 3903 Dominicum
655 3846 822 3915 custodem,
847 3846 1001 3902 Bonoram
1031 3846 1281 3902 archidiaconum
1306 3844 1512 3912 (leuentur,

248 3951 415 4007 Martinum
438 3949 692 4009 archidiaconum
714 3950 752 4008 de
776 3952 878 4009 Vaslra
903 3960 933 4009 et
956 3953 1140 4023 magistrum
1160 3951 1340 4033 johannem,
1364 3967 1511 4009 concano-

247 4057 332 4113 nicos
354 4062 484 4126 nostros,
509 4057 562 4128 qui
585 4056 624 4113 ad
640 4073 696 4114 nos
711 4057 873 4114 redeuntes
891 4057 1083 4114 concorditer
1099 4058 1278 4126 retulerunt,
1303 4073 1334 4114 se
1360 4058 1513 4130 predictas

248 4168 346 4219 metas
368 4160 553 4220 reformasse
584 4169 614 4218 et
644 4178 809 4219 renovasse
842 4172 1009 4235 spontanea
1032 4164 1199 4234 voluntate,
1222 4164 1418 4236 presentibus
1446 4180 1513 4237 pre·

248 4267 331 4325 dicto
353 4268 501 4340 magistro
526 4267 665 4325 Renoldo
689 4277 718 4325 et
743 4269 958 4340 iobagionibus
981 4270 1045 4326 suis
1068 4270 1097 4326 in
1122 4270 1202 4326 hunc
1233 4268 1380 4326 modum:
1413 4270 1514 4342 prima

250 4381 331 4431 meta
354 4374 460 4448 incipit
492 4375 533 4431 ab
556 4375 672 4431 oriente
702 4376 783 4432 circa
814 4375 897 4432 viam
928 4376 1089 4447 publicam
1120 4391 1179 4448 que
1211 4376 1295 4432 venit
1319 4374 1357 4431 de
1382 4375 1513 4444 Barnun,

249 4479 304 4536 ubi
326 4485 372 4537 est
394 4486 475 4537 meta
498 4485 598 4537 terrea
623 4481 654 4538 in
678 4480 769 4550 valle,
791 4485 821 4537 et
852 4496 909 4553 per
932 4481 1062 4538 eandem
1093 4482 1209 4538 vallem
1239 4481 1353 4539 directe
1376 4482 1514 4540 ascendit

250 4599 357 4643 versus
381 4585 572 4644 occidentem
595 4586 634 4644 ad
658 4586 864 4643 monticulum
896 4594 926 4644 et
956 4588 1098 4660 pervenit
1128 4587 1165 4644 ad
1195 4588 1340 4644 arborem
1364 4596 1512 4658 castanee,

249 4690 305 4747 ubi
327 4696 373 4749 est
395 4697 478 4749 meta
501 4698 601 4749 terrea
624 4697 653 4749 et
676 4707 755 4749 unus
777 4692 869 4749 albus
892 4693 974 4767 lapis
996 4693 1079 4750 circa
1101 4709 1178 4762 eam,
1203 4692 1273 4750 inde
1297 4692 1412 4750 directe
1427 4692 1514 4751 vadit

250 4793 290 4851 ad
312 4795 478 4856 secundam
502 4798 646 4857 arborem
672 4805 818 4869 castanee,
842 4798 898 4856 ubi
920 4805 966 4857 est
989 4805 1071 4856 meta
1101 4804 1209 4870 terrea,
1239 4804 1269 4855 et
1291 4797 1408 4856 ibidem
1433 4798 1515 4858 cadit
