3488 5242
253 345 313 404 39³
668 324 740 386 Dor.
762 339 834 405 407.
860 361 897 370 —
921 328 978 387 An.
1003 340 1092 406 1397.

253 517 284 567 et
306 510 431 582 ltlathye
455 510 598 567 similiter
631 509 740 567 eadem
771 511 883 582 gracia,
907 503 1052 585 episcopo
1076 512 1221 581 reznensi,
1245 511 1368 568 vicariis
1390 511 1520 585 predicti

253 615 372 673 domini
403 616 551 699 Johannis
589 617 728 689 episcopi
770 616 800 672 in
836 615 1067 689 pontificalibus
1097 618 1303 688 generalibus,
1338 617 1519 674 auctoritate

252 720 389 778 eiusdem
426 719 544 778 domini
577 721 716 794 episcopi
747 727 777 778 et
807 727 911 778 nostra
941 721 1097 779 ordinaria
1137 722 1363 793 mandavimus,
1395 729 1429 779 ut
1459 722 1518 795 ipsi

252 827 351 885 dictos
373 827 516 896 iudicem,
539 828 656 884 iuratos
679 834 708 884 et
732 828 986 886 communitatem
1017 827 1190 901 predictam
1212 844 1230 885 a
1253 827 1374 901 prefata
1396 844 1518 885 excom·

252 933 472 991 municacionis
502 935 655 990 sentencia
685 933 848 1000 absolvere
872 932 1027 991 deberent.
1060 933 1249 1007 Quiquidem
1280 933 1415 991 domini:
1449 934 1518 991 Bar·

253 1039 375 1096 thucius
402 1039 653 1113 archiepiscopus
676 1046 706 1096 et
730 1039 860 1096 Mathias
883 1039 1056 1112 episcopus,
1080 1040 1276 1112 presentibus
1299 1039 1390 1096 nobis
1412 1047 1443 1096 et
1466 1055 1519 1097 no·

253 1144 330 1201 tario
354 1145 482 1218 publico
504 1158 539 1201 ae
563 1145 691 1201 testibus
716 1144 921 1218 infrascriptis
944 1146 975 1202 in
998 1145 1125 1202 ecelesia
1156 1145 1238 1202 beati
1261 1145 1357 1202 Marci
1379 1160 1519 1217 ewange-

252 1252 323 1309 liste
346 1252 377 1309 in
400 1251 509 1308 eadem
532 1261 636 1309 monte
659 1251 806 1310 Grecensi
827 1251 894 1320 sita,
925 1249 1110 1308 duodecima
1133 1250 1182 1308 die
1210 1252 1323 1308 mensis
1346 1250 1464 1324 aprilis,
1488 1251 1519 1308 in

252 1357 354 1416 forma
376 1357 581 1415 ecclesiastica
604 1356 756 1428 consveta‚
780 1356 959 1415 auctoritate
982 1355 1103 1430 prefata
1137 1356 1354 1426 absolverunt;
1388 1371 1466 1430 quos
1489 1363 1519 1414 et

253 1479 349 1536 quam
385 1472 415 1520 et
451 1479 515 1535 nos,
556 1472 648 1537 prout
687 1463 727 1520 ad
767 1478 823 1521 nos
853 1463 994 1537 pertinet,
1028 1463 1059 1520 in
1094 1469 1244 1535 quantum
1275 1463 1442 1536 potuimus,
1465 1462 1520 1519 ab·

252 1569 413 1640 solvimus,
451 1570 644 1627 restituentes
681 1570 766 1643 ipsos
800 1575 830 1625 et
861 1568 992 1626 eandem
1023 1569 1277 1626 communitatem
1309 1570 1340 1626 in
1363 1570 1518 1641 gremium

252 1682 355 1732 sancte
385 1675 493 1733 matris
525 1676 652 1732 ecclesie
680 1684 710 1732 et
741 1675 951 1732 communioni
979 1674 1094 1732 Christi
1126 1674 1283 1744 fidelium;
1321 1673 1517 1732 interdictum

252 1781 470 1839 nichilominus
504 1782 744 1840 ecclesiasticum
780 1780 818 1837 de
853 1780 999 1837 mandato
1022 1781 1119 1854 ipsius
1142 1779 1260 1837 domini
1282 1780 1430 1862 Johannis
1453 1782 1518 1854 epi-

252 1888 339 1961 scopi
376 1893 571 1945 removentes
601 1888 641 1944 ab
681 1885 804 1944 eisdem.
839 1886 873 1942 In
905 1901 1038 1959 quorum
1081 1887 1220 1943 omnium
1260 1893 1290 1944 et
1323 1886 1516 1958 singulorum

252 1994 477 2066 premissorum
502 1994 711 2051 testimonium
731 1998 888 2065 presentes
913 1992 1030 2050 litteras
1046 1992 1115 2050 fieri
1131 1991 1261 2050 fecimus
1284 2008 1340 2065 per
1362 1991 1518 2049 Thomam

253 2099 348 2172 Ysipi
372 2100 527 2156 notarium
552 2099 713 2172 publicum
737 2106 767 2155 et
790 2103 930 2155 nostrum
961 2098 993 2155 in
1023 2098 1081 2155 hac
1111 2103 1199 2170 parte
1222 2098 1357 2154 scribam
1381 2098 1518 2156 subsribi

253 2212 283 2262 et
305 2205 461 2278 publicari
485 2204 710 2273 mandavimus,
734 2204 893 2276 sigillique
916 2204 1012 2260 nostri
1035 2204 1161 2260 maioris
1185 2203 1372 2277 appensione
1396 2205 1517 2262 muniri.

252 2310 370 2368 Datum
391 2318 421 2367 et
444 2316 547 2367 actum
568 2309 727 2382 Zagrabie,
750 2311 829 2378 loco,
851 2308 901 2366 die
924 2315 955 2365 et
977 2324 1090 2379 mense,
1114 2308 1268 2383 predictis.
1290 2313 1378 2367 Anno
1401 2310 1518 2367 domini

253 2416 422 2474 millesimo
447 2415 525 2473 CCC
548 2418 746 2488 nonagesimo
770 2417 912 2487 septimo,
934 2414 1104 2473 indiccione
1128 2416 1244 2488 quinta,
1261 2417 1337 2474 hora
1352 2417 1518 2474 terciarum

252 2523 305 2581 vel
329 2523 424 2595 quasi.
448 2522 647 2580 Pontificatus
670 2523 853 2579 sanctissimi
884 2522 915 2578 in
946 2521 1070 2579 Christo
1097 2523 1194 2594 patris
1217 2529 1248 2579 et
1270 2522 1388 2580 domini
1413 2523 1518 2594 nostri,

252 2629 371 2686 domini
394 2626 551 2698 Bonisacii,
575 2626 680 2685 divina
705 2628 905 2701 providencia
937 2644 1019 2701 pape
1042 2629 1122 2691 noni.
1147 2643 1227 2685 anno
1250 2634 1368 2686 octavo,
1393 2629 1518 2686 Presen-

252 2734 336 2793 tibus
359 2735 464 2806 itaque
486 2733 626 2791 discretis
650 2735 734 2803 viris,
768 2733 910 2804 dominis,
942 2735 1040 2805 Petro,
1072 2734 1159 2792 Pauli
1184 2739 1214 2791 et
1235 2734 1361 2817 Jacob0,
1389 2734 1517 2805 Nicolai,

252 2842 424 2899 rectoribus
447 2840 567 2914 prefate
590 2841 717 2898 ecclesie
741 2841 822 2898 beati
846 2841 950 2911 Marci,
975 2847 1005 2898 et
1029 2841 1160 2898 Martino
1183 2840 1312 2903 Nicolai,
1336 2841 1517 2914 presbiteris

252 2947 458 3021 zagrabiensis
481 2946 629 3019 dyocesis,
654 2947 782 3004 testibus
813 2945 978 3020 fidedignis
1010 2946 1048 3004 ad
1081 2948 1233 3020 premissa
1256 2946 1389 3004 videnda
1412 2954 1443 3005 et
1464 2963 1518 3005 au·

253 3054 365 3112 dienda
388 3055 505 3112 vocatis
528 3055 703 3127 specialiter
726 3060 756 3111 et
779 3055 902 3126 rogatis.

345 3186 484 3254 Originale
504 3189 530 3237 in
550 3188 708 3238 membrana.
727 3191 750 3237 Λ
771 3204 834 3237 zona
851 3188 951 3237 sericea
970 3190 1100 3253 appendet
1120 3187 1246 3254 sigillum.
1269 3191 1350 3238 Adest
1366 3204 1472 3252 quoque
1491 3188 1517 3238 in

253 3283 419 3342 transumpto
438 3292 495 3327 ven.
519 3277 628 3342 capituli
652 3277 756 3343 zagrab.
783 3276 809 3325 iu
836 3276 944 3326 archivo
969 3276 1085 3326 eiusdem
1112 3277 1171 3327 fasc.
1199 3284 1222 3327 t).
1243 3295 1281 3328 nr.
1303 3287 1340 3341 19.
1361 3293 1391 3327 ac
1411 3277 1436 3327 in
1456 3277 1516 3326 fasc.

256 3373 295 3414 ro.
314 3380 353 3414 nr.
376 3374 414 3426 14

838 3577 930 3644 407.

359 3718 435 3768 Anno
458 3724 531 3779 1397,
550 3719 573 3768 8.
594 3716 664 3766 maii.
683 3717 836 3784 Zagrabiae.

253 3842 394 3902 Nicoluus
415 3844 449 3901 de
478 3843 565 3903 Gara
588 3847 680 3903 banus
702 3846 809 3903 civibus
839 3845 1045 3904 Grecherrsr'bus
1076 3850 1226 3904 tertulinum
1250 3853 1279 3904 in
1310 3868 1407 3920 cerusa,
1431 3870 1517 3924 quam

443 3950 568 4024 agebant
588 3959 687 4008 contra
711 3951 848 4025 quosdam
871 3953 982 4008 colonus
1004 3951 1038 4008 dc
1067 3952 1159 4023 Odra,
1173 3963 1325 4028 prorogat.

341 4112 405 4170 Nos
428 4111 573 4169 Nicolaus
596 4111 634 4170 de
658 4113 749 4184 Gara,
773 4131 938 4187 regnorum
963 4114 1133 4186 Sclauonie,
1154 4117 1314 4175 Dalmacie
1337 4126 1368 4176 et
1391 4118 1517 4177 Croacie

159 4242 161 4246 ³
253 4220 359 4276 banus.
382 4218 502 4275 Damus
524 4234 582 4292 pro
605 4221 764 4291 memoria,
788 4221 872 4293 quod
896 4237 1030 4292 eausam,
1054 4238 1149 4295 quam
1171 4223 1273 4294 iudex,
1296 4225 1396 4295 iurati,
1419 4226 1518 4282 consi·

254 4325 335 4382 liarii
358 4330 388 4381 et
410 4324 547 4382 universi
571 4325 654 4382 cives
677 4326 791 4383 montis
813 4325 1004 4399 Grechensis,
1029 4344 1086 4401 pro
1110 4329 1223 4401 quibus
1257 4329 1409 4400 Nicolaus,
1434 4330 1518 4387 filius

254 4429 336 4487 Petri
351 4430 389 4488 de
405 4429 620 4503 Glogounicha
644 4447 714 4489 cum
736 4433 956 4505 procuratoriis
971 4433 1082 4491 litteris
1098 4435 1279 4492 eorumdem
1301 4436 1396 4493 astitit
1411 4446 1518 4494 contra

253 4531 445 4608 Stephanum
468 4542 498 4593 et
520 4536 708 4610 ladislaum,
739 4537 822 4596 filios
852 4538 1007 4596 Benedicti
1038 4546 1068 4597 et
1098 4539 1293 4614 Gregorium,
1325 4541 1426 4599 hlium
1451 4544 1516 4615 lly-

254 4639 370 4698 chaelis
393 4640 432 4697 de
454 4640 547 4713 Odra,
570 4643 777 4715 personaliter
799 4649 1020 4718 comparentes,
1043 4646 1128 4703 iuxta
1155 4648 1377 4705 continenciam
1401 4648 1517 4706 littera·

254 4756 327 4801 rum
350 4744 468 4804 domini
490 4745 615 4820 Detrici,
638 4747 762 4822 pridem
785 4748 858 4807 dicti
889 4748 977 4823 regui
1006 4747 1168 4811 Sclauonie
1193 4752 1267 4810 bani
1288 4754 1518 4827 prorogatoria·
