3488 5242
631 325 705 384 Doc.
726 320 799 404 264„
826 357 864 368 -
888 324 1055 402 Are1377.
1409 337 1468 393 255

203 529 312 582 'tamen
335 522 459 582 easdem
491 522 529 581 de
560 524 659 582 verbo
689 523 728 582 ad
758 523 892 582 verbum
922 523 1086 581 transcribi
1109 527 1139 581 et
1163 523 1352 597 appensione
1374 523 1472 581 nostri

208 630 305 702 sigilli
326 631 400 688 novi
423 628 553 687 fecimus
576 630 770 688 communiri.
794 629 911 687 Datum
934 635 1045 687 octavo
1068 627 1119 686 die
1142 627 1212 686 festi
1232 629 1372 686 omnium
1387 643 1473 685 sanc·

173 786 176 790 .
208 740 320 793 torum.
344 738 434 793 Anno
456 735 574 794 domini
597 736 767 794 millesimo
790 736 1004 794 tercentesimo
1027 735 1256 808 septuagesimo
1278 739 1373 792 sexto.

298 870 438 935 Originale
466 869 493 920 in
516 871 673 921 membrana.
700 870 729 920 In
753 870 862 922 archivo
886 870 962 936 regni
982 870 1054 921 CSD.
1082 871 1138 919 Act.
1158 874 1276 920 convent.
1303 869 1471 919 Remetensis.

208 955 270 1007 fasc.
292 967 313 1007 1.
334 973 372 1008 nr.
393 968 415 1017 3.

797 1173 888 1240 264.

315 1317 392 1364 Anno
413 1322 487 1372 1377,
507 1325 547 1364 22.
568 1313 669 1380 aprilis.
692 1314 845 1380 Zagrabiae.

210 1441 261 1498 Fr.
284 1449 435 1500 conventus
457 1461 478 1500 s.
504 1442 631 1512 lt'icolai,
655 1443 714 1500 ord.
730 1443 959 1512 Prcdicatomm,
982 1443 1093 1517 legatas
1107 1443 1163 1500 sibi
1175 1442 1250 1500 ditas
1265 1443 1372 1510 vincas,
1388 1441 1473 1499 Dra·

368 1550 489 1621 gerlaco
510 1551 569 1607 cini
596 1549 759 1619 Grechcnst',
782 1557 859 1607 certa
881 1549 933 1606 sub
954 1549 1124 1622 ablegatione
1146 1549 1305 1624 construat.

299 1694 362 1751 Nos
388 1693 496 1751 fratres
520 1702 688 1753 conventus
711 1697 808 1753 sancti
832 1695 950 1752 Nicolai
974 1694 1013 1751 de
1029 1694 1188 1766 Zagrabia,
1205 1693 1322 1752 ordinis
1343 1693 1474 1751 fratrum

212 1800 451 1869 Predicatorum,
476 1799 634 1859 videlicet:
659 1800 754 1859 frater
775 1801 938 1882 Johannes,
962 1801 1048 1874 prior
1070 1816 1105 1857 ac
1132 1801 1224 1857 ceteri
1242 1799 1359 1857 tratres.
1376 1797 1475 1871 Signi-

211 1905 341 1963 ficamus
365 1908 478 1979 quibus
502 1906 627 1980 expedit
651 1908 803 1965 universis
836 1907 1028 1980 presencium
1061 1921 1117 1979 per
1140 1913 1286 1974 tenorem,
1311 1904 1394 1978 quod
1419 1918 1474 1962 nos

212 2011 289 2070 duas
313 2013 418 2070 vineas
441 2014 534 2070 simui
559 2014 676 2070 iunctas
706 2029 763 2087 per
795 2013 927 2082 Kuseeh,
959 2011 1063 2070 fratris
1093 2010 1185 2085 Span,
1210 2012 1288 2069 civis
1310 2011 1348 2069 de
1371 2017 1475 2068 monte

212 2116 322 2187 Grech,
347 2120 566 2176 testamentarii
591 2120 665 2176 iuris
689 2119 779 2176 titulo
811 2118 850 2176 ad
881 2119 1051 2176 claustrum
1084 2118 1238 2192 prefatum
1263 2119 1401 2190 legitime
1424 2116 1476 2174 de·
1562 2126 1572 2134 ·

213 2224 336 2281 volutas
371 2231 400 2281 et
434 2223 619 2282 iudicialiter
648 2226 798 2294 obtentas
829 2226 907 2282 inter
934 2224 1011 2282 duas
1039 2225 1104 2282 vias
1135 2225 1164 2281 in
1193 2225 1347 2282 territorio
1374 2223 1476 2281 Grech

212 2330 385 2401 existentes,
409 2346 477 2388 cum
502 2332 647 2388 omnibus
677 2332 798 2388 iuribus
828 2338 857 2388 et
887 2332 1073 2389 utilitatibus
1103 2332 1175 2400 suis,
1203 2330 1386 2402 Dragozlao,
1410 2328 1476 2386 filio

213 2435 306 2504 iwan,
331 2437 391 2493 civi
416 2436 553 2509 predicte
576 2438 709 2494 civitatis
738 2444 768 2494 et
799 2454 853 2511 per
885 2454 956 2495 eum
980 2437 1043 2494 suis
1066 2435 1242 2506 heredibus,
1264 2434 1477 2507 heredumque

213 2556 339 2599 suorum
364 2544 592 2600 successoribus
615 2550 644 2600 et
667 2545 806 2617 posteris,
839 2543 982 2602 dedimus
1006 2545 1070 2601 iure
1093 2549 1244 2616 perpetuo
1267 2540 1476 2615 possidendas,

213 2647 358 2704 tenendas
381 2655 410 2704 et
435 2648 592 2706 habendas
616 2649 666 2706 vel
690 2651 874 2722 cuicumque
902 2650 1036 2706 voluerit
1066 2647 1274 2721 disponendas
1297 2648 1384 2705 iuxta
1406 2661 1477 2704 con·

213 2752 405 2811 suetudinem
430 2761 460 2811 et
484 2754 695 2812 condicionem
718 2754 798 2813 dicte
821 2756 954 2812 civitatis
974 2755 1175 2829 aprobatam;
1198 2754 1240 2810 ita
1264 2760 1375 2822 tamen,
1392 2751 1476 2825 quod

214 2858 379 2932 predictus
393 2860 593 2932 Dragozlaus,
618 2860 703 2919 filius
727 2861 818 2932 iwan,
842 2878 962 2935 perse,
994 2876 1128 2933 suosque
1156 2859 1284 2917 heredes
1307 2866 1337 2916 et
1358 2874 1477 2916 succes·

213 2979 297 3022 sores
320 2967 458 3038 ipsarum
483 2969 644 3024 vinearum
668 2969 795 3040 quosvis
819 2982 1010 3041 possessores
1033 2968 1063 3024 in
1087 2965 1225 3024 futurum
1250 2964 1347 3023 dictas
1372 2966 1477 3022 vineas

215 3070 414 3143 possidentes,
439 3072 574 3146 prefatas
604 3074 710 3130 vineas
740 3072 816 3130 duas
849 3074 926 3131 bene
957 3074 1058 3131 colere
1089 3087 1204 3130 necnon
1237 3071 1367 3143 singulis
1391 3071 1478 3127 annis

213 3175 252 3232 de
276 3178 348 3235 vino
372 3179 575 3251 ipsarummet
605 3178 736 3237 duarum
770 3181 930 3237 vinearum
961 3181 990 3237 in
1023 3178 1178 3236 vindemie
1205 3185 1345 3251 tempore
1368 3176 1477 3249 viginti

214 3291 243 3339 et
267 3300 363 3341 unum
386 3286 545 3354 eubulum,
569 3286 628 3343 hoc
652 3293 705 3356 est,
733 3286 839 3344 decem
871 3287 1003 3344 cubulos
1035 3286 1097 3342 vini
1128 3284 1167 3341 de
1190 3298 1258 3352 una,
1282 3290 1311 3340 et
1333 3282 1477 3364 undecim

214 3390 345 3446 cubulos
377 3391 439 3448 vini
470 3390 509 3448 de
539 3392 600 3448 alia
631 3407 747 3462 earum,
778 3393 972 3450 recusacione
996 3392 1114 3463 absque
1139 3390 1232 3460 omni,
1258 3389 1362 3446 salvos
1385 3394 1415 3445 et
1437 3387 1478 3444 ab

214 3495 298 3551 omni
322 3495 529 3554 decimacione
553 3497 714 3570 expeditos
737 3499 767 3555 in
792 3503 918 3555 vectura
948 3497 1076 3571 propria
1099 3495 1139 3553 ad
1166 3494 1282 3553 dictum
1307 3494 1476 3551 claustrum

214 3599 401 3671 deducend0,
426 3602 575 3660 fratribus
599 3603 710 3677 prefati
737 3605 864 3661 claustri
888 3609 1037 3678 perpetue
1057 3601 1130 3659 dare
1146 3606 1175 3658 et
1192 3600 1419 3658 amministrare
1436 3605 1479 3655 te·

215 3707 338 3764 nebitur
361 3714 391 3765 et
414 3707 549 3780 debebit,
573 3724 608 3767 ac
631 3711 727 3768 eciam
750 3710 846 3768 futuri
868 3711 970 3783 quivis
995 3723 1186 3782 possessores
1201 3707 1353 3764 dictarum
1377 3707 1479 3762 vinea·

215 3828 284 3869 rum
309 3815 376 3887 pari
407 3817 528 3873 racione
559 3818 744 3875 tenebuntur
774 3821 805 3874 et
836 3816 994 3874 debebunt
1024 3814 1062 3871 ad
1095 3813 1194 3883 idem;
1230 3813 1289 3869 hoc
1312 3811 1478 3880 interiecto,

218 3919 301 3991 quod
326 3921 351 3977 si
374 3938 430 3995 per
445 3921 609 3993 grandines
625 3930 677 3980 aut
692 3923 762 3981 anni
778 3923 955 3980 sterilitates
971 3922 1001 3978 in
1016 3919 1144 3994 prefatis
1159 3919 1257 3976 vineis
1280 3916 1397 3974 fructus
1419 3928 1480 3972 non

217 4026 402 4097 proveniret,
427 4033 499 4085 tunc
522 4028 604 4085 idem
630 4029 822 4101 Dragozlaus
845 4044 881 4086 ac
903 4042 1011 4085 omnes
1027 4025 1179 4083 dictarum
1197 4026 1357 4083 vinearum
1374 4024 1477 4098 quivis

217 4129 312 4189 futuri
336 4147 526 4205 possessores
550 4140 709 4193 teneantur
732 4136 763 4192 in
786 4135 854 4192 foro
876 4134 915 4192 de
938 4135 1020 4192 bono
1050 4134 1124 4191 vino
1156 4131 1293 4206 prefatos
1318 4132 1425 4204 viginti
1450 4137 1479 4188 et

217 4252 314 4294 unum
336 4238 487 4296 cubulum
511 4255 613 4298 emere
636 4249 666 4300 et
689 4241 727 4298 ad
758 4242 928 4299 claustrum
959 4246 1175 4311 memoratum,
1209 4238 1303 4296 modo
1326 4253 1388 4310 quo
1411 4253 1480 4310 pre·

219 4346 359 4414 mittitur,
383 4345 560 4404 conducere.
585 4347 653 4420 Que
676 4349 780 4405 omnia
803 4346 886 4404 idem
916 4346 1109 4419 Dragozlaus
1142 4361 1198 4419 per
1229 4361 1261 4403 se
1288 4343 1427 4403 iacienda
1450 4350 1479 4401 et

218 4465 274 4522 per
297 4451 369 4507 illos
394 4451 433 4510 ad
458 4467 670 4526 quoscumque
693 4452 773 4512 dicte
798 4454 886 4511 vinee
916 4468 971 4527 per
1002 4467 1073 4510 eum
1098 4451 1346 4522 devolverentur,
1378 4451 1480 4510 fienda

216 4564 248 4613 ut
273 4559 469 4630 premittitur,
504 4561 679 4634 assumpsit.
713 4561 793 4617 Mete
828 4575 902 4617 vero
937 4559 1090 4617 dictarum
1123 4560 1284 4616 vinearum
1306 4565 1378 4616 sunt
1408 4559 1479 4616 iste:

216 4676 233 4717 a
258 4669 345 4734 parte
369 4679 427 4720 una
451 4671 495 4721 est
532 4665 620 4722 vinea
643 4664 796 4723 colendini
819 4670 969 4733 sutorum,
993 4679 1011 4722 a
1034 4671 1122 4739 parte
1152 4664 1214 4722 alia
1244 4669 1290 4722 est
1313 4680 1409 4722 unum
1433 4680 1481 4721 ce·

216 4782 321 4824 rasum
351 4770 436 4827 iuxta
464 4770 685 4829 domunculam
717 4769 869 4827 vinealem
902 4786 958 4844 per
988 4769 1166 4828 Kurconem
1197 4775 1413 4830 constructam.
1447 4769 1481 4828 ln
