3488 5242
665 320 738 378 Boc.
755 315 832 398 385.
859 354 893 364 —
920 322 976 378 Au.
1001 332 1089 398 1395.
1131 300 1133 305 ³

830 516 919 582 383.

346 658 421 703 Anno
445 664 519 716 1395,
543 664 579 713 15.
600 656 724 705 octobris.
744 656 897 721 Zagrabiae.

240 781 379 838 Delficus
403 783 502 840 h'ubek
533 785 625 840 battus
653 792 742 841 tructus
761 786 948 858 possesstbm's
969 787 1073 842 ct'uium
1102 785 1314 851 Grechcnsium,
1338 804 1424 859 quam
1448 785 1503 842 Pe·

242 889 359 944 !row'uu
394 896 504 961 cocant,
537 891 662 963 capitulo
693 891 877 963 augrubiensi
909 890 1087 948 reambulart'
1117 898 1146 947 ct
1176 909 1267 947 ttovas
1300 899 1388 947 metas
1421 891 1503 963 erigi,

834 996 915 1053 iubet.

329 1158 445 1214 Amicis
477 1158 540 1215 suis
571 1158 756 1228 reverendis,
795 1158 932 1231 capitulo
966 1159 1092 1215 ecclesie
1115 1159 1329 1230 zagrabiensis.
1360 1159 1503 1215 Detricus

243 1261 349 1321 Bubek
371 1265 457 1335 regni
480 1263 642 1322 Sclauonie
666 1265 772 1333 banus,
795 1264 966 1321 amiciciam
992 1271 1130 1337 paratam
1155 1279 1225 1321 cum
1252 1264 1374 1321 honore.
1403 1264 1503 1321 Nove·

241 1370 317 1439 ritis,
341 1369 423 1442 quod
448 1370 610 1453 Johannes,
642 1369 726 1428 filius
750 1370 927 1440 Hermanni,
950 1370 1026 1426 civis
1048 1370 1181 1426 civitatis
1204 1370 1317 1426 montis
1343 1369 1505 1426 (trecensis

237 1472 276 1531 de
296 1473 455 1546 Zagrabia‚
480 1491 538 1549 pro
561 1475 660 1533 iudice
683 1484 713 1532 et
736 1476 843 1533 iuratis
866 1475 988 1532 civibus
1010 1474 1148 1531 eiusdem
1172 1475 1304 1531 civitatis
1333 1490 1402 1531 cum
1432 1489 1503 1547 pro·

238 1580 400 1636 curatoriis
424 1580 533 1638 litteris
557 1580 747 1651 eorumdem,
771 1591 877 1638 eontra
901 1580 1088 1648 ladislaum,
1112 1580 1213 1637 filium
1240 1580 1402 1648 Valentini,
1427 1579 1503 1636 Pau-

239 1684 314 1751 lum,
339 1684 441 1742 filium
464 1685 554 1756 Petri,
579 1685 752 1757 Nicolaum,
786 1686 887 1744 tilium
913 1685 1003 1743 Nouk
1025 1692 1054 1743 et
1080 1686 1270 1758 Dyonisium
1295 1685 1396 1742 filium
1422 1684 1502 1743 Petri

239 1789 278 1846 de
303 1790 490 1863 Lomnycha,
514 1792 719 1865 personaliter
741 1798 954 1865 comparentes
977 1793 1062 1849 iuxta
1085 1791 1306 1849 continenciam
1328 1791 1502 1848 litterarum

240 1904 414 1954 nostrarum
441 1898 726 1971 prorogatoriarum
750 1899 781 1955 in
804 1899 922 1955 octavis
943 1897 1011 1955 festi
1036 1898 1119 1955 beati
1138 1897 1308 1968 Mychaelis
1324 1896 1501 1968 archangeli

237 2002 267 2058 in
292 2001 392 2073 figura
415 2003 510 2060 nostri
534 2003 639 2061 iudicii
662 2003 879 2077 comparend0‚
904 2003 1054 2076 quasdam
1080 2004 1196 2060 litteras
1223 2009 1339 2060 vestras
1368 2002 1501 2059 sormam

238 2109 476 2182 possessionarie
514 2110 781 2180 reambulacionis,
819 2109 1080 2178 contradiccionis,
1116 2109 1310 2167 inhibicionis
1345 2114 1375 2166 et
1407 2113 1503 2165 statu·

236 2215 332 2272 cionis
347 2230 383 2272 ac
399 2215 555 2272 citacionis
570 2215 601 2272 in
625 2231 657 2272 se
680 2215 867 2286 denotantes,
883 2216 973 2272 nobis
990 2215 1186 2288 presentavit,
1199 2214 1399 2284 declarantes,
1416 2214 1499 2286 quod

236 2321 314 2392 regii
335 2327 366 2378 et
389 2321 648 2391 semihomines,
668 2321 778 2379 litteris
797 2322 827 2378 in
850 2320 965 2379 eisdem
982 2321 1139 2391 nominati,
1159 2319 1235 2378 feria
1257 2326 1342 2377 sexta
1360 2321 1503 2393 proxima

237 2434 307 2500 post
331 2424 443 2483 festum
469 2424 691 2496 Penthecostes,
715 2443 795 2484 nunc
814 2427 958 2500 proxime
985 2427 1175 2500 preteritum,
1206 2425 1246 2483 ad
1270 2425 1378 2484 faciem
1402 2426 1502 2483 cuius·

237 2531 310 2588 dam
334 2531 536 2604 possessionis
559 2531 752 2604 prefatorum
775 2533 885 2590 iudicis
909 2539 938 2590 et
954 2533 1124 2589 iuratorum
1141 2533 1255 2591 civium
1272 2531 1352 2590 dicte
1368 2532 1503 2590 civitatis

238 2636 403 2695 Petrouina
425 2645 542 2708 vocate,
572 2637 679 2695 vicinis
702 2646 733 2695 et
754 2640 973 2696 commetaneis
1002 2638 1065 2695 suis
1093 2639 1243 2695 universis
1267 2638 1342 2695 inibi
1365 2638 1503 2709 legitime

239 2742 414 2800 convocatis
426 2748 456 2799 et
467 2743 662 2815 presentibus
673 2742 855 2812 accedendo,
874 2744 974 2817 ipsam
987 2745 1212 2818 possessionem
1233 2743 1394 2801 Petrouina
1412 2759 1502 2801 voca·

239 2854 312 2918 tam,
332 2847 436 2920 primo
450 2864 468 2904 a
484 2854 572 2921 parte
587 2849 788 2920 possessionis
800 2848 953 2906 dictorum
967 2849 997 2907 in
1010 2866 1133 2907 causam
1147 2855 1349 2907 attractorum
1360 2848 1399 2907 de
1413 2850 1502 2907 Also-

240 2953 405 3025 lomnyclta
417 2960 533 3025 vocate,
546 2956 780 3026 reambuland0,
796 2955 912 3014 eisdem
925 2956 1026 3027 iudici,
1041 2956 1147 3014 iuratis
1158 2962 1189 3013 et
1201 2956 1323 3013 civibus
1334 2955 1415 3013 dicte
1427 2956 1502 3014 civi·

237 3060 308 3116 tatis
330 3060 422 3115 statui
443 3058 543 3117 facere
564 3061 740 3131 voluissent,
757 3076 831 3119 mox
850 3061 962 3134 prefati
985 3061 1154 3131 Ladislaus
1171 3061 1293 3132 Paulus,
1310 3061 1456 3119 Nicolaus
1472 3071 1502 3120 et

237 3165 404 3236 Dyonisius
420 3166 548 3239 predicti
568 3167 804 3240 possessionarie
820 3168 981 3225 statucioni
999 3183 1055 3241 pro
1072 3169 1146 3240 ipsis
1163 3167 1270 3237 iudice,
1287 3168 1394 3225 iuratis
1410 3177 1439 3225 et
1460 3170 1501 3226 ci-

237 3271 328 3327 vibus
345 3269 482 3329 faciende
498 3273 750 3330 contradiccionis
766 3274 920 3330 velamine
941 3275 1126 3343 obviassent,
1143 3275 1184 3329 ob
1200 3289 1294 3345 quam
1311 3275 1500 3346 prohibicio-

237 3390 307 3432 nem
326 3375 418 3433 iidem
435 3377 675 3435 contradictores
691 3379 720 3435 in
737 3378 787 3436 die
802 3385 833 3435 et
845 3380 913 3436 loco
927 3380 956 3436 in
969 3379 1079 3436 vestris
1092 3379 1202 3436 litteris
1214 3378 1378 3436 declaratis
1394 3386 1502 3437 contra

237 3482 410 3539 nominatos
441 3483 574 3540 iudicem
604 3491 633 3542 et
666 3485 781 3542 iuratos
811 3485 894 3541 cives
924 3485 963 3541 ad
995 3484 1163 3557 quindenas
1194 3484 1275 3542 dicte
1307 3483 1382 3542 ferie
1416 3493 1502 3543 sexte

236 3588 335 3644 nostri
359 3588 389 3645 in
413 3591 606 3662 presenciam
637 3590 720 3647 citati
744 3591 922 3647 extitissent.
951 3589 1198 3663 Quibusquidem
1222 3636 1501 3650 ..........

237 3692 377 3764 civitatis,
401 3695 431 3751 in
455 3697 594 3767 personis
618 3695 808 3765 eorumdem,
832 3696 933 3768 ipsam
955 3696 1178 3768 possessionem
1195 3695 1366 3766 Petrouina,
1383 3697 1500 3754 eisdem

237 3814 274 3855 ex
298 3799 382 3871 regia
405 3799 573 3858 donacione
596 3802 750 3874 pertinere
774 3808 803 3858 et
826 3800 964 3872 legitime
989 3807 1135 3858 statutam
1159 3800 1225 3858 sore
1259 3801 1429 3873 declaranS,
1453 3820 1502 3860 ra·

237 3906 356 3962 cionem
377 3952 775 3966 ..............
807 3908 977 3980 postulavit
1000 3922 1104 3963 coram
1127 3907 1224 3964 nobis.
1248 3906 1318 3978 Quo
1343 3915 1500 3981 precepto,

237 4011 350 4085 prefati
373 4012 543 4083 Ladislaus‚
569 4013 691 4083 Paulus,
709 4013 853 4070 Nicolaus
869 4019 898 4069 et
914 4012 1080 4084 Dyonisius
1095 4011 1319 4085 responderunt
1335 4028 1372 4069 eo
1389 4014 1500 4073 modo:

237 4118 319 4190 quod
343 4119 402 4192 ipsi
427 4124 566 4192 tempore
589 4119 726 4193 predicte
747 4118 985 4191 possessionarie
1001 4117 1260 4175 reambulacionis
1277 4125 1306 4175 et
1322 4120 1502 4178 statucionis

237 4222 317 4280 dicte
347 4225 556 4296 possessionis,
590 4224 754 4281 Petrouina
788 4229 903 4294 vocate,
938 4223 1013 4296 ipsis
1041 4223 1143 4294 iudici,
1174 4224 1281 4281 iuratis
1314 4233 1343 4282 et
1376 4226 1499 4284 civibus

238 4327 338 4386 fiende
366 4344 424 4401 pro
455 4345 491 4386 eo
523 4329 762 4387 contradictores
792 4329 1015 4402 apparuissent,
1048 4328 1120 4400 quia
1156 4329 1216 4402 ipsi
1238 4329 1331 4387 iudex
1355 4338 1385 4388 et
1407 4332 1500 4390 iurati

238 4433 320 4491 cives
343 4450 399 4506 per
422 4434 606 4508 premissam
631 4450 739 4492 eorum
762 4435 1034 4508 possessionariam
1054 4435 1338 4492 reambulacionem
1354 4451 1501 4508 magnam

238 4545 359 4610 partem
382 4540 462 4597 dicte
483 4541 685 4613 possessionis
709 4541 858 4614 ipsorum,
890 4540 1067 4612 Lomnycha
1091 4548 1206 4612 vocate,
1231 4556 1382 4615 occupare
1406 4548 1437 4600 et
1459 4544 1500 4602 ad

238 4642 352 4701 dictam
376 4646 601 4719 possessionem
625 4647 765 4720 ipsorum
789 4645 952 4703 Petrouina
975 4652 1118 4703 vocatam
1137 4647 1297 4720 applicare
1314 4649 1501 4720 voluissent;

238 4746 366 4822 ipsaque
388 4750 543 4826 possessio
565 4765 673 4809 eorum
697 4751 875 4825 Lomnycha
892 4756 1008 4822 vocata,
1024 4751 1099 4824 ipsis
1116 4751 1303 4811 hereditario
1317 4753 1393 4812 iuris
1409 4755 1502 4816 titulo
