3488 5242
645 315 718 372 Duc.
736 311 791 389 56.
819 347 855 358 -
881 316 937 373 An.
962 326 1048 393 1273.
1438 338 1478 396 49

216 511 417 583 privilegium
443 511 563 570 Andree
587 512 668 585 regis
691 513 829 585 illustris,
853 514 904 570 avi
927 514 1031 584 nostri,
1048 513 1107 571 sub
1122 513 1213 571 bulla
1227 529 1321 572 aurea
1337 514 1481 572 habitum

216 622 245 673 et
269 617 439 689 obtentum,
456 617 618 675 accedente
641 617 680 675 ad
704 617 786 675 idem
810 619 976 692 privilegio
999 617 1246 702 confirmacionis
1269 619 1388 678 domini
1408 616 1481 678 Bele

214 723 296 794 regis
320 723 515 793 serenissimi,
539 724 636 797 patris
659 723 765 792 nostri,
788 723 872 781 clare
896 725 1054 795 memorie,
1077 740 1172 798 super
1194 725 1362 783 emunitate
1385 725 1480 783 liber·

216 829 286 885 tatis
309 830 515 899 zagrabiensis
547 830 674 887 ecclesie
704 836 734 886 et
766 830 956 903 populorum
987 830 1194 904 spectantium
1222 830 1262 888 ad
1292 830 1423 888 eandem
1451 831 1483 889 in

215 941 319 991 nostra
342 940 372 991 et
396 936 547 992 baronum
571 941 749 993 nostrorum
773 936 930 1009 presencia
961 936 1100 994 seriatim
1131 937 1269 995 exhibita
1291 941 1321 994 et
1344 937 1482 1011 perlecta

215 1039 246 1095 in
269 1040 392 1111 signum
415 1041 517 1112 gracie
548 1041 692 1112 specialis
722 1041 923 1113 dignaremur
952 1057 1043 1099 auree
1073 1042 1162 1100 bulle
1192 1048 1296 1101 nostre
1328 1049 1482 1101 caractare

215 1147 407 1203 communire
409 1191 535 1204 .....
560 1146 623 1203 Nos
646 1147 750 1219 itaque
774 1147 944 1205 illustrium
975 1148 1210 1221 progenitomm
1233 1154 1411 1207 nostrorum
1435 1164 1482 1207 re·

215 1266 291 1324 gum
314 1252 471 1324 Hungarie
495 1252 635 1325 vestigiis
658 1253 835 1324 inherendo,
867 1255 968 1327 ipsam
997 1254 1229 1327 zagrabiensem
1258 1256 1420 1313 ecclesiam
1443 1271 1482 1314 ex

215 1359 403 1429 benignitate
426 1358 616 1416 celsitudinis
639 1360 723 1431 regie
754 1360 901 1433 prosequi
937 1360 1102 1434 cupientes,
1134 1361 1300 1433 presertim
1322 1362 1364 1418 ob
1388 1359 1481 1419 devo-

215 1464 334 1521 cionem
358 1465 454 1521 sancti
477 1465 559 1536 regis
590 1464 733 1531 Ladizlai‚
765 1465 818 1538 qui
848 1465 1014 1523 eliminatis
1045 1466 1225 1538 gentilitatis
1256 1467 1414 1525 erroribus
1446 1468 1477 1525 in

217 1568 337 1627 Ducatu
360 1568 531 1641 Sclauonie,
554 1570 760 1643 zagrabiensis
784 1571 911 1629 ecclesie
935 1572 1101 1629 instructor
1130 1572 1341 1630 sanctissimus
1363 1573 1480 1630 exstitit

214 1682 243 1732 et
268 1675 419 1733 fundator.
443 1676 643 1734 Attendentes
666 1676 885 1734 nichilominus
908 1677 968 1749 piis
988 1677 1244 1736 consideracionis
1265 1678 1363 1736 oculis
1387 1677 1482 1736 devo·

215 1783 334 1840 cionem
360 1783 546 1840 venerabilis
570 1783 666 1857 patris
689 1781 877 1854 Thymothei
904 1783 1042 1857 episcopi
1066 1785 1281 1856 zagrabiensis,
1305 1799 1399 1859 opere
1423 1784 1480 1841 mi-

214 1887 301 1945 rifico
332 1894 361 1945 et
392 1889 564 1961 plurimum
595 1895 786 1962 sumptuoso,
818 1889 906 1961 quasi
937 1888 1123 1947 dissolutam
1157 1891 1188 1947 in
1218 1891 1265 1948 sui
1298 1904 1429 1964 corpore
1459 1906 1477 1948 a

215 1993 318 2066 primo
342 1993 542 2050 fundamento
566 1995 665 2066 ipsam
689 1995 919 2067 zagrabiensem
943 1996 1106 2053 ecclesiam
1128 1996 1308 2070 reparantis,
1332 1997 1420 2054 utin
1444 2010 1481 2054 eo

214 2100 423 2156 innocenciam
447 2101 518 2168 vite,
542 2115 682 2158 amorem
706 2099 817 2158 domus
841 2101 890 2159 dei
913 2108 942 2159 et
966 2100 1230 2175 dispensacionem
1261 2102 1291 2159 in
1314 2103 1408 2160 rebus
1431 2117 1479 2159 ec-

215 2205 393 2263 clesiasticis
422 2205 588 2278 providam
612 2207 709 2279 ipsius
733 2207 860 2264 ecclesie
883 2207 943 2264 sibi
966 2207 1077 2264 tradite
1108 2208 1294 2265 restauracio
1323 2207 1480 2278 fateretur,

214 2312 334 2386 prefata
358 2313 523 2385 privilegia
547 2314 597 2370 avi
620 2313 737 2370 scilicet
760 2315 856 2371 nostri
879 2315 938 2371 sub
962 2330 1054 2372 aurea
1085 2304 1183 2384 bulla,
1207 2320 1236 2372 et
1258 2314 1356 2388 patris
1379 2314 1478 2372 nostri

215 2418 439 2491 subsequentis,
464 2418 502 2475 de
527 2419 623 2476 verbo
646 2418 841 2476 adverbum
865 2421 986 2490 inserta,
1011 2421 1206 2494 presentibus
1229 2420 1260 2477 in
1283 2419 1414 2492 singulis
1433 2434 1481 2477 ar-
1558 2422 1560 2427 '

215 2525 317 2582 ticulis
341 2539 483 2581 concesse
507 2529 536 2581 et
560 2525 670 2581 tradite
694 2525 854 2589 libertatis,
879 2541 917 2582 ex
932 2531 1015 2583 certa
1032 2526 1161 2583 sciencia
1177 2532 1243 2584 rata
1267 2532 1297 2583 et
1319 2531 1407 2598 grata
1422 2526 1477 2583 ha·

214 2629 330 2700 bentes,
356 2629 393 2685 'ex
417 2630 514 2701 regali
539 2629 752 2687 munificencia
767 2629 997 2700 confirmamus,
1013 2645 1105 2688 auree
1122 2631 1209 2688 bulle
1223 2637 1327 2689 nostre
1343 2635 1476 2688 caracte-

215 2750 282 2792 rem
307 2736 501 2808 presentibus
525 2736 555 2792 in
579 2741 716 2792 eternam
732 2737 775 2793 rei
793 2737 977 2793 memoriam
994 2737 1129 2810 propriis
1146 2738 1289 2794 manibus
1305 2737 1480 2794 inserentes.

303 2853 323 2902 F
325 2868 432 2918 ragmen
446 2853 592 2917 privilegii.
612 2853 747 2918 Integrum
760 2859 832 2902 extat
846 2852 872 2902 iu
887 2859 1050 2918 transumpto
1070 2867 1125 2918 cap.
1139 2853 1278 2902 {asmensis
1290 2868 1330 2902 an.
1352 2861 1426 2914 1444
1445 2850 1476 2902 In

215 2942 284 2992 arch.
300 2959 355 3008 cap.
370 2960 394 2992 v.
408 2943 512 3007 zagrab.
526 2941 543 2990 t'.
561 2951 599 3000 13.
618 2957 657 2991 nr.
671 2951 713 3004 91.
727 2942 766 2990 ed.
779 2942 853 3006 Joan.
867 2941 983 2990 Thalete.
994 2941 1063 2991 Mon.
1072 2941 1133 2991 hist
1144 2957 1184 3007 ep.
1198 2956 1268 3006 zagr.
1287 2957 1311 2990 v.
1330 2940 1352 2995 L
1371 2955 1396 3006 p.
1419 2940 1475 2990 162.

814 3119 876 3185 56.

319 3247 395 3295 Anno
417 3252 490 3303 1273,
514 3255 553 3293 20.
576 3244 679 3309 aprilis.
697 3243 849 3309 Zagrabiae.

214 3354 380 3422 Matthaeus,
403 3358 486 3413 totim
511 3355 669 3412 Slavoniac
690 3355 782 3411 banus
804 3353 912 3410 civibus
937 3352 971 3408 de
992 3359 1084 3408 moute
1114 3350 1208 3409 Grcclr
1231 3357 1339 3407 terram
1361 3348 1477 3418 Betiti,

311 3481 397 3535 quam
421 3471 531 3529 elocant,
554 3480 588 3519 ac
611 3465 710 3519 euneos
731 3463 822 3518 cultas
844 3460 920 3516 circa
943 3466 1068 3515 castam
1092 3456 1223 3525 Medved,
1247 3456 1379 3513 restituit.

301 3589 364 3646 Nos
390 3590 527 3646 Matheus
558 3590 657 3647 banus
680 3589 777 3645 tocius
800 3586 970 3645 Sclauonie.
994 3585 1142 3642 Memorie
1165 3581 1417 3640 commendantes
1440 3581 1480 3639 si·

213 3696 396 3768 gnificamus
419 3697 532 3767 quibus
555 3693 681 3767 expedit
710 3693 870 3762 universis,
894 3691 978 3764 quod
1009 3706 1081 3748 cum
1112 3705 1167 3747 nos
1192 3693 1306 3747 terram
1343 3685 1477 3759 Dydichi

213 3807 364 3871 vocatam,
389 3802 552 3871 emticiam,
577 3806 606 3857 et
630 3801 735 3857 vineas
759 3799 857 3856 cultas
881 3814 975 3870 super
998 3803 1113 3854 terram
1144 3796 1235 3852 castri
1261 3793 1402 3851 Medwed
1426 3792 1479 3851 de·

216 3909 304 3966 tineri
329 3916 358 3965 et
381 3909 540 3981 prohiberi
567 3907 744 3964 fecissemus
768 3912 797 3963 et
828 3905 963 3962 alienare
986 3903 1194 3961 voluissemus
1217 3917 1235 3958 a
1258 3901 1379 3959 civibus
1402 3897 1479 3957 Gre-

214 4015 372 4081 censibus;
397 4015 520 4071 tandem
545 4029 637 4087 super
661 4013 741 4070 facto
765 4018 845 4069 terre
868 4017 897 4067 et
921 4010 1082 4067 vinearum
1106 4025 1161 4082 per
1184 4021 1239 4064 nos
1260 4005 1477 4081 inpeditarum,

213 4119 307 4176 iidem
332 4122 415 4177 cives
440 4120 645 4177 exhibuerunt
669 4118 834 4191 privilegia
863 4122 893 4174 et
923 4116 1112 4174 municiones
1143 4129 1269 4171 suarum
1293 4112 1478 4182 litterarum,

213 4225 326 4298 quibus
350 4228 503 4300 inspectis.
527 4227 616 4283 nobis
639 4225 739 4298 patuit
761 4223 928 4292 evidenter,
952 4221 1036 4294 quod
1067 4221 1098 4278 in
1129 4220 1176 4277 ius
1199 4226 1229 4276 et
1254 4218 1478 4291 proprietatem

213 4348 322 4390 manus
345 4338 465 4390 nostras
489 4339 518 4390 et
540 4333 714 4406 potenciam
747 4329 990 4388 extendissemus
1021 4327 1136 4385 civium
1168 4324 1387 4399 predictorum.
1416 4322 1479 4380 Nos

212 4440 316 4511 itaque
340 4440 461 4509 cognita
486 4439 605 4495 iusticia
628 4444 657 4494 et
681 4438 746 4494 iure
769 4436 885 4493 civium
910 4432 1112 4507 prelatorum,
1136 4429 1253 4488 eisdem
1276 4430 1307 4486 in
1327 4429 1390 4487 suis
1406 4429 1479 4486 iuri·

213 4545 271 4600 bus
297 4543 401 4601 deesse
425 4545 572 4612 nolentes,
596 4543 711 4601 dictam
736 4546 849 4599 terram
880 4545 910 4597 et
941 4554 1047 4596 omnes
1079 4538 1184 4595 vineas
1207 4536 1305 4609 cultas
1328 4550 1381 4592 seu
1405 4535 1479 4592 sitas

212 4650 433 4723 quoquomodo
458 4652 548 4707 titulo
572 4650 646 4707 dicti
669 4651 752 4707 cives
777 4646 979 4721 possederunt
995 4659 1088 4718 super
1104 4649 1220 4700 terram
1242 4640 1343 4710 castri,
1361 4639 1479 4698 eisdem

212 4755 387 4814 dimisimus
409 4762 438 4814 et
453 4756 638 4829 reliquimus
661 4753 789 4829 pacifice
813 4752 1001 4827 peremniter
1017 4748 1176 4824 possidere
1199 4748 1258 4805 ista
1280 4746 1479 4821 prerogativa

1357 4875 1376 4925 4
