3488 5242
668 344 741 401 Dec.
766 341 833 420 167.
859 377 900 385 —
923 343 979 401 An.
1003 356 1089 420 1335·
1447 296 1505 425 lq?

241 540 301 587 dam
321 538 481 603 dignitatum
502 538 527 587 in
546 542 636 587 nostra
656 537 773 594 ecclesia,
792 544 873 602 prout
892 554 939 588 suo
953 539 1013 587 loco
1033 537 1143 587 interius
1162 537 1335 588 describetur.
1356 537 1390 587 Et
1411 537 1506 602 primo,

241 627 274 675 ad
296 627 378 691 ipsam
404 625 607 675 decimacionem
634 626 766 690 pertinent
786 626 886 674 decime
905 627 975 675 ultra
996 625 1106 675 tlurium
1131 626 1208 683 Zaue,
1229 625 1255 675 in
1281 625 1404 676 omnibus
1428 625 1507 675 rebus

241 714 415 764 decimalibus
438 715 470 762 dc
485 713 606 762 omnibus
620 713 693 762 villis
706 720 732 762 et
745 714 817 765 locis.
837 730 889 776 que
908 716 940 763 cle
959 714 1175 763 archidiaconatu
1198 714 1364 779 zagrabicnsi
1383 714 1507 767 existunt.

243 808 332 867 preter
352 802 441 851 uillam
457 802 537 855 Cheh.
559 802 592 850 de
611 817 664 863 qua
683 801 708 850 in
729 802 788 851 loco
807 802 861 851 alio
886 802 1058 851 describetur.
1080 802 1153 858 ltem,
1172 802 1273 851 decime
1286 803 1319 851 dc
1334 803 1468 868 Pobresya
1481 808 1507 851 et

243 891 390 947 Grachane,
412 891 444 939 de
464 890 574 946 Dedich,
595 891 627 939 de
647 890 785 948 Craleuch,
805 891 837 939 de
856 891 957 947 Zuibla,
972 891 1004 938 de
1018 890 1125 947 Kobila,
1139 891 1171 940 de
1185 891 1366 955 Horoguicha,
1386 891 1419 939 de
1433 891 1507 941 Obo-

242 994 314 1028 rowa
335 981 411 1028 etde
431 979 567 1027 Cherncch
587 994 617 1027 ac
636 978 697 1028 aliis
717 978 782 1028 locis
802 978 896 1029 vicinis
915 978 1015 1028 ibidem
1036 979 1068 1027 de
1088 979 1303 1029 archidiaconatu
1322 978 1451 1044 predicto,
1472 980 1505 1027 ad

240 1070 351 1116 eundem
377 1068 510 1132 pertinent
536 1068 674 1116 cultellum
700 1078 726 1117 et
744 1068 840 1117 debent
860 1067 933 1132 exigi
954 1067 981 1116 in
1005 1067 1093 1132 specie
1112 1074 1202 1132 preter
1229 1067 1411 1133 Horoguicha,
1432 1068 1503 1118 Obo-

241 1171 313 1204 rowa
333 1165 357 1204 ct
378 1155 521 1204 Cherncch.
543 1155 615 1212 ltem,
637 1155 736 1204 decime
756 1156 788 1204 de
808 1154 956 1205 Glaunicha
975 1170 1035 1204 cum
1053 1154 1224 1220 pertinenciis
1243 1154 1450 1218 circumquaque
1475 1156 1508 1204 de

240 1243 455 1292 archidiaconatu
482 1244 610 1308 predicto,
635 1245 668 1292 de
687 1243 826 1308 Zepnicha,
852 1244 985 1306 quondam
1008 1243 1145 1309 Perthyni‚
1172 1243 1343 1293 castrensium
1371 1244 1403 1293 de
1423 1243 1505 1309 Vgra,

241 1333 273 1380 de
293 1331 407 1396 Blagusa
427 1332 527 1381 domiui
551 1330 668 1396 episcopi
689 1347 769 1396 supra
796 1332 914 1389 Casnam,
934 1333 966 1381 de
985 1331 1103 1385 Planina.
1123 1332 1156 1380 de
1175 1331 1334 1388 Zlaunouch‚
1356 1331 1389 1380 de
1414 1331 1505 1382 Blizna

241 1420 384 1485 superiori,
408 1421 440 1468 de
460 1421 598 1474 Craleuch‚
618 1419 671 1469 alio
692 1420 795 1469 nomine
815 1419 891 1485 Fayz,
911 1421 943 1469 de
963 1419 1098 1476 Miculich,
1119 1421 1151 1470 de
1169 1419 1308 1476 Petrouch,
1328 1425 1354 1468 et
1373 1419 1406 1468 de
1425 1418 1505 1469 terris

241 1524 272 1559 ac
291 1509 365 1558 villis
389 1509 560 1575 generacions
586 1509 660 1558 Acha
680 1525 713 1558 ex
739 1509 788 1559 ista
813 1516 888 1574 parte
912 1509 1046 1559 moncium
1070 1514 1097 1558 et
1116 1509 1148 1558 de
1167 1508 1296 1574 Crapina:
1320 1507 1391 1558 etin
1418 1507 1506 1573 specie

240 1599 385 1663 exiguntur
407 1606 497 1664 preter
516 1598 698 1648 Glaunicham.
720 1598 793 1655 Item,
813 1598 913 1647 decime
933 1600 965 1647 de
977 1597 1118 1656 Biztricha,
1135 1599 1168 1648 de
1188 1597 1327 1648 Stulbicha
1345 1597 1453 1661 ubique,
1472 1597 1505 1646 de
1552 1664 1554 1668 .

240 1685 378 1751 Thoplica,
392 1689 424 1737 de
439 1686 562 1736 Lubenik
576 1693 602 1735 et
616 1686 676 1735 aliis
690 1686 756 1736 locis
776 1686 869 1736 vicinis
882 1685 982 1736 ibidem
996 1685 1021 1735 in
1041 1685 1257 1736 archidiaconatu
1276 1684 1406 1751 predicto,
1423 1684 1506 1736 omni·

241 1775 289 1824 bus
309 1775 435 1832 totaliter,
461 1791 512 1839 que
533 1781 635 1824 etcum
656 1774 717 1824 vino
742 1775 821 1824 simul
847 1775 922 1824 iuxta
947 1774 1110 1824 taxacionem
1135 1773 1229 1824 tactam
1255 1775 1407 1839 exiguntur.
1432 1774 1505 1832 Item,

240 1864 340 1913 decime
360 1865 446 1914 mellis
466 1869 492 1913 et
516 1879 575 1913 cere
594 1879 624 1912 ac
643 1878 773 1927 agnorum
798 1869 824 1913 et
843 1864 954 1914 edorum
978 1864 1010 1912 de
1030 1863 1118 1914 Grech
1143 1863 1244 1912 eteius
1268 1863 1405 1920 suburbio,
1423 1868 1448 1913 et
1474 1863 1507 1911 de

240 1952 299 2002 vico
318 1951 482 2002 Latinorum.

832 2150 914 2218 167.

344 2293 419 2340 Anno
442 2298 516 2349 1335,
534 2303 557 2353 9.
577 2289 699 2355 Augusti.
720 2287 873 2354 Zagrabiae.

244 2419 318 2478 Usus
347 2418 478 2474 elocondi
503 2417 624 2474 decimas
654 2425 682 2474 et
710 2418 784 2474 alios
804 2424 965 2491 preventus
999 2436 1114 2477 mensae
1143 2419 1321 2492 capitulares,
1359 2419 1411 2492 qui
1438 2418 1505 2474 olr'm

565 2526 595 2581 in
618 2526 742 2597 capetulo
764 2525 880 2596 zagrab.
904 2524 1025 2597 vegebat,
1048 2525 1183 2599 refertur.

327 2670 456 2726 Decreta
479 2670 632 2738 canonica,
650 2668 902 2725 consuetudinem
918 2668 1070 2740 optimam
1092 2668 1196 2739 legum
1213 2668 1414 2741 interpretem
1430 2683 1505 2738 esse,

239 2776 352 2844 dicunt,
377 2792 415 2832 ex
438 2792 500 2848 qua
524 2776 661 2832 noscitur
686 2776 765 2831 inter
787 2780 888 2831 cetera
910 2773 1129 2844 introductum,
1153 2773 1237 2846 quod
1261 2774 1287 2831 si
1303 2773 1505 2832 conductores

238 2882 353 2939 diversi
389 2888 567 2938 nostrorum
602 2896 872 2953 quorumcumque
909 2878 1088 2937 reddituum
1122 2886 1300 2953 appareant,
1336 2881 1362 2937 is
1396 2880 1506 2938 ceteris

238 2987 412 3061 preferatur
434 2996 463 3044 ct
485 2987 635 3044 conducte
658 2987 702 3043 rei
726 2987 910 3044 exercicium
933 2986 1154 3059 apprehendat,
1179 2987 1233 3059 qui
1254 2987 1417 3044 meliorem
1433 3001 1505 3044 con·

238 3094 390 3151 dicionem
422 3094 559 3151 attulerit
592 3108 649 3166 pro
680 3100 786 3150 nostro
817 3094 941 3150 comuni
964 3093 1200 3163 augmentando,
1224 3093 1371 3151 videlicet
1393 3094 1504 3151 saltem

238 3214 308 3255 cum
340 3200 451 3256 marcis
483 3199 603 3255 duabus
634 3199 684 3255 vel
721 3199 827 3254 valore
858 3199 997 3271 ipsarum
1031 3199 1234 3271 quantitatem
1257 3199 1386 3272 pecunie
1410 3213 1504 3271 quam

236 3305 315 3360 alter
338 3306 368 3361 in
393 3303 592 3361 conducendo
615 3303 793 3361 huiusmodi
816 3303 955 3361 redditus
978 3305 1029 3361 vel
1054 3310 1224 3377 proventus
1239 3304 1399 3374 offerebat,
1415 3304 1505 3362 salvo

237 3410 262 3466 si
285 3411 390 3481 aliqua
420 3409 542 3466 modica
574 3410 728 3480 quantitas
760 3409 956 3478 conducatur,
984 3410 1038 3466 ubi
1064 3408 1178 3466 sufficit
1201 3424 1273 3467 cum
1295 3425 1357 3468 uno
1386 3408 1505 3467 fertone

237 3522 443 3586 augmentare.
468 3514 536 3570 Non
561 3522 662 3571 tamen
687 3516 800 3586 aliquis
823 3514 861 3571 ad
890 3514 1123 3572 conducendum
1147 3514 1267 3573 futuros
1291 3531 1504 3589 quoscumque

236 3620 373 3677 redditus
407 3622 456 3677 vel
490 3628 657 3693 proventus
690 3619 878 3681 admittatur.
904 3621 1000 3678 donee
1023 3621 1062 3678 de
1085 3621 1244 3679 conductis
1268 3623 1422 3695 preteritis
1445 3638 1504 3696 pro

236 3743 296 3783 una
320 3736 407 3800 parte
432 3743 528 3799 usque
553 3726 665 3783 festum
689 3727 857 3784 nativitatis
880 3725 1006 3795 domini,
1031 3742 1089 3800 pro
1112 3728 1173 3785 alia
1196 3743 1294 3800 usque
1318 3727 1433 3785 festum
1455 3744 1503 3785 re·

236 3834 438 3890 surreccionis
466 3833 613 3895 eiusdem,
644 3843 673 3889 et
698 3849 754 3904 pro
779 3834 873 3889 tercia
896 3831 976 3890 intra
998 3849 1113 3890 annum
1136 3834 1353 3892 conduccionis
1376 3834 1504 3908 plenam

237 3940 426 3995 solucionem
451 3941 574 3995 nomine
598 3949 711 4008 nostro,
735 3938 773 3995 ad
799 3954 908 3995 manus
931 3941 1028 3996 nostri
1052 3940 1158 3997 decani
1182 3941 1329 4014 inpendat
1352 3940 1503 4014 adquam

236 4060 268 4100 se
291 4045 446 4100 obtulerat
471 4043 651 4111 faciendam,
684 4059 744 4101 non
768 4045 909 4102 obstante
932 4046 991 4102 sibi
1019 4047 1200 4103 remissione
1224 4047 1378 4119 porcionis
1401 4047 1504 4104 cuius·

236 4166 330 4222 quam
355 4167 392 4206 ex
415 4151 504 4207 nobis
521 4152 550 4207 in
567 4152 698 4224 privato,
716 4152 773 4208 nisi
797 4152 828 4207 in
852 4151 980 4225 puplico
1003 4153 1126 4209 comuni
1143 4152 1369 4211 deliberacione
1396 4153 1501 4210 habita

236 4271 291 4328 per
316 4271 367 4313 eos
392 4257 530 4328 singulos
546 4256 583 4312 ad
609 4272 686 4328 quos
710 4258 851 4330 pertinet,
869 4257 1033 4315 relaxetur.
1056 4259 1236 4319 Hocsalvo
1253 4258 1379 4331 quodsi
1396 4258 1500 4316 forsan

236 4361 374 4418 redditus
392 4365 441 4419 rel
458 4370 627 4436 proventus
645 4362 786 4419 conducti
810 4378 954 4436 processu
976 4365 1125 4437 temporis
1149 4364 1179 4421 in
1203 4370 1267 4422 toto
1283 4365 1335 4422 vel
1358 4365 1389 4422 in
1413 4373 1501 4438 parte

235 4468 443 4540 impediantur
476 4486 530 4540 per
557 4470 732 4540 aliquorum
766 4469 950 4525 violenciam
980 4475 1032 4525 aut
1063 4469 1153 4526 aliter
1184 4469 1349 4543 depereant
1380 4471 1500 4528 notabi-

235 4573 306 4630 liter
332 4577 379 4630 vel
412 4576 508 4631 eciam
540 4574 726 4642 auferantur,
758 4580 830 4631 tunc
860 4591 897 4632 eo
920 4591 990 4632 casu
1022 4575 1192 4633 conductor
1222 4592 1282 4633 non
1313 4582 1442 4650 cogatur
1464 4580 1503 4637 de

235 4694 290 4736 suo
321 4681 486 4752 quicquam
520 4680 713 4752 persolvere;
744 4681 850 4737 habita
880 4696 974 4754 super
1006 4682 1063 4738 hoc
1087 4680 1268 4739 certitudine
1291 4683 1376 4740 iuxta
1399 4700 1497 4758 posse.

234 4784 288 4841 sed
312 4787 414 4842 solum
437 4785 475 4842 ad
501 4785 541 4855 id,
565 4785 648 4858 quod
681 4785 719 4843 de
743 4786 818 4860 ipsis
840 4786 1014 4844 redditibus
1037 4795 1067 4862 et
1090 4789 1294 4860 proventibus
1316 4789 1425 4848 habuit
1448 4792 1499 4848 vel

1382 4906 1397 4937 Φ
1425 4922 1431 4937 ι
