3488 5242
643 346 715 402 Doc.
733 356 785 422 37.
813 379 849 387 -
873 346 928 403 An.
954 358 1041 421 1259.
1462 365 1501 424 29

238 543 315 599 turis
339 541 470 598 salutem
504 542 534 598 in
565 542 706 599 omnium
737 542 900 600 salvatore.
931 541 1034 600 Officii
1065 543 1162 600 nostri
1194 541 1336 603 debitum
1359 542 1504 601 remediis

241 648 382 717 invigilat
415 648 635 718 subiectorum,
666 663 739 704 nam
775 648 850 704 dum
882 663 990 705 eorum
1023 649 1149 706 utilitati
1181 648 1397 723 prospicimus,
1428 648 1504 706 dum

240 751 437 809 concedimus
472 752 643 826 profutura,
671 753 812 827 plebium
842 769 989 811 numerus
1027 754 1135 811 crescit
1166 754 1277 826 iugiter
1303 760 1333 811 et
1364 761 1502 827 augetur,

235 859 265 914 in
301 873 362 929 quo
394 859 475 929 regis
511 859 610 930 gloria
645 859 820 932 specialiter
854 858 1024 917 denotatur.
1062 858 1194 917 Proinde
1220 857 1259 916 ad
1287 860 1502 918 universorum

235 964 381 1020 noticiam
405 965 515 1021 harum
547 965 625 1021 serie
654 964 799 1022 volumus
831 965 1002 1038 pervenire,
1026 964 1110 1037 quod
1143 980 1215 1022 cum
1244 965 1383 1040 hospites
1405 967 1503 1024 nostri

236 1068 274 1126 de
297 1076 401 1126 monte
424 1069 534 1138 Grech,
560 1069 709 1141 Zagrabie
732 1071 896 1139 constituti,
921 1086 1035 1143 magno
1058 1087 1090 1128 se
1115 1079 1318 1143 quererentur
1346 1072 1502 1129 solucione

239 1190 387 1232 censuum
410 1177 583 1247 aggravari,
607 1192 662 1232 nec
689 1177 837 1233 haberent
860 1177 972 1233 silvam
997 1192 1054 1250 pro
1086 1193 1143 1234 usu
1173 1175 1364 1244 eorumdem,
1388 1175 1503 1235 dilecto

236 1289 266 1337 et
287 1280 373 1337 fideli
396 1290 501 1339 nostro
525 1280 681 1355 Stephano
706 1282 785 1339 bano
815 1283 914 1339 tocius
944 1281 1107 1341 Sclauonie
1130 1291 1160 1340 et
1182 1282 1342 1356 capitaneo
1365 1280 1501 1354 Styrum,

237 1386 379 1444 dedimus
412 1388 442 1444 in
473 1387 635 1453 mandatis,
667 1396 700 1444 ut
731 1396 761 1444 et
792 1386 931 1445 debitum
964 1388 1104 1462 ipsorum
1127 1387 1312 1446 diminueret
1335 1395 1365 1445 et
1388 1388 1502 1446 silvam

237 1493 306 1550 usui
330 1507 437 1549 eorum
462 1499 675 1565 conpetentem
698 1494 875 1566 assignaret.
907 1493 968 1566 Qui
990 1494 1114 1552 tandem
1139 1495 1216 1552 sicut
1239 1495 1329 1552 nobis
1352 1510 1409 1568 per
1431 1509 1502 1552 suas

239 1600 356 1656 litteras
380 1601 534 1658 intimavit
550 1608 580 1657 et
596 1601 668 1657 viva
684 1616 760 1657 voce
783 1601 899 1672 retulit,
924 1600 1111 1659 considendo
1127 1617 1198 1658 cum
1215 1600 1341 1671 eisdem,
1364 1600 1503 1659 maxima

235 1704 425 1762 considerata
450 1707 591 1779 ipsorum
614 1705 867 1765 incommoditate
890 1707 1067 1781 multiplici,
1099 1722 1193 1779 quam
1224 1706 1318 1765 iidem
1342 1707 1373 1764 in
1396 1712 1502 1764 monte

234 1809 335 1870 Grech
360 1811 583 1868 commorando
607 1810 728 1868 assidue
752 1811 948 1881 tollerabant,
973 1813 1077 1870 taliter
1099 1811 1265 1882 ordinavit,
1288 1818 1322 1869 ut
1346 1811 1384 1869 de
1400 1819 1502 1868 cetero

234 1916 380 1975 ducentas
404 1917 620 1975 tantummodo
643 1933 761 1990 pensas,
786 1924 908 1976 monete
928 1918 1054 1988 usualis,
1071 1932 1130 1993 pro
1144 1932 1246 1975 annuo
1268 1933 1360 1977 censu
1376 1917 1407 1974 in
1423 1915 1501 1974 festo

235 2025 331 2081 sancti
356 2025 478 2081 Martini
502 2025 566 2080 sine
590 2022 797 2082 diminucione
820 2025 971 2096 qualibet
987 2025 1069 2082 bano
1085 2039 1144 2098 pro
1160 2031 1302 2097 tempore
1327 2023 1501 2093 constituto,

235 2131 359 2187 nomine
382 2136 488 2188 nostro
511 2130 634 2187 solvere
656 2136 824 2188 teneantur.
849 2131 979 2188 Inseruit
1003 2131 1110 2199 eciam,
1127 2129 1211 2203 quod
1233 2138 1348 2188 terram
1364 2136 1501 2187 nostram

236 2237 357 2307 Cyblan
383 2237 574 2293 nominatam
597 2251 668 2292 cum
692 2236 780 2294 silvis
803 2244 833 2294 et
856 2238 925 2294 aliis
949 2237 1136 2295 utilitatibus
1160 2252 1195 2293 ac
1218 2236 1415 2310 pertinenciis
1438 2236 1502 2292 suis

236 2343 430 2416 presentibus
455 2349 484 2398 e‘.
506 2341 662 2414 requisitis
686 2343 903 2414 iobagionibus
927 2343 1019 2401 castri
1042 2342 1258 2415 zagrabiensis,
1287 2341 1404 2399 eisdem
1426 2341 1501 2398 assi·

235 2455 364 2521 gnasset.
388 2448 452 2505 Nos
475 2448 569 2519 igitur
592 2454 621 2505 et
645 2447 856 2522 predictorum
872 2449 988 2506 civium
1005 2456 1187 2507 nostrorum
1203 2448 1290 2505 iustis
1313 2454 1343 2506 et
1365 2447 1502 2505 honestis

235 2554 379 2627 precibus
402 2553 548 2622 inclinati,
572 2552 612 2622 id.
637 2552 718 2625 quod
744 2569 799 2627 per
823 2555 886 2611 iam
910 2552 1029 2611 dictum
1052 2552 1179 2612 fidelem
1196 2562 1337 2611 nostrum
1359 2547 1501 2630 S(tepha·

234 2652 321 2735 num)
344 2660 461 2716 banum
485 2658 616 2732 provide
640 2658 831 2729 factumest,
856 2660 1051 2733 presentibus
1076 2659 1223 2717 duximus
1242 2658 1500 2717 confirmandum.

235 2765 267 2822 ln
291 2766 377 2822 cuius
400 2766 445 2822 rei
468 2766 651 2822 memoriam
668 2773 698 2823 et
717 2774 900 2840 perpetuam
917 2765 1100 2823 firmitatem
1115 2771 1272 2839 presentes
1295 2765 1501 2822 concessimus

235 2871 352 2928 litteras
376 2871 533 2944 dupplicis
557 2872 653 2944 sigilli
677 2873 773 2929 nostri
797 2872 969 2930 munimine
992 2873 1162 2930 roboratas.
1186 2871 1302 2929 Datum
1319 2886 1376 2946 per
1391 2886 1501 2928 manus

235 2977 375 3048 magistri
398 2975 570 3048 Smaragdi,
594 2978 730 3035 albensis
753 2979 912 3052 prepositi,
944 2980 1015 3036 aule
1046 2985 1148 3036 nostre
1172 2977 1424 3048 vicecancellarii,
1448 2991 1500 3034 ve·

233 3083 381 3139 uerabilis
405 3083 495 3140 electi
518 3084 646 3140 ecclesie
677 3085 878 3154 colochensis,
905 3084 1011 3142 dilecti
1034 3092 1063 3143 et
1085 3083 1189 3141 fidelis
1212 3085 1316 3142 nostri.
1341 3085 1430 3142 Anno
1446 3084 1500 3141 do·

235 3188 309 3245 mini
333 3188 501 3246 millesimo
525 3188 735 3248 ducentesimo
759 3191 1016 3263 quinquagesimo
1038 3198 1158 3259 octavo,
1183 3192 1277 3248 tercio
1300 3205 1395 3248 nonas
1417 3189 1500 3273 Julii.

235 3294 332 3366 Regni
355 3302 459 3351 autem
482 3296 578 3352 nostri
602 3311 681 3352 anno
705 3297 853 3355 vicesimo
876 3298 979 3354 tercio.

324 3449 463 3512 Originale
483 3448 509 3497 in
529 3450 688 3499 membrana.
709 3450 813 3501 Sericea
832 3466 896 3500 zona
917 3451 994 3500 rubri
1014 3457 1040 3500 et
1058 3450 1120 3500 ssavi
1141 3450 1239 3501 coloris
1252 3451 1382 3516 dependet
1400 3451 1500 3513 absque

232 3537 330 3603 sigillo.
351 3536 380 3586 In
400 3537 509 3586 archivo
529 3538 575 3586 lib.
595 3553 649 3604 reg.
670 3538 741 3588 civit.
762 3539 946 3603 zagrabiensis.

340 3840 386 3886 An·
405 3822 630 3903 12so‚3.aprurs.'
834 3806 895 3873 37·

235 3980 307 4040 Bcla
332 3983 386 4040 IV.
412 3984 589 4056 Hungariae
610 3995 656 4042 etc.
681 4005 743 4053 rex,
761 3986 790 4041 in
808 3986 864 4053 lite,
880 4004 968 4058 quam
983 3986 1086 4042 cicutas
1101 3983 1297 4057 zagrabiensis
1319 4001 1381 4041 cum
1403 3982 1499 4040 archi-

234 4089 352 4144 diacono
374 4090 464 4146 Petro
487 4091 520 4146 de
542 4092 650 4148 (luobus
673 4091 839 4148 niolendim's
869 4091 974 4164 agebat
1003 4100 1089 4165 atque
1119 4077 1156 4147 ab
1182 4090 1274 4148 eodem
1296 4089 1501 4148 archidiacono

234 4194 379 4251 monachis
401 4196 460 4252 ord.
490 4196 689 4271 Cystercekuse'r
714 4199 836 4265 deuotis,
868 4197 965 4254 eadem
988 4197 1118 4270 predicto
1148 4198 1321 4254 monasteriii
1345 4196 1499 4254 adiudicat.

323 4355 395 4414 Bela
419 4356 468 4414 dei
491 4360 589 4430 gratia
608 4360 750 4431 liugane,
766 4359 931 4429 Dalmatie,
948 4359 1080 4429 Croatie,
1098 4360 1203 4428 Rama,
1223 4358 1338 4419 Seruie.
1363 4358 1500 4429 Gallitie,

235 4461 427 4529 Lodomerie,
451 4462 662 4536 Cumanieque
686 4481 748 4523 rex.
772 4465 925 4523 Omnibus
949 4472 1106 4539 presentes
1122 4466 1240 4523 litteras
1256 4465 1439 4539 inspecturis
1454 4479 1500 4522 sa·

233 4567 330 4624 lutem
355 4568 384 4624 in
417 4570 558 4625 omniurn
589 4572 752 4628 salvatore.
784 4570 832 4628 Ad
864 4572 1080 4629 universorum
1111 4572 1252 4629 notitiam
1280 4571 1391 4628 harum
1422 4571 1500 4628 serie

234 4673 380 4731 volumus
397 4676 568 4746 pervenire,
585 4676 667 4748 quod
685 4692 756 4734 curn
774 4675 836 4734 duo
852 4676 1031 4735 molendina
1046 4693 1141 4751 super
1157 4677 1295 4749 fluvium,
1313 4678 1367 4751 qui
1383 4685 1500 4735 terram

233 4779 440 4850 zagrabiensis
463 4781 592 4853 capituli
623 4798 641 4839 a
671 4790 752 4841 terra
784 4784 876 4841 castri
906 4783 1004 4840 nostri
1034 4781 1073 4840 de
1102 4782 1208 4841 Grech
1232 4781 1410 4852 dividitur
1432 4783 1500 4842 solo
