3488 5242
645 329 718 386 Doc.
741 340 809 405 253.
837 363 873 370 -
900 329 956 386 An.
980 338 1065 405 1371.
1429 347 1488 405 239

224 527 340 585 eisdem
374 530 455 586 veris
490 529 602 600 sigillis
633 529 863 586 machinacione
895 533 924 585 et
954 535 1020 586 arte
1051 527 1215 601 dyabolica
1246 528 1436 586 conficiendo
1460 534 1489 586 et

224 634 360 691 emanari
392 634 595 707 procurando,
627 651 662 692 ac
693 635 790 692 eciam
816 635 898 692 mala
921 635 1012 692 malis
1035 634 1260 692 accumulando
1284 634 1323 691 ad
1347 635 1490 692 similitu-

224 738 326 797 dinem
352 741 417 798 veri
441 741 545 813 sigilli,
570 740 693 810 falsum,
717 743 857 814 iniquum
882 746 912 799 et
935 742 1079 798 dolosum
1103 742 1242 813 sigillum
1266 740 1437 814 sculpendo
1461 750 1491 799 et

223 846 324 918 sculpi
349 845 487 902 faciendo
511 846 738 920 dampnassent,
762 847 926 904 viciassent
949 853 979 904 et
995 845 1209 904 falsificassent
1227 848 1257 904 in
1275 846 1489 920 preiudicium,

222 949 420 1024 dispendium
452 959 483 1008 et
512 953 661 1010 iacturam
686 959 822 1010 nostram
858 959 888 1009 et
923 953 1150 1025 regnicolarum
1186 960 1363 1010 nostrorum
1398 953 1490 1010 valde

224 1072 377 1129 magnam.
410 1058 604 1131 Quequidem
636 1060 753 1116 scelera
785 1066 815 1115 et
841 1058 1061 1116 nefandissima
1084 1075 1119 1115 ac
1142 1059 1329 1116 execrabilia
1353 1058 1489 1116 facinora

223 1170 306 1220 certo
330 1165 446 1220 cercius
470 1165 547 1221 adeo
571 1166 629 1222 sub
652 1165 757 1237 sigillo
777 1165 969 1222 honorabilis
985 1165 1113 1237 capituli
1131 1164 1258 1221 ecclesie
1273 1165 1488 1236 zagrabiensis

223 1285 283 1341 que
307 1270 431 1326 innoxia
455 1270 596 1342 diligenti
619 1272 766 1329 scrutinio
791 1287 846 1344 per
869 1287 925 1329 nos
948 1270 1058 1328 exinde
1081 1272 1245 1344 prehabito
1268 1275 1428 1343 comperta
1444 1277 1490 1327 est

222 1382 251 1431 et
275 1376 408 1433 inmunis
437 1393 492 1433 nec
515 1378 656 1451 eclipsim
680 1378 744 1450 pati
768 1376 933 1434 videbatur
955 1378 986 1435 in
1009 1378 1067 1435 hoc
1091 1393 1162 1434 casu
1185 1377 1363 1450 aliqualem,
1384 1393 1489 1434 coram

223 1483 336 1538 nostris
368 1483 460 1552 regiis
491 1484 652 1541 obtutibus
682 1491 711 1540 et
742 1484 859 1540 cunctis
893 1483 1056 1555 regnicolis
1086 1484 1198 1540 nostris
1221 1483 1387 1540 scientibus
1419 1487 1489 1539 sunt

222 1586 413 1661 deprehensa
437 1595 466 1646 et
490 1591 617 1659 notoria,
642 1589 726 1662 quod
748 1591 835 1647 nulla
859 1594 987 1663 possunt
1011 1589 1266 1660 tergiversacione
1290 1589 1392 1646 celari.
1424 1588 1488 1644 Nos

176 1703 180 1710 ·
223 1693 334 1765 itaque,
359 1696 445 1750 cuius
470 1696 594 1752 interest
617 1713 654 1752 ex
679 1695 784 1753 officio
808 1696 1015 1769 preassumpti
1042 1696 1201 1767 regiminis
1224 1696 1320 1752 nostri
1344 1702 1374 1751 et
1397 1694 1487 1751 mini-

222 1798 314 1855 s'terio
339 1802 428 1857 nobis
459 1801 606 1859 divinitus
637 1803 754 1859 credito
785 1802 942 1871 iudicium,
974 1803 1135 1858 veritatem
1164 1806 1194 1858 et
1223 1801 1383 1871 iusticiam,
1407 1816 1486 1873 quas

222 1904 319 1961 honor
350 1907 462 1978 regalis
494 1914 596 1965 nostre
628 1909 795 1966 maiestatis
825 1909 1008 1981 prophetico
1037 1907 1183 1965 edocente
1215 1908 1340 1980 eloquio
1375 1907 1486 1978 iugiter

220 2009 312 2067 debet
336 2014 474 2084 protueri
498 2021 528 2070 et
551 2015 701 2087 premissa
732 2016 848 2071 scelera
871 2021 900 2071 et
924 2013 1120 2087 dispendiosa
1145 2013 1280 2070 facinora
1315 2014 1406 2070 saluti
1431 2014 1485 2070 ho·

220 2116 339 2173 minum
371 2119 493 2191 penitus
523 2121 640 2189 nociva,
672 2137 732 2192 que
763 2136 821 2178 non
853 2136 871 2177 a
897 2120 1068 2177 diseccione
1093 2125 1194 2177 nostre
1217 2120 1367 2177 virtutum
1391 2119 1443 2176 sed
1468 2134 1485 2175 a

220 2237 352 2280 noverca
377 2225 494 2282 iusticie
518 2233 548 2282 et
571 2234 671 2284 satore
694 2228 807 2284 zizanie
831 2228 1007 2284 voluntaria
1028 2226 1144 2283 scilicet
1168 2226 1407 2298 malignancium
1425 2224 1485 2282 ful·

221 2327 392 2386 minacione
416 2338 445 2387 et
469 2332 592 2388 malicia
616 2349 780 2406 perperam
805 2337 973 2389 noscuntur
996 2331 1171 2406 profecisse,
1202 2331 1329 2387 abolere
1352 2336 1382 2387 et
1405 2330 1485 2387 radi·

220 2433 297 2489 citus
321 2436 485 2507 extirpare,
510 2444 538 2494 et
562 2439 602 2494 ob
634 2439 692 2495 hoc
721 2439 868 2508 comodis,
900 2438 1117 2511 tranquillitati
1144 2442 1319 2494 nostrorum
1347 2437 1484 2508 regnico-

220 2537 321 2594 larum
358 2540 554 2614 intendentes,
590 2543 692 2601 sutura
723 2546 870 2618 pericula,
906 2544 1084 2603 discrimina
1119 2560 1154 2600 ac
1180 2543 1342 2617 dispendia
1377 2558 1483 2599 eorum
1558 2598 1561 2604 .

219 2659 386 2702 exonerare
421 2647 632 2707 desideramus
667 2652 783 2708 interne
814 2656 917 2707 nostre
947 2651 1058 2707 mentis
1094 2651 1253 2706 conamine
1284 2654 1376 2720 atque
1407 2649 1483 2705 nisu.

218 2747 415 2809 Confidenter
439 2754 541 2826 itaque
565 2757 742 2829 appetimus
770 2757 910 2830 ipsorum
934 2763 1111 2813 nostrorum
1134 2756 1344 2813 subiectorum
1369 2759 1482 2810 statum

219 2855 403 2928 uberiorem,
434 2868 468 2916 ut
497 2862 527 2917 in
558 2861 767 2935 pulcritudine
799 2863 882 2935 pacis
913 2861 1046 2932 sedeant,
1081 2863 1111 2919 in
1142 2861 1253 2919 fiducie
1277 2861 1483 2917 tabernaculis

219 2960 357 3019 habitent
380 2972 409 3021 et
434 2967 464 3023 in
489 2969 594 3039 requie
618 2970 764 3041 opulenta
788 2970 1012 3042 conquiescant,
1040 2984 1099 3026 non
1124 2969 1325 3039 ambigentes,
1350 2966 1482 3039 quodsi

219 3066 247 3122 in
278 3070 448 3127 securitatis
474 3073 587 3130 virtute
618 3090 680 3147 pax
711 3074 773 3146 fiat,
806 3092 865 3133 non
889 3076 991 3133 solum
1017 3077 1047 3133 in
1071 3076 1208 3132 turribus
1232 3074 1326 3131 seculi
1351 3073 1483 3129 labentis

219 3172 431 3233 habundancia
454 3180 538 3251 pacis
562 3181 707 3252 sequitur.
733 3197 841 3238 verum
866 3182 963 3238 eciam
988 3183 1125 3238 minores
1149 3179 1362 3237 habundancie
1385 3179 1483 3252 ipsius
1531 3237 1535 3244 ,

217 3280 372 3354 principes
389 3283 499 3355 quietis
516 3301 575 3342 non
592 3286 805 3359 relinquentur
820 3294 970 3360 expertes,
988 3288 1196 3360 operibusque
1214 3285 1336 3359 pietatis
1353 3285 1482 3341 liberius

217 3390 246 3439 et
269 3385 425 3444 salubrius
448 3404 484 3446 ac
507 3391 599 3448 saluti
623 3392 779 3450 efficacius
795 3393 963 3450 intenditur
979 3393 1171 3460 animarum;
1192 3390 1333 3463 illudque
1349 3391 1480 3447 nimium

217 3501 425 3565 precaventes,
457 3497 538 3568 quod
572 3515 627 3572 per
659 3498 798 3556 fraudem
830 3498 997 3556 subdolam
1028 3503 1057 3555 et
1087 3497 1263 3570 nequiciam
1287 3495 1481 3552 subiciuntur

217 3600 320 3655 omnia
344 3603 487 3675 vastitati,
510 3612 790 3678 consumpmuntur
814 3606 902 3676 bona,
927 3605 1049 3678 corpori
1074 3604 1162 3676 quies
1178 3603 1377 3671 subtrahitur,
1395 3617 1481 3658 mens

216 3704 328 3776 iniquis
352 3709 807 3786 sollicitudinibus·occupatur
829 3712 965 3769 humana
988 3717 1018 3768 et
1041 3725 1103 3783 quo
1127 3709 1226 3781 magis
1245 3708 1479 3765 adversancium

217 3809 382 3871 disscensio
406 3831 437 3871 se
461 3817 579 3889 ingerit,
604 3835 640 3874 eo
664 3819 762 3876 maior
785 3819 955 3889 iurgiorum
981 3831 1072 3873 causa
1087 3815 1271 3884 suborritur,
1286 3814 1387 3870 unitas
1403 3812 1480 3869 scin-

215 3915 298 3973 ditur
321 3921 465 3992 caritatis,
482 3939 624 3981 rancores
640 3931 788 3994 crescunt,
804 3924 875 3981 odia
891 3923 1077 3991 nutriuntur,
1094 3920 1145 3993 pia
1161 3921 1361 3990 negliguntur
1376 3933 1479 3992 opera,

215 4024 333 4081 insidiis
358 4027 525 4087 intenditur
549 4037 577 4087 et
601 4032 702 4088 anime
726 4031 872 4105 periculis
904 4035 1107 4102 exponuntur.
1139 4027 1203 4084 Hec
1227 4032 1256 4082 et
1279 4026 1341 4082 alia
1365 4025 1478 4082 incom-

215 4129 306 4185 moda
331 4131 482 4190 defectiva
506 4141 534 4192 et
558 4136 718 4209 dispendia
742 4138 851 4194 nociva
886 4137 1026 4208 ipsorum
1050 4133 1277 4206 regnicolarum
1299 4137 1476 4188 nostrorum

215 4234 393 4295 reducentes
411 4239 450 4295 ad
467 4250 571 4298 exacte
588 4243 843 4299 consideracionis
859 4256 986 4298 examen
1004 4256 1039 4297 ac
1056 4238 1136 4297 infra
1152 4239 1285 4313 pectoris
1308 4236 1476 4294 claustrum

214 4342 356 4400 sollerter
386 4347 591 4417 revolventes
622 4355 764 4405 caventes
795 4363 917 4421 nempe,
948 4362 986 4404 ne
1014 4352 1121 4418 partus
1145 4343 1296 4401 dictarum
1323 4341 1476 4411 fraudum,

214 4452 426 4519 pretensarum
451 4459 480 4509 et
504 4461 630 4511 actuum
650 4453 894 4511 facinorosorum
910 4453 999 4510 nobis
1015 4459 1046 4508 et
1061 4451 1226 4521 regnicolis
1242 4450 1354 4506 nostris
1370 4463 1476 4520 supra·

213 4552 303 4610 dictis
333 4557 393 4614 sint
424 4558 591 4617 deteriores
622 4567 673 4618 aut
705 4560 879 4634 periculosi,
906 4560 932 4615 si
963 4559 1102 4630 ipsorum
1135 4555 1313 4625 inefficacia,
1344 4568 1476 4627 precone

213 4659 331 4718 iusticia
355 4665 385 4720 in
409 4666 570 4737 publicum
595 4683 654 4724 non
679 4666 825 4739 prodiret.
850 4665 995 4722 Volentes
1018 4662 1237 4720 nichilominus
1260 4667 1289 4717 et
1312 4659 1476 4716 exanimo

212 4768 369 4839 cupientes
399 4779 504 4829 contra
535 4772 710 4832 huiusmodi
743 4788 835 4829 ausus
866 4780 894 4828 et
926 4770 1087 4833 conamina
1117 4768 1171 4824 tali
1203 4767 1248 4823 uti
1271 4764 1418 4856 remedio,
1442 4771 1475 4821 ut
