3488 5242
646 332 718 389 Doc.
743 346 808 389 121.
835 365 871 374 —
897 333 1065 410 An.1322.
1439 353 1498 412 103

235 526 273 585 ad
298 527 383 585 viam
405 533 436 584 et
459 543 514 600 per
537 528 668 586 eandem
691 530 776 587 viam
807 546 915 589 versus
946 534 1199 606 septemtrionem
1230 549 1287 607 per
1318 535 1448 608 longum
1471 540 1500 592 et

237 649 384 706 magnum
408 636 547 708 spacium
570 635 652 693 cadit
675 636 714 693 ad
738 638 897 710 antiquam
921 638 1014 708 viam,
1038 654 1098 711 que
1122 637 1281 711 quondam
1306 639 1371 697 ibat
1392 655 1500 698 versus

235 738 428 812 Zagrabiam,
454 741 506 797 ubi
530 747 575 797 est
599 746 681 798 meta
704 749 811 813 terrea,
835 758 894 814 que
917 743 1070 800 vicinatur
1087 748 1166 800 terre
1182 744 1422 816 Heremitarum,
1439 746 1501 802 col-

236 845 297 902 lata
322 861 377 919 per
402 847 594 917 Mirozlaum‚
618 847 688 906 inde
712 847 798 906 vadit
814 864 921 906 versus
937 848 1099 907 meridiem
1116 865 1172 922 per
1188 848 1317 907 eandem
1341 851 1501 923 antiquam

236 951 319 1007 viam
345 966 401 1024 per
425 952 554 1024 longum
579 959 609 1009 et
632 969 782 1025 magnum
804 955 945 1027 spacium
968 960 997 1012 et
1021 956 1161 1028 pervenit
1184 956 1266 1012 circa
1289 956 1413 1012 vineam
1436 967 1501 1012 ma-

236 1056 323 1128 gistri
348 1057 504 1127 Richardi,
529 1059 570 1116 ita
596 1064 707 1131 tamen,
732 1059 815 1133 quod
838 1060 978 1134 predicta
1000 1061 1126 1133 antiqua
1157 1060 1208 1119 via
1232 1067 1370 1118 remanet
1394 1076 1501 1118 versus

236 1163 434 1233 occidentem,
459 1164 548 1221 vinea
572 1172 675 1222 autem
701 1165 831 1239 predicti
862 1166 1003 1237 magistri
1032 1165 1180 1223 Richardi
1212 1181 1320 1223 versus
1343 1166 1501 1238 orientem,

236 1274 265 1326 et
285 1271 329 1327 sic
345 1269 430 1327 vadit
446 1287 502 1344 per
518 1271 645 1328 eandem
664 1272 748 1328 viam
766 1287 873 1329 versus
889 1270 1073 1344 Zagrabiam
1089 1288 1146 1346 per
1161 1272 1291 1345 longum
1308 1277 1338 1329 et
1353 1287 1501 1344 magnum

236 1376 383 1448 spacium.
408 1376 440 1433 ln
465 1377 551 1433 cuius
575 1378 618 1435 rei
642 1377 826 1435 memoriam
849 1391 1006 1451 presentes
1022 1376 1059 1435 ad
1077 1377 1258 1435 instanciam
1274 1377 1415 1451 parcium
1432 1392 1502 1436 con·

237 1481 373 1552 tulimus,
397 1481 492 1554 sigilli
516 1484 613 1540 nostri
643 1484 812 1541 munimine
843 1485 1013 1542 roboratas.
1044 1482 1161 1541 Datum
1192 1482 1267 1541 feria
1295 1487 1404 1556 quarta
1431 1499 1501 1556 pro·

238 1587 321 1644 xima
344 1595 415 1660 post
438 1587 663 1646 Penthekostes.
689 1590 776 1648 Anno
800 1589 918 1648 domini
941 1588 1111 1647 MCCCXX
1134 1589 1275 1647 secunda.

330 1741 470 1807 Originale
490 1741 516 1791 in
537 1743 687 1793 membrana
706 1758 793 1808 aquo
812 1743 894 1792 rubra
918 1741 1017 1792 sericea
1041 1757 1105 1792 zoua
1131 1743 1262 1808 dependet
1286 1742 1384 1807 absque
1402 1741 1502 1807 sigillo.

238 1828 267 1877 In
286 1829 356 1877 arch.
376 1829 451 1894 regni
472 1830 544 1881 cst).
564 1833 621 1880 Act.
641 1831 721 1881 Conv.
743 1830 912 1881 Remetensis.
932 1830 993 1881 fasc.
1012 1829 1033 1880 1.
1053 1839 1148 1892 nr.14

830 2130 906 2196 121.

344 2273 419 2321 Anno
441 2281 515 2330 1322,
535 2282 575 2320 21.
595 2271 715 2337 Augusti.
736 2271 874 2321 Avinione.

241 2399 358 2456 Electus
373 2399 504 2476 jacobus
527 2399 669 2472 eorscopus
692 2400 885 2472 zograbienses
907 2400 1100 2457 renuntiatur.
1122 2399 1262 2473 Copimlo,
1283 2401 1357 2456 clero
1372 2407 1401 2456 et
1413 2400 1505 2469 lovers,

626 2513 661 2562 ut
679 2505 765 2562 cellon
787 2505 925 2575 obediant,
948 2505 1112 2562 mondooer.

325 2670 478 2749 Johannes
508 2670 673 2743 episcopus
705 2685 813 2727 servus
843 2683 1006 2727 servorum
1037 2667 1094 2726 dei.
1129 2668 1252 2726 Dilecto
1283 2667 1350 2726 filio
1384 2668 1502 2751 Jacobo

239 2777 337 2833 electo
373 2777 563 2848 zagabriensi
594 2777 727 2833 salutem
757 2783 787 2833 et
817 2775 1021 2849 apostolicam
1052 2774 1305 2832 benedictionem.
1337 2773 1503 2831 Pastoralis

239 2881 334 2939 oflicii
357 2882 447 2938 nobis
471 2898 660 2954 quamquam
685 2882 848 2940 immeritis
871 2896 1004 2955 superna
1029 2880 1229 2955 dispositione
1252 2879 1410 2937 commissi
1430 2895 1504 2937 cura

240 2987 347 3044 sedula
390 2989 535 3045 sollicitat
570 2995 706 3045 mentem
740 2993 886 3058 nostram,
925 2992 958 3044 ut
990 2985 1029 3043 de
1061 2986 1215 3043 universis
1249 2986 1334 3042 orbis
1368 2984 1505 3042 ecclesiis

240 3110 298 3167 pro
333 3111 439 3152 earum
472 3101 552 3152 statu
588 3094 723 3167 regendo
760 3094 928 3152 salubriter
963 3098 993 3150 ct
1031 3091 1162 3150 feliciter
1200 3090 1369 3164 dirigendo,
1408 3106 1503 3163 quan-

241 3208 306 3256 tum
338 3200 427 3257 nobis
458 3217 496 3257 cx
525 3200 588 3257 alto
619 3201 805 3270 conceditur,
836 3200 954 3256 solicite
984 3199 1169 3271 cogitemus:
1204 3197 1257 3255 sed
1288 3196 1327 3254 de
1357 3197 1421 3254 illis
1456 3212 1503 3253 ec·

240 3307 341 3364 clesiis
366 3308 548 3379 propensius
572 3309 706 3379 cogitare
729 3323 785 3364 nos
807 3307 957 3377 convenit,
982 3321 1058 3380 quas
1081 3305 1145 3362 suis
1168 3305 1304 3378 propriis
1328 3319 1432 3361 carere
1448 3318 1502 3376 pa·

240 3413 376 3469 storibus
405 3414 568 3483 intuemur,
600 3422 633 3470 ut
664 3429 720 3486 per
750 3420 853 3470 nostre
881 3410 1075 3486 providentie
1098 3411 1236 3469 studium
1260 3410 1304 3467 eis
1328 3410 1387 3467 viri
1410 3408 1503 3483 prefi-

241 3519 360 3574 ciantur
383 3518 503 3590 ydonei,
528 3520 581 3592 qui
602 3520 699 3577 sciant
723 3526 752 3576 et
776 3519 895 3593 possint
910 3519 1027 3576 eisdem
1043 3518 1180 3575 ecclesiis
1197 3533 1321 3591 preesse
1336 3514 1504 3573 salubriter

242 3634 271 3680 et
297 3625 449 3697 prodesse.
481 3624 559 3683 Sane
591 3625 713 3699 pridem
744 3625 873 3683 ecclesia
899 3624 1090 3697 zagabriensi
1113 3639 1170 3697 per
1193 3622 1426 3679 translationem
1448 3636 1504 3694 per

242 3747 296 3788 nos
321 3729 433 3789 factam
458 3732 495 3788 de
517 3732 690 3789 venerabili
706 3730 800 3789 fratre
816 3738 922 3788 nostro
938 3730 1111 3803 Augustino
1135 3729 1267 3786 civitatis
1289 3734 1392 3785 sancte
1409 3727 1504 3784 Marie
1585 3728 1588 3733 '

242 3839 317 3895 olim
352 3838 543 3909 zagabriensi
573 3839 728 3910 episcopo,
752 3844 823 3894 ωηο
846 3835 930 3911 apud
954 3835 1059 3893 sedem
1081 3835 1285 3908 apostolicam
1302 3833 1505 3906 personaliter

242 3944 414 4011 constituta,
439 3943 476 3999 ad
502 3943 662 4000 ecclesiam
687 3943 820 4000 civitatis
852 3952 955 4001 sancte
977 3943 1073 4001 Marie
1098 3951 1169 3998 tunc
1192 3946 1316 4014 pastore
1340 3946 1503 4011 carentem,

244 4058 378 4119 vacante,
403 4064 457 4105 nos
482 4049 678 4119 attendentes,
703 4048 787 4122 quod
811 4049 916 4106 nullus
937 4055 1042 4123 preter
1064 4063 1120 4105 nos
1142 4046 1181 4104 de
1200 4045 1391 4103 ordinatione
1406 4044 1504 4118 ipsius

242 4156 369 4212 ecclesie
398 4156 604 4227 zagabriensis
635 4172 666 4212 se
698 4156 754 4213 hac
785 4156 852 4212 vice
882 4155 1086 4213 intromittere
1117 4159 1246 4227 poterat,
1270 4167 1328 4226 pro
1351 4166 1396 4220 eo,
1420 4150 1503 4223 quod

243 4279 297 4319 nos
321 4262 370 4318 die
393 4269 462 4319 aute
492 4263 683 4318 vacationem
716 4261 894 4320 huiusmodi
923 4262 1117 4335 provisiones
1140 4259 1280 4317 omnium
1303 4257 1504 4315 ecclesiarum

243 4378 304 4424 tam
338 4367 571 4433 cathedralium,
596 4383 690 4440 quam
714 4368 806 4426 etiam
830 4368 964 4426 aliarum
987 4373 1059 4425 tunc
1081 4366 1165 4441 apud
1188 4365 1304 4422 dictam
1326 4362 1431 4420 sedem
1452 4378 1504 4420 va·

242 4477 377 4533 cantium
401 4481 431 4532 et
453 4476 529 4532 inibi
553 4485 771 4533 vacaturarum
794 4476 1000 4548 imposterum
1022 4471 1217 4546 dispositioni
1239 4476 1343 4528 nostre
1359 4468 1504 4526 duximus

243 4583 451 4653 reservandas
476 4582 667 4641 decernendo
691 4599 729 4640 en
753 4589 824 4640 tunc
847 4582 971 4639 irritum
993 4585 1024 4638 et
1045 4580 1143 4650 inane,
1166 4578 1193 4636 si
1215 4592 1302 4634 secus
1325 4590 1419 4649 super
1445 4575 1504 4633 hiis

243 4704 298 4761 per
330 4704 541 4761 quoscumque
573 4690 702 4747 scienter
733 4689 785 4747 vel
815 4688 992 4761 ignoranter
1022 4686 1192 4758 contigeret
1221 4682 1407 4755 attemptari,
1434 4686 1505 4754 post

244 4794 507 4866 deliberationem,
539 4810 633 4868 quam
664 4795 702 4853 ad
738 4793 952 4869 deputandum
973 4790 1117 4865 regimini
1140 4788 1277 4848 eiusdem
1306 4785 1435 4845 ecclesie
1456 4801 1505 4843 za·
