3488 5242
673 333 838 410 Doc.147.
865 366 901 374 —
927 333 984 391 An.
1007 332 1098 412 1328.

837 526 923 594 147.

358 667 433 715 Anno
456 666 528 723 1328,
550 675 591 723 25.
614 665 739 715 octobris.
758 666 912 731 Zagrabiae.

317 790 415 847 Mikil
432 793 516 849 totius
540 791 697 849 Slauoniac
719 793 818 860 banus,
842 794 955 850 modum
971 797 1159 868 persolvendi
1178 798 1300 857 decimas
1321 801 1447 875 epz'scopo

727 899 843 972 zagrab.
861 901 1043 972 praescribit.

339 1042 451 1114 Mykch
476 1043 574 1099 banus
597 1043 696 1099 tocius
719 1041 889 1102 Sclauonie.
913 1043 1073 1103 Universis
1103 1047 1270 1118 nobilibus,
1294 1050 1415 1107 civibus
1438 1052 1516 1109 libe

249 1163 355 1204 rarum
380 1149 528 1205 villarum
552 1154 582 1205 et
605 1149 674 1205 aliis
697 1149 906 1221 cuiuscunque
929 1154 1026 1207 status
1049 1151 1101 1208 vel
1124 1151 1311 1212 condicionis
1335 1155 1514 1214 hominibus

250 1253 280 1309 in
304 1252 435 1309 dioecesi
450 1254 643 1325 zagrabiensi
659 1254 839 1323 constitutis
856 1255 970 1326 quibus
987 1261 1142 1329 presentes
1158 1257 1369 1330 ostenduntur,
1382 1262 1515 1319 salutem

249 1374 319 1415 cum
344 1359 467 1416 honore.
491 1358 644 1431 Quamvis
667 1360 752 1416 iuxta
775 1360 896 1431 regium
920 1368 1103 1435 preceptum
1126 1362 1165 1420 ad
1189 1364 1355 1422 solvendas
1382 1366 1518 1424 decimas

249 1467 389 1523 omnium
412 1481 517 1522 rerum
541 1466 572 1522 in
596 1466 706 1538 specie,
730 1466 901 1523 venerabili
924 1467 954 1523 in
978 1466 1102 1525 Christo
1131 1470 1213 1542 patri
1243 1463 1388 1529 Ladizlao
1411 1471 1461 1530 dei
1486 1478 1516 1529 et

249 1571 418 1643 apostolice
441 1571 522 1629 sedis
547 1571 650 1644 gracia
673 1571 819 1644 episcopo
842 1573 1033 1644 zagrabiensi
1057 1583 1087 1630 et
1110 1575 1174 1631 eius
1201 1576 1330 1633 ecclesie
1353 1592 1409 1634 vos
1432 1592 1516 1635 com·

248 1677 366 1749 pellere
383 1682 551 1746 teneamur,
576 1677 653 1733 sicut
677 1677 774 1733 eciam
799 1678 839 1733 ab
862 1677 925 1734 alio
948 1693 1027 1735 anno
1052 1679 1141 1737 vobis
1164 1681 1303 1750 innotuit,
1328 1683 1394 1755 ipse
1409 1690 1512 1741 tamen

248 1782 391 1840 dominus
416 1785 580 1856 episcopus
596 1798 668 1839 cum
683 1797 738 1839 suo
754 1783 891 1854 capitulo
907 1782 947 1840 ad
963 1785 1228 1857 supplicacionem
1245 1793 1381 1844 vestram
1402 1788 1511 1847 volens

247 1890 322 1947 mite
335 1906 426 1963 agere
443 1891 615 1958 vobiscum,
632 1888 801 1946 secundum
819 1888 1050 1963 infrascriptam
1069 1893 1261 1950 taxacionem
1277 1893 1360 1967 ipsas
1377 1893 1512 1953 decimas

247 1996 412 2054 solvendas
437 2013 492 2069 per
516 2011 571 2052 vos
595 1995 747 2052 consensit
771 2001 800 2050 et
823 1993 957 2064 admisit,
982 2003 1015 2052 ut
1038 1996 1185 2055 videlicet
1206 1998 1246 2056 de
1268 1999 1399 2072 singulis
1424 2015 1513 2074 cape·

247 2101 302 2158 ciis
325 2100 478 2170 frumenii,
502 2101 641 2172 siliginis.
663 2098 758 2169 ordei,
790 2115 896 2171 avene,
929 2102 1008 2158 milii
1039 2108 1069 2159 et
1098 2103 1226 2161 alterius
1254 2104 1343 2175 milii,
1368 2104 1516 2163 borknles

248 2207 405 2280 vulgariter
429 2207 511 2276 dicti,
537 2222 572 2263 ac
595 2206 736 2277 surgonis
759 2222 856 2278 usque
873 2206 986 2263 festum
1002 2209 1084 2265 beati
1104 2209 1228 2266 Martini
1243 2209 1427 2268 confessoris
1443 2227 1513 2285 per-

246 2315 408 2371 solvantur
430 2330 483 2370 sex
507 2313 624 2370 denarii
649 2313 723 2369 boni
746 2313 881 2381 banales‚
905 2328 1039 2386 quorum
1063 2314 1178 2387 singuli
1201 2316 1325 2373 valeant
1347 2316 1512 2374 duodecim

247 2421 395 2493 parvulos
418 2421 585 2492 bagatinos.
610 2419 647 2474 Et
671 2434 728 2491 pro
749 2419 878 2490 singulis
908 2419 1031 2476 eubulis
1062 2420 1127 2477 vini
1158 2420 1363 2478 decimalibus
1395 2421 1513 2479 denarii

246 2527 349 2596 iidem,
366 2534 457 2600 prout
473 2527 580 2583 vinum
598 2527 627 2582 in
647 2540 728 2582 novo
745 2526 775 2582 in
793 2525 879 2581 villis
897 2526 1067 2583 maioribus
1082 2529 1289 2585 communiter
1301 2527 1425 2586 valebit.
1438 2527 1514 2601 Qui-

246 2649 378 2704 cumque
401 2640 504 2689 autem
528 2633 628 2704 ipsam
655 2631 848 2687 solucionem
870 2646 967 2702 usque
990 2629 1106 2688 dictum
1132 2632 1246 2689 festum
1269 2647 1330 2689 non
1346 2632 1460 2704 fecerit,
1477 2640 1511 2690 ut

247 2739 422 2812 predicitur,
447 2745 558 2795 extunc
582 2737 755 2809 quamlibet
778 2737 934 2809 capeciam
952 2743 981 2793 et
996 2738 1148 2795 eubulum
1166 2738 1229 2795 vini
1245 2753 1317 2795 cum
1340 2745 1507 2810 augmento

246 2845 377 2902 duorum
411 2845 608 2901 denariorum
639 2843 761 2899 solvere
792 2848 938 2911 teneatur,
962 2858 1033 2899 cum
1057 2849 1168 2900 extunc
1195 2842 1326 2900 bladum
1349 2850 1378 2900 et
1404 2845 1512 2901 vinum

246 2952 371 3008 maioris
399 2950 551 3007 efficiatur
580 2948 704 3016 valoris
728 2949 922 3021 experiencia
953 2949 1012 3005 hoc
1043 2949 1201 3021 probante.
1231 2949 1376 3006 Decimas
1406 2955 1511 3007 autem

245 3072 411 3130 porcorum
435 3054 616 3112 annualium
640 3058 670 3110 et
692 3052 781 3122 infra,
805 3054 859 3125 qui
879 3052 1025 3110 videlicet
1044 3054 1121 3110 alias
1137 3053 1281 3110 decimati
1304 3069 1365 3110 non
1389 3052 1513 3110 fuerunt

245 3164 275 3219 in
298 3164 409 3236 specie,
434 3162 485 3218 vel
509 3176 578 3216 cum
603 3159 735 3215 denariis
758 3158 928 3215 secundum
952 3157 1035 3231 quod
1053 3165 1193 3232 tempore
1209 3157 1374 3216 dicacionis
1397 3158 1513 3228 valent,

245 3267 382 3323 decrevit
404 3264 635 3339 persolvendos.
651 3265 698 3320 De
721 3264 835 3320 truncis
858 3279 933 3320 vero
957 3279 1052 3337 apum
1076 3270 1106 3320 et
1129 3263 1167 3320 de
1190 3264 1286 3335 agnis,
1303 3263 1444 3335 singulos
1460 3261 1512 3320 de-

246 3373 355 3440 narios,
372 3373 423 3429 vel
447 3372 601 3429 decimum
625 3371 679 3427 ubi
704 3377 748 3427 tot
771 3370 893 3440 fuerint,
917 3376 948 3427 et
970 3369 1009 3427 de
1032 3370 1098 3428 edis
1122 3370 1261 3427 medium
1283 3370 1443 3427 denarium
1461 3372 1513 3429 vel

244 3478 353 3535 eodem
378 3478 472 3535 modo
494 3478 658 3545 decimum,
682 3479 761 3534 sicut
784 3476 841 3533 suit
865 3483 894 3534 et
925 3476 1001 3534 alias
1025 3484 1214 3534 consuetum.
1242 3476 1300 3533 Ille
1323 3483 1435 3548 autem,
1459 3479 1513 3550 qui

244 3585 338 3641 nichil
361 3585 392 3641 in
409 3600 507 3640 messe
523 3585 640 3653 habuit,
657 3583 780 3640 duobus
796 3582 929 3640 denariis
945 3582 1116 3640 fumalibus
1132 3582 1348 3640 tantummodo
1364 3589 1512 3641 teneatur.

244 3691 281 3746 Et
301 3690 339 3747 de
362 3691 431 3747 aliis
455 3691 548 3746 rebus
572 3689 718 3763 predictis
742 3690 767 3746 si
790 3691 859 3761 quis
874 3690 968 3746 habet
985 3689 1128 3760 decimas,
1149 3690 1242 3763 plene
1260 3690 1429 3763 persolvat.
1446 3690 1514 3747 Hoc

244 3799 340 3866 salvo,
365 3796 448 3869 quod
473 3798 502 3853 in
527 3797 612 3853 villis
636 3797 743 3853 liberis
767 3802 796 3852 et
820 3796 997 3866 maioribus
1015 3796 1070 3853 ubi
1093 3797 1151 3853 hoc
1168 3795 1410 3853 decimatoribus
1426 3794 1513 3853 vide·

244 3903 337 3966 bitur,
362 3919 468 3960 omnes
491 3919 540 3959 res
564 3901 730 3958 decimales
754 3901 901 3959 videlicet
923 3902 1031 3958 vinum
1062 3902 1093 3959 in
1117 3902 1253 3958 cellariis
1275 3909 1305 3957 et
1328 3900 1459 3957 bladum
1481 3902 1512 3958 in

244 4009 341 4066 orreis
365 4009 395 4065 in
419 4009 521 4080 specie
544 4008 770 4080 persolvantur.
804 4007 1004 4080 Quapropter
1034 4008 1125 4064 vobis
1156 4008 1308 4064 universis
1330 4012 1360 4063 et
1383 4007 1513 4079 singulis

244 4114 354 4171 damus
379 4115 510 4171 firmiter
535 4116 563 4171 in
589 4113 751 4183 mandatis,
776 4121 926 4186 quatenus
949 4114 1084 4171 decimas
1100 4119 1219 4170 vestras
1234 4112 1404 4170 secundum
1428 4118 1512 4170 taxa·

242 4222 362 4277 cionem
386 4221 569 4293 premissam
601 4221 651 4276 vel
675 4221 705 4276 in
729 4221 831 4292 specie
857 4220 943 4276 iuxta
966 4217 1146 4275 mandatum
1170 4219 1291 4290 regium
1315 4218 1512 4291 persolvatis,

243 4328 381 4400 alioquin
406 4345 461 4401 per
483 4335 603 4384 nostros
626 4329 762 4394 comites,
787 4326 910 4396 iudices,
944 4326 1127 4382 castellanos
1161 4330 1191 4381 et
1217 4323 1367 4382 officiales
1390 4323 1428 4380 ad
1453 4324 1512 4381 hoc

242 4434 475 4506 compellcmini
500 4432 722 4506 perficiendum
739 4447 800 4488 non
817 4433 881 4488 sine
897 4436 1002 4488 vestro
1022 4431 1212 4502 gravamine,
1228 4431 1306 4486 sicut
1321 4429 1510 4503 experientia

242 4555 298 4595 vos
322 4539 453 4596 docebit.
480 4540 546 4595 lloc
569 4540 664 4595 eciam
690 4538 780 4594 vobis
804 4542 929 4606 constet,
954 4535 1038 4608 quod
1061 4533 1099 4592 de
1122 4550 1270 4593 consensu
1295 4534 1369 4591 dicti
1393 4533 1513 4592 domini

242 4645 379 4718 episcopi
403 4652 432 4701 et
456 4645 520 4701 eius
544 4644 751 4715 zagrabiensis
775 4642 902 4716 capituli
926 4642 1027 4699 extitit
1049 4639 1228 4705 diffinitum,
1250 4639 1332 4712 quod
1350 4639 1512 4696 castellani

241 4749 280 4807 de
303 4750 430 4807 decimis
453 4751 662 4819 castrensium,
688 4751 719 4805 in
742 4749 854 4806 tenutis
877 4753 1051 4804 castrorum
1067 4748 1218 4819 ipsorum,
1234 4744 1510 4801 sextamdecimam

1390 4848 1404 4875 Ο
