3488 5242
251 339 312 401 204
670 323 743 381 Dec.
768 337 835 398 225.
863 358 899 366 -
922 323 976 381 An.
1001 337 1087 402 1352.

249 523 501 597 predecessorum
525 523 633 580 salutis
656 524 865 596 prestolamur
889 523 1060 595 exordium,
1084 541 1122 582 ex
1147 531 1210 583 toto
1229 527 1323 583 animi
1348 528 1445 584 nostri
1462 526 1514 583 de·

248 628 361 686 siderio
384 629 486 701 dignis
512 628 640 686 laudum
665 630 817 702 preconiis
840 630 998 700 extollere,
1021 631 1052 687 in
1075 633 1139 688 suis
1163 631 1281 689 iuribus
1307 633 1436 689 eandem
1453 633 1515 690 illi·

252 736 323 792 bate
346 734 565 806 conservando
590 734 745 808 predictas
768 736 886 793 litteras
909 743 1029 794 nostras
1045 753 1138 810 super
1154 737 1301 811 predictis
1318 738 1515 796 libertatibus

248 840 384 898 eiusdem
398 840 526 897 ecclesie
540 848 705 912 emanatas,
715 841 754 898 de
768 842 866 898 verbo
879 841 916 898 ad
931 843 1062 899 verbum
1076 843 1271 915 presentibus
1283 844 1420 913 insertas,
1429 845 1514 901 omni

249 962 375 1019 prorsus
397 948 571 1021 suspicione
594 954 731 1006 carentes
748 947 786 1005 de
803 949 997 1022 beneplacita
1014 948 1173 1005 voluntate
1190 949 1383 1005 serenissime
1400 950 1513 1021 princi·

247 1055 329 1127 pisse
345 1052 469 1110 domine
492 1053 670 1124 Elyzabeth,
687 1055 791 1111 inclite
807 1055 912 1125 regine
928 1054 1094 1125 Hungarie,
1111 1054 1266 1126 genitricis
1289 1059 1393 1111 nostre
1417 1053 1514 1111 karis-

248 1160 325 1216 sime
341 1174 376 1216 ac
392 1157 431 1216 de
449 1158 578 1215 consilio
594 1166 624 1216 et
636 1161 835 1217 connivencia
851 1160 1046 1232 prelatorum
1063 1165 1092 1217 et
1109 1161 1261 1217 baronum
1277 1166 1454 1217 nostrorum
1477 1176 1515 1218 ex

247 1271 329 1322 certa
340 1264 478 1335 sciencia,
490 1265 584 1322 simul
601 1281 671 1322 cum
689 1265 885 1323 libertatibus
898 1267 1066 1338 prenotatis
1079 1267 1109 1322 in
1124 1266 1321 1322 continenciis
1333 1264 1515 1323 earumdem

247 1371 410 1444 explicatis
432 1376 636 1444 acceptamus,
661 1371 851 1429 ratificamus
873 1378 901 1429 et
926 1373 1147 1445 approbamus
1171 1372 1384 1444 presentisque
1407 1373 1513 1445 scripti

248 1477 420 1551 patrocinio
443 1476 481 1533 de
504 1478 588 1548 regie
605 1477 765 1562 potestatis
781 1477 973 1550 plenitudine
990 1478 1254 1551 perhempnaliter
1270 1476 1371 1534 eidem
1387 1478 1514 1535 ecclesie

249 1583 441 1656 zagrabiensi
472 1583 622 1639 valituras
653 1583 882 1640 confirmamus.
915 1584 955 1642 Ut
987 1584 1081 1655 igitur
1104 1584 1255 1656 presentis
1277 1591 1380 1640 nostre
1403 1583 1514 1640 contir-

246 1689 395 1746 macionis
418 1694 447 1746 et
471 1689 710 1761 approbacionis
733 1689 827 1746 series
849 1690 888 1747 sit
912 1690 993 1747 dicte
1026 1690 1153 1746 ecclesie
1175 1689 1366 1761 zagrabiensi
1390 1689 1421 1745 in
1444 1705 1514 1762 per·

249 1801 377 1869 petuum
409 1795 553 1864 valitura,
586 1811 641 1851 nec
665 1794 731 1852 ullo
754 1811 903 1868 umquam
930 1802 1070 1869 tempore
1093 1795 1199 1868 aliqua
1222 1796 1404 1869 suspicionis
1428 1795 1513 1852 rubi·

249 1901 320 1973 gine
340 1917 377 1958 eo
400 1900 484 1973 quod
507 1916 587 1957 nunc
612 1899 768 1973 predictus
792 1900 936 1958 dominus
959 1901 1105 1958 Nicolaus
1127 1901 1290 1974 episcopus
1307 1901 1514 1971 zagrabiensis

247 2008 366 2065 honore
389 2007 693 2065 vicecancellariatus
716 2013 747 2064 et
770 2008 1015 2064 conservacionis
1038 2007 1134 2080 sigilli
1159 2007 1254 2064 nostri
1277 2007 1421 2063 autentici
1445 2023 1514 2080 pre-

248 2112 330 2170 ditus
353 2112 474 2186 fulgerc
494 2111 674 2184 dinoscitur,
691 2115 789 2187 possit
804 2114 999 2186 aliquatenus
1015 2112 1180 2183 obfuscari,
1197 2113 1392 2186 presentibus
1409 2113 1515 2169 habita

247 2224 368 2277 matura
388 2218 617 2276 deliberacione
648 2236 720 2277 cum
744 2219 882 2293 predicta
910 2219 1036 2276 domina
1060 2220 1165 2291 regina
1189 2218 1335 2290 genitrice
1358 2225 1462 2276 nostra
1485 2225 1515 2275 et

246 2326 375 2398 prelatis
398 2341 433 2382 ac
458 2325 628 2382 baronibus
661 2326 773 2383 nostris
804 2342 841 2382 ex
866 2333 969 2383 nostra
993 2333 1075 2382 certa
1100 2325 1296 2393 consciencia,
1320 2333 1460 2381 nostrum
1484 2331 1514 2381 et

247 2430 385 2488 eiusdem
417 2430 543 2488 domine
573 2431 678 2503 regine
709 2432 866 2503 genitricis
897 2436 1000 2488 nostre
1034 2430 1138 2503 sigilla
1172 2430 1332 2503 dupplicia
1363 2431 1514 2488 autentica

247 2537 443 2595 decrevimus
475 2536 541 2594 fore
574 2536 766 2611 apponenda.
799 2537 914 2593 Datum
945 2553 1002 2610 per
1024 2553 1134 2594 manus
1158 2536 1296 2593 eiusdem
1320 2536 1438 2594 domini
1461 2537 1514 2594 Ni·

248 2643 326 2701 colai
351 2643 488 2717 episcopi
511 2643 726 2714 zagrabiensis,
748 2642 819 2699 aule
841 2650 944 2700 nostre
968 2643 1222 2713 vicecancellarii,
1243 2642 1347 2700 dilecti
1363 2648 1393 2699 et
1412 2642 1514 2700 tidelis

247 2751 352 2807 nostri.
383 2751 473 2806 Anno
503 2748 621 2807 domini
652 2747 789 2806 MCCCL
819 2748 961 2819 secundo,
993 2757 1104 2821 quarto
1127 2748 1206 2820 ydus
1236 2748 1392 2808 februarii.
1416 2749 1514 2822 Regni

248 2862 349 2913 autem
374 2857 470 2913 nostri
494 2871 573 2913 anno
598 2855 770 2912 undecimo.
794 2855 1033 2912 Venerabilibus
1057 2857 1087 2912 in
1111 2855 1234 2912 Christo
1256 2856 1398 2928 patribus
1414 2862 1443 2912 et
1460 2855 1514 2913 do-

248 2962 340 3019 minis
371 2961 499 3018 Nicolao
529 2961 734 3031 strigoniensi,
766 2962 889 3033 locique
920 2960 1059 3018 eiusdem
1088 2962 1201 3018 comite
1225 2967 1376 3034 perpetuo
1399 2968 1428 3018 et
1453 2961 1515 3017 Do·

249 3068 362 3124 minico
388 3068 554 3140 spalatensi
577 3067 826 3140 archiepiscopis,
851 3066 946 3124 fratre
969 3067 1119 3138 Dyonisio
1145 3067 1330 3124 archielecto
1353 3069 1514 3136 colocensi,

249 3173 378 3230 Nicolao
410 3173 551 3244 agriensi,
582 3173 742 3230 Demetrio
766 3172 948 3243 varadiensi,
973 3173 1097 3229 Andrea
1121 3175 1318 3243 transilvano,
1343 3173 1514 3231 Colomano

249 3278 556 3353 jauriensi‚.Nicolao
579 3279 902 3352 quinqueecclesiensi,
925 3280 1085 3350 Mychaele
1104 3281 1266 3351 wacyensi,
1281 3282 1422 3362 Johanne
1439 3296 1515 3337 wes-

250 3386 418 3459 primiensi,
442 3385 563 3443 Thoma
586 3386 790 3455 chanadiensi,
814 3384 962 3442 tratribus
996 3385 1117 3444 Thoma
1151 3386 1323 3457 syrmiensi,
1347 3386 1514 3458 Peregrino

251 3492 403 3562 boznensi,
434 3490 593 3564 Stephano
625 3492 770 3562 nitriensi,
803 3492 905 3549 Blasio
935 3493 1076 3550 tinniensi
1101 3492 1262 3565 episcopis,
1296 3492 1440 3549 ecclesias
1463 3491 1512 3548 dei

250 3598 380 3656 feliciter
402 3599 654 3671 gubernantibus.
678 3597 849 3671 Magnificis
873 3599 1042 3656 baronibus
1066 3598 1194 3655 Nicolao
1210 3598 1349 3670 palatino
1365 3603 1395 3655 et
1411 3598 1511 3656 iudice

250 3703 470 3775 Comanorum,
502 3704 639 3775 Nicolao
671 3704 737 3761 filio
768 3705 937 3775 Laurencii,
968 3704 1112 3776 voyuoda
1145 3705 1342 3775 transilvano,
1366 3704 1515 3776 Olyucrio

252 3812 401 3883 magistro
424 3811 653 3868 tavarnicorum
677 3818 853 3868 nostrorum
878 3818 907 3867 et
930 3810 1030 3868 iudice
1053 3812 1137 3869 curie
1160 3811 1284 3868 domine
1307 3811 1411 3881 regine
1431 3812 1515 3883 geni·

248 3917 331 3974 tricis
365 3923 467 3974 nostre
498 3916 668 3987 karissime,
701 3916 821 3974 Thoma
853 3917 952 3974 iudice
980 3917 1063 3973 curie
1095 3924 1206 3985 nostre,
1237 3914 1393 3989 Stephano
1417 3917 1515 3972 tocius

249 4021 412 4081 Sclauonie
443 4030 474 4081 et
504 4023 639 4092 Croacie,
671 4023 835 4080 Dominico
866 4023 904 4080 de
935 4024 1065 4080 Machou
1098 4031 1127 4079 et
1155 4022 1284 4079 Nicolao
1315 4022 1354 4079 de
1385 4020 1515 4079 Seurino

249 4131 345 4201 banis,
370 4129 468 4186 Paulo
499 4131 647 4200 magistro
680 4130 908 4185 tavarnicorum
932 4130 1126 4201 reginalium,
1151 4128 1369 4185 Bartholomeo
1394 4128 1513 4201 pincer-

250 4252 360 4294 narum
384 4244 414 4293 et
437 4235 559 4292 Leukus
584 4234 806 4308 dapiferorum,
835 4235 984 4306 Dyonisio
1008 4250 1177 4306 agazonum
1201 4250 1236 4290 ac
1260 4234 1415 4291 Theuteus
1439 4233 1514 4309 jani·

249 4351 351 4398 torum
375 4347 559 4410 nostrorum,
575 4356 693 4398 necnon
715 4341 863 4423 Johanne,
883 4339 950 4397 filio
973 4341 1110 4397 eiusdem
1134 4340 1282 4411 Olyucrii,
1299 4340 1511 4414 dapiferorum

250 4448 437 4519 reginalium
463 4448 627 4519 magistris,
651 4445 793 4519 Symone,
817 4448 884 4504 filio
907 4448 1055 4516 Mauricii,
1080 4448 1191 4504 comite
1209 4448 1383 4520 posoniensi
1400 4453 1429 4504 et
1446 4448 1515 4504 aliis

250 4553 491 4626 quampluribus
514 4554 600 4625 regni
624 4554 722 4610 nostri
746 4555 909 4610 comitatus
932 4554 1106 4610 tenentibus
1130 4558 1160 4609 et
1184 4554 1322 4610 honores.

335 4706 357 4754 E
375 4704 447 4755 libro
466 4706 593 4755 Statutor.
613 4722 668 4772 cap.
689 4708 792 4773 zagrab.
812 4724 837 4772 p.
857 4707 901 4758 1v.
923 4724 943 4758 c.
965 4707 1009 4758 vt.
1028 4709 1102 4775 Joan.
1124 4707 1240 4758 Tkateic‘.
1264 4708 1332 4758 Mon.
1354 4710 1412 4759 hist.
1433 4711 1514 4775 episc.

247 4793 352 4862 zagrab.
373 4793 405 4846 11.
426 4807 486 4858 pag.
510 4802 565 4842 122.
