3488 5242
695 315 767 371 Doc.
792 310 843 392 418.
872 346 908 354 —
936 306 1025 369 1266.
1453 328 1492 389 39

864 418 891 423 -.
914 418 1034 423 .—...—-
1056 417 1204 424 .-—--

231 511 345 569 tionem
369 517 454 568 tuam
484 526 631 586 rogamus
662 516 692 568 et
723 511 899 568 hortamur·
914 512 1037 580 attente,
1069 507 1257 578 mandantes,
1283 514 1433 581 quatenus
1456 508 1496 566 ad

230 616 383 690 predictas
405 621 510 690 part&
528 623 563 674 et
586 616 751 674 ecclesiam
774 615 979 690 personaliter
1005 630 1076 672 curn
1107 614 1206 687 gratia
1229 620 1332 672 nostre
1355 613 1497 672 benedic-

230 723 320 780 tionis
343 722 499 794 accedens,
524 720 663 780 eiusdem
693 722 821 779 ecclesie
851 721 1020 779 sollicitam
1050 735 1158 778 curam
1190 735 1286 793 geras.
1318 718 1496 779 Contradic-

232 834 312 886 tores
335 844 392 901 per
408 843 568 886 censuram
585 828 825 885 ecclesiasticam
841 827 1050 900 appellatione
1067 826 1247 901 postposita,
1264 826 1496 901 compescendo.

230 933 375 991 Ceterum
392 939 535 1004 castrum,
552 935 654 1004 villas,
671 934 887 1006 possessiones,
904 932 1051 1004 redditus,
1069 936 1098 988 et
1121 932 1183 989 alia
1207 932 1288 989 bona
1309 932 1497 1006 episcopalia

231 1041 287 1097 tibi
311 1040 405 1098 facias
431 1040 587 1110 exbiberi;
610 1039 783 1098 detentores
807 1054 915 1096 eorum
947 1044 977 1095 et
1006 1038 1088 1109 illos,
1116 1052 1251 1111 quorum
1273 1039 1397 1096 nomine
1420 1037 1497 1097 deti·

230 1150 348 1215 nentur,
380 1147 601 1218 cuiuscumque
631 1145 798 1217 dignitatis,
828 1144 945 1202 ordinis
984 1159 1038 1201 seu
1070 1143 1253 1202 conditionis
1283 1144 1422 1215 existant,
1456 1143 1497 1202 ad

230 1266 337 1308 eorum
361 1251 583 1308 exhibitionem
607 1267 768 1309 monemus
793 1249 991 1324 preclpiendo
1011 1266 1068 1324 per
1090 1265 1251 1308 censuram
1266 1249 1404 1323 eandem,
1424 1252 1497 1308 sub·

230 1357 293 1414 lato
325 1357 544 1430 appellationis
575 1357 744 1422 obstaculo,
768 1355 994 1430 compellendo.
1018 1355 1099 1419 ¹Non
1129 1356 1280 1427 obstante,
1310 1356 1337 1413 si
1370 1361 1415 1414 est
1441 1357 1496 1415 ali·

231 1464 344 1537 quibus
367 1464 408 1520 ab
431 1464 602 1537 apostolica
625 1463 696 1521 sede
719 1462 884 1533 indultum,
908 1461 992 1535 quod
1024 1463 1176 1534 interdici,
1200 1462 1347 1538 suspendi
1370 1463 1423 1520 vel
1445 1479 1497 1521 ex·

231 1570 455 1627 communicari
477 1585 538 1627 non
562 1571 681 1644 possint
704 1586 760 1643 per
783 1569 901 1627 litteras
925 1569 1119 1643 apostolicas,
1136 1583 1196 1642 que
1212 1568 1251 1627 de
1266 1567 1387 1626 indulto
1405 1570 1497 1627 huius

231 1676 357 1749 plenam
381 1681 411 1733 et
434 1692 613 1751 expressam
645 1692 706 1734 non
737 1672 864 1734 fecerint
894 1675 1091 1746 mentionem,
1115 1675 1181 1733 sive
1204 1675 1345 1747 qualibet
1367 1675 1429 1734 alia
1452 1677 1496 1734 in·

233 1781 393 1854 dulgentia
414 1781 495 1839 sedis
517 1783 664 1853 eiusdem,
697 1782 735 1839 de
765 1797 827 1854 qua
857 1781 1004 1853 cuiusque
1033 1787 1098 1838 toto
1129 1786 1234 1838 tenore
1265 1780 1304 1839 de
1334 1782 1433 1840 verbo
1456 1783 1496 1840 ad

232 1888 365 1944 verbum
389 1893 531 1961 oporteat
554 1889 584 1945 in
608 1888 721 1946 nostris
751 1887 863 1945 litteris
894 1889 1020 1960 plenam
1051 1892 1082 1944 et
1108 1902 1287 1960 expressam
1308 1889 1496 1947 mentionem

231 1992 306 2065 fieri,
339 1998 368 2050 et
400 2010 456 2067 per
485 2009 580 2065 quam
610 1995 739 2051 effectus
769 1993 960 2067 presentium
991 1992 1137 2066 impediri
1169 1992 1271 2050 valeat
1294 1994 1345 2052 vel
1369 1993 1496 2052 differri.

231 2099 339 2156 Preces
360 2106 462 2157 autem
487 2105 516 2157 et
540 2099 721 2156 mandatum
743 2108 884 2156 nostrum
908 2099 952 2156 sic
975 2098 1147 2172 adimpleat
1178 2105 1232 2156 tna
1254 2099 1388 2170 devotio,
1412 2099 1495 2173 quod

232 2206 288 2263 tibi
312 2205 442 2278 proinde
465 2212 570 2280 preter
593 2205 697 2263 divine
719 2204 930 2262 retributionis
954 2205 1111 2277 premium
1142 2220 1160 2262 a
1189 2204 1280 2262 nobis
1302 2204 1395 2280 digne
1423 2221 1496 2280 pro·

231 2312 334 2369 veniat
357 2313 436 2369 actio
459 2312 637 2384 gratiarum.
661 2310 777 2368 Datum
802 2309 886 2384 apud
911 2309 1030 2368 Urbem
1053 2316 1190 2367 veterem
1214 2310 1250 2368 X.
1273 2308 1421 2369 kalendas
1452 2310 1495 2368 fe·

232 2417 358 2475 bruarii.
382 2419 471 2475 Anno
494 2419 596 2475 tercio.

318 2551 414 2616 Ereg.
435 2551 502 2616 orig.
523 2551 625 2602 Urbani
646 2550 690 2601 lv.
711 2566 750 2601 an.
769 2551 817 2603 111.
837 2568 876 2618 ep.
902 2564 944 2615 92.
972 2582 1004 2590 -
1030 2554 1061 2601 Α,
1086 2551 1208 2602 Theiner.
1236 2551 1305 2603 Mon.
1326 2554 1414 2619 Hung.
1434 2552 1496 2608 hist.

231 2645 248 2688 t.
268 2638 288 2689 1.
308 2655 332 2704 p.
354 2640 411 2689 262.
432 2668 466 2676 -
485 2639 605 2689 Farlatti.
625 2639 692 2690 Illir.
712 2656 777 2690 sacr.
799 2646 860 2693 tom.
880 2641 911 2690 V.
932 2657 956 2707 p.
977 2648 1036 2700 373.

336 2905 384 2953 nn.
408 2903 481 2952 1266.
826 2870 891 2935 4⁸·

230 3015 305 3071 Belo
328 3014 384 3070 IV.
410 3014 587 3086 Hungarn'ae
618 3023 664 3071 ete.
690 3033 744 3071 rex
775 3015 820 3071 ius
851 3016 975 3088 elegendi
1001 3016 1106 3073 iudices
1135 3017 1243 3074 civibus
1265 3017 1498 3090 zagrabe'ense'bus

314 3138 480 3189 concessum,
503 3120 581 3194 qnod
600 3120 728 3177 Archino
750 3122 847 3177 comite
869 3122 938 3195 psit
959 3122 1027 3179 dato
1049 3123 1219 3197 infregerat,
1234 3123 1418 3197 redintegrat.

319 3264 394 3321 Bela
417 3264 467 3321 dei
489 3265 592 3336 gracia
616 3265 783 3337 ilungarie,
806 3265 976 3337 Dalmacie,
1000 3268 1135 3338 Croacie,
1160 3269 1266 3339 Rame,
1290 3266 1405 3340 Seruie,
1422 3266 1496 3327 Gal-

231 3371 309 3441 licie,
332 3369 525 3441 Lodomerie‚
557 3369 769 3444 Cumanieque
800 3388 863 3442 rex,
897 3373 1041 3430 omnibus
1074 3379 1231 3446 presentes
1254 3375 1372 3433 litteras
1395 3374 1497 3449 inspe-

231 3477 325 3534 cturis
349 3477 481 3534 salutem
504 3478 535 3533 in
559 3478 699 3535 omnium
722 3478 885 3537 salvatore.
910 3479 959 3536 Ad
983 3481 1199 3545 universorum
1227 3481 1369 3539 notitiam
1392 3487 1497 3540 tenore

230 3583 424 3656 presencium
448 3582 596 3639 volumus
612 3584 783 3656 pervenire,
801 3584 883 3656 quod
901 3600 972 3642 cum
988 3585 1097 3643 fideles
1114 3586 1211 3643 nostri
1234 3588 1317 3644 cives
1338 3586 1377 3644 de
1392 3593 1496 3646 monte

230 3686 384 3758 Grecensi,
409 3687 446 3744 de
469 3688 628 3760 Zagrabia,
653 3689 771 3762 pluries
795 3691 884 3747 nobis
901 3691 1110 3762 querimonias
1126 3692 1344 3765 porrexissent,
1360 3691 1495 3752 dicentes

230 3795 259 3851 in
284 3793 435 3866 eoquod
461 3809 515 3850 nos
539 3795 582 3851 eis
615 3789 803 3866 Archynum
833 3797 978 3853 comitem
1009 3797 1040 3854 in
1072 3801 1255 3870 potestatem
1286 3813 1338 3854 seu
1362 3797 1496 3856 iudicem

231 3899 468 3972 prefeceramus,
495 3916 583 3958 suam
616 3900 741 3973 infringi
770 3901 955 3958 libertatem.
986 3900 1058 3974 Nos,
1090 3902 1170 3960 lecto
1202 3918 1296 3961 aureo
1320 3904 1496 3978 privilegio,

230 4020 287 4078 per
309 4021 364 4062 nos
387 4004 503 4062 eisdem
527 4020 679 4076 concesso,
703 4007 775 4078 quia
798 4006 935 4065 vidimus
959 4008 1037 4065 inter
1060 4014 1161 4066 cetera
1185 4011 1215 4067 in
1238 4011 1308 4084 ipso
1330 4011 1497 4085 privilegio

230 4110 408 4167 huiusmodi
431 4111 596 4168 articulum
621 4113 778 4183 contineri,
801 4118 834 4170 ut
858 4112 953 4170 iidem
977 4114 1060 4171 cives
1083 4121 1269 4188 potestatem
1293 4132 1346 4174 seu
1361 4116 1497 4175 iudicem

231 4216 299 4284 sibi,
324 4232 417 4288 quem
439 4218 558 4288 volunt,
582 4234 688 4275 secure
716 4219 830 4291 eligere
861 4225 891 4277 et
922 4219 1072 4293 preficere
1099 4222 1217 4294 possint
1248 4221 1286 4279 de
1317 4221 1442 4293 eisdem,
1466 4231 1497 4281 et

231 4322 425 4394 singulorum
449 4339 601 4380 annorum
624 4324 654 4381 in
678 4325 876 4382 revolutione
907 4324 1071 4399 deponere,
1103 4333 1133 4384 et
1162 4327 1259 4385 alium
1283 4345 1338 4385 seu
1359 4326 1494 4387 eundum

232 4427 379 4498 preficere
403 4428 487 4484 iuxta
511 4444 565 4485 sue
588 4429 753 4486 arbitrium
785 4430 963 4501 voluntatis,
996 4430 1126 4489 eandem
1158 4424 1335 4491 libertatem
1366 4432 1404 4490 de
1427 4449 1496 4507 spe-

232 4525 302 4588 ciali
325 4533 428 4605 gracia
452 4540 482 4589 et
505 4532 613 4591 favore
636 4534 891 4592 confirmavimus
914 4534 1031 4593 eisdem
1054 4542 1084 4593 et
1104 4537 1285 4595 auctoritate
1301 4540 1496 4612 presencium

231 4635 378 4694 duximus
400 4639 523 4712 plenius
546 4638 810 4710 confirmandum;
833 4641 981 4712 volentes,
1001 4649 1036 4699 ut
1050 4642 1139 4699 nullo
1155 4657 1302 4716 processu
1317 4650 1495 4718 temporum

232 4742 365 4800 libertas
388 4743 527 4816 ipsorum
551 4744 667 4801 civium
691 4745 722 4802 in
746 4744 888 4819 predicto
909 4762 1004 4805 aureo
1027 4748 1194 4822 privilegio
1217 4754 1366 4821 contenta,
1382 4756 1412 4808 et
1426 4767 1495 4825 pre-
