3488 5242
746 364 933 440 Argenteum.
1347 361 1485 427 ‘celem

227 657 287 708 331.
306 650 382 699 Anno
402 647 539 706 1387,'20.
558 644 681 711 Augusti.
709 644 863 710 Zag'rablae.
891 645 1051 712 Capitulum
1072 647 1135 696 eccl.
1163 644 1269 712 ragrab.
1298 571 1483 712 sigis-'pum'

310 738 436 787 mundum
446 733 601 800 Hungariae
619 739 668 789 etc.
687 748 786 799 regem,
804 734 836 783 de'
856 733 1015 785 introductis
1033 733 1136 784 civibus
1155 733 1182 783 in
1195 731 1382 798 possessionem

306 824 465 875 Petrovinae
483 828 510 877 et
529 823 671 889 Hrasthya.
691 823 833 874 certiorem
851 821 915 873 facit
927 846 1376 863 ··························
1435 831 1487 886 309

226 922 288 972 332.
307 915 382 964 Anno
404 914 478 972 1388,
497 921 540 971 30.
560 910 662 978 aprilis.
682 910 713 961 In
732 911 873 977 Visegrad.
892 910 1076 976 sigismundus
1094 910 1249 976 Hungariae
1261 916 1310 961 etc.
1323 925 1380 967 rex,

307 999 432 1050 Ladislao
451 1001 483 1049 de
501 999 635 1050 Lossonch
655 1000 731 1058 bano,
759 1004 790 1048 111
808 998 910 1049 nobiles
933 998 1070 1049 districtus
1089 998 1241 1048 Goricensis
1259 997 1383 1048 ducentas

307 1088 425 1139 marchas
444 1086 548 1139 civibus
567 1086 760 1138 Grecheusibus
779 1101 830 1153 pro
848 1087 969 1153 expensis
988 1087 1064 1137 saetis
1082 1088 1228 1146 exsolvant,
1241 1085 1382 1152 praecipit.

227 1178 384 1236 33311110
405 1177 480 1240 1389,
500 1186 543 1236 31.
559 1175 684 1241 januarii.
703 1175 841 1226 Varadini.
864 1176 1047 1242 Sigismundns
1072 1173 1227 1242 Hungariae
1252 1181 1301 1225 ete.
1327 1189 1383 1234 rex,

307 1264 434 1314 Ladislao
454 1266 487 1314 de
505 1264 627 1314 Losonch
645 1265 715 1314 bano
732 1263 872 1331 praecipit,
891 1269 921 1315 ut
939 1264 1026 1330 ipsum
1042 1265 1075 1314 de
1088 1262 1230 1314 interdicto
1242 1278 1292 1329 per
1305 1262 1384 1328 episc.

305 1353 411 1418 ragrab.
430 1351 574 1416 Johannem
593 1352 696 1403 civibus
714 1351 847 1418 imposito,
866 1352 1007 1402 certiorem
1024 1352 1189 1402 reddat····
1196 1375 1378 1391 ···········

228 1450 285 1501 334.
310 1442 386 1491 Anno
408 1442 481 1503 1389,
504 1450 546 1499 31,
563 1440 687 1506 januarii.
708 1440 846 1492 Varadini.
875 1440 1058 1506 Sigismnndus
1087 1439 1241 1506 Hungariae
1260 1446 1308 1491 etc.
1328 1454 1384 1498 rex,

308 1529 434 1579 Ladislao
452 1531 484 1578 de
503 1529 633 1588 Losonch,
648 1529 724 1596 regni
737 1529 876 1582 slavoniae
889 1530 958 1579 bano
972 1529 1113 1595 praecipit,
1127 1536 1158 1580 nt
1168 1533 1273 1579 centum
1283 1542 1386 1578 marcae

305 1632 321 1666 a
337 1617 456 1737 lcapitula
475 1617 580 1682 zagrab.
600 1617 702 1668 civibus
722 1616 915 1669 Grechensibus
933 1633 983 1683 pro
1001 1617 1122 1683 expensis
1144 1616 1204 1682 regi
1221 1614 1315 1673 factis,
1343 1631 1386 1666 ex·

307 1704 335 1737 so
348 1694 444 1738 vantur
451 1712 1379 1729 ····················································

230 1767 289 1818 335.
309 1761 385 1808 Anno
407 1760 481 1822 1389,
504 1768 545 1815 31.
562 1758 687 1824 januarii.
708 1759 847 1812 Varadini;
875 1758 1058 1824 sigismundus
1081 1758 1237 1826 Hungariae
1262 1762 1310 1806 etc.
1329 1771 1385 1815 rex,

309 1846 434 1896 Ladislao
452 1845 582 1904 Losonch,
595 1845 669 1912 regni
683 1846 821 1898 slavoniae
834 1846 910 1906 bano,
924 1856 982 1906 300.
996 1861 1097 1897 marcas
1106 1861 1155 1913 pro
1165 1844 1288 1911 expensis
1300 1844 1382 1911 regiis

308 1934 411 1985 civibus
430 1934 632 1993 Grechensibus,
651 1942 680 1985 ut
700 1935 733 1984 ab
752 1934 847 1985 abbate
876 1937 908 1985 de
926 1934 1053 2001 Topuska
1071 1935 1180 1999 eiusque
1199 1932 1388 1999 iobagionibus

308 2023 492 2082 resarciantur,
511 2011 1115 2089 praecipit·······-···--·····-·..··..l
1127 2046 1381 2063 ···············
1477 2057 1491 2071 .

230 2116 289 2172 336.
307 2114 382 2162 Anno
406 2114 480 2176 1389,
500 2123 542 2175 29.
562 2111 663 2162 marcii.
677 2113 696 2161 C
699 2111 766 2162 risii.
780 2111 810 2162 ln
823 2113 941 2178 generali
955 2113 1160 2179 congregatione
1170 2109 1301 2162 nobilium
1311 2109 1388 2176 regni

309 2202 457 2268 slavoniam,
477 2200 559 2251 Crisii
577 2201 716 2258 celebrata,
736 2201 867 2250 sedecima
886 2216 948 2266 pars
964 2199 1125 2252 decimarum
1144 2199 1335 2266 episcopalium
1354 2198 1388 2247 ci·

309 2290 386 2340 vibus
406 2288 608 2348 Greehensibus,
627 2304 706 2353 111111
725 2304 827 2353 semper
845 2289 995 2354 exigebant,
1016 2289 1185 2339 adiudicatur
1199 2312 1381 2328 ···········

232 2382 385 2437 33111111
407 2380 481 2442 1389,
510 2380 534 2430 8.
554 2378 720 2444 septembris.
751 2377 903 2444 Zagrabiae.
931 2378 1062 2429 Martinus
1091 2378 1159 2427 Ders
1183 2377 1323 2428 vicebanus
1347 2382 1390 2434 et,

311 2467 442 2517 crisiensis
460 2482 545 2517 comes
563 2472 699 2524 statutum,
718 2481 772 2530 quo
790 2465 921 2517 sedecima
938 2481 1000 2532 pars
1019 2466 1180 2516 deeimarum
1200 2464 1226 2515 in
1245 2478 1388 2531 cougrega-

311 2557 381 2606 tioue
402 2555 482 2604 (frisii
501 2554 635 2605 celebrata
653 2553 756 2605 civibus
776 2553 971 2604 Grecbeosibus
1000 2553 1177 2612 adiudicatur,
1197 2552 1383 2603 transsummit.

231 2646 384 2702 3381110
406 2645 480 2708 1389.
508 2653 547 2693 12.
572 2643 736 2708 septembris,
756 2643 854 2693 Eudae.
882 2641 1066 2708 sigismundus
1084 2640 1239 2706 Hungariae
1259 2648 1306 2690 etc.
1327 2655 1384 2698 rex,

311 2734 466 2782 collectores
485 2741 510 2782 et
528 2733 734 2782 subcollectores
754 2745 870 2781 camerae
898 2730 1058 2797 apostolieae
1085 2729 1210 2796 episcopo
1237 2729 1342 2799 ragrab.
1363 2734 1388 2778 et

311 2821 413 2871 civibus
433 2821 626 2871 Grechensilius
645 2821 838 2871 commendatos
857 2835 911 2870 esse
932 2821 989 2871 vult
1007 2841 1386 2858 ·····················

233 2919 292 2974 339.
315 2912 390 2960 Anno
413 2911 486 2973 1389,
508 2920 548 2973 19.
563 2909 728 2974 septembris.
749 2908 779 2959 In
792 2909 897 2959 110111.
911 2908 1096 2973 sigismundus
1109 2905 1263 2973 Huugariae
1275 2913 1323 2955 etc.
1335 2920 1391 2965 rex,

311 2998 403 3049 Bubek
423 2999 490 3048 bano
510 2997 650 3064 praecipit,
669 3003 698 3048 ut
717 3011 829 3055 causam,
848 3011 916 3061 qnae
935 2998 967 3046 de
986 2997 1115 3047 sedecima
1133 3001 1209 3061 parte
1227 2995 1390 3044 deeimarum

312 3087 381 3137 inter
400 3086 552 3152 episcopum
571 3088 677 3152 zagrab.
705 3091 731 3136 et
758 3086 827 3136 cives
847 3085 1008 3136 Greehenses
1036 3085 1173 3151 agebatur,
1202 3083 1335 3141 discutiat,
1365 3087 1391 3131 et

312 3175 434 3240 partibus
455 3176 597 3225 terminum
617 3175 650 3224 ad
669 3175 799 3225 iudicium
818 3176 907 3241 regale
926 3174 1106 3241 comparendi,
1125 3171 1240 3238 assignet
1258 3197 1388 3210 ········

235 3275 293 3327 340.
313 3266 390 3315 Anno
413 3265 485 3327 1389,
511 3274 548 3325 19.
563 3264 732 3328 septembris.
747 3264 776 3313 11
788 3262 891 3314 Mohad.
911 3263 1095 3329 sigismundus
1108 3261 1263 3326 llungariae
1275 3264 1323 3309 etc.
1338 3274 1393 3318 rex,

312 3352 437 3418 episcopo
455 3351 561 3415 zagrab.
582 3350 695 3414 Jalianni
715 3351 896 3416 praecipient
916 3351 987 3401 cives
1006 3350 1167 3401 Greclienses
1186 3349 1213 3399 in
1226 3348 1394 3414 perceptione

312 3442 456 3491 sedecimas
475 3440 559 3506 partis
579 3440 741 3490 decimarum
771 3445 825 3490 tam
853 3439 898 3489 diu
928 3439 1070 3502 relinquat,
1099 3452 1236 3501 quousque
1260 3437 1293 3486 de
1317 3452 1347 3485 ea
1367 3436 1393 3485 in

315 3529 414 3579 iudicio
432 3529 507 3594 regio
526 3529 666 3578 decidatur·
687 3550 1388 3567 ········································

235 3630 295 3680 341.
315 3621 390 3668 Anno
414 3627 485 3675 1390.
505 3619 530 3666 6.
550 3617 672 3680 Augusti.
692 3616 847 3682 Zagrabiae.
877 3616 1001 3666 Detricus
1019 3614 1112 3665 Bubelr
1131 3615 1222 3673 banus,
1241 3613 1312 3664 ciues
1332 3613 1395 3663 Gre-

314 3706 417 3756 cbenses
436 3705 494 3769 regi
515 3721 628 3754 annuum
647 3720 750 3755 censum
770 3716 812 3765 40.
834 3720 984 3755 marearum
1002 3704 1120 3762 solvisse,
1139 3703 1242 3753 nuntiat
1258 3727 1389 3741 ········
1486 3709 1499 3724 ·

236 3807 293 3856 342.
314 3798 390 3845 Anno
411 3805 487 3857 1390,
508 3805 548 3846 22.
569 3793 729 3850 novembris,
750 3793 848 3843 Budae.
867 3794 953 3843 llaria
972 3792 1065 3860 regina
1085 3791 1246 3858 llungariae‚
1262 3791 1395 3840 11111111-

211 3875 214 3880 ’
316 3886 382 3934 trien
401 3883 493 3933 Bnbek
513 3882 623 3938 nuntiat,
643 3899 669 3930 se
688 3883 757 3932 velle
777 3890 805 3931 ut
825 3895 902 3931 causa
921 3882 989 3931 inter
1009 3881 1080 3931 cives
1100 3880 1260 3929 Grechenses
1279 3884 1305 3929 et
1324 3878 1393 3944 capi·

316 3974 400 4022 tulum
421 3973 526 4037 zagrab.
547 3972 578 4019 de
597 3972 713 4033 1111111111
733 3971 792 4020 viro
811 3969 921 4027 nefaria,
933 3984 1012 4033 quern
1032 3969 1101 4021 ciues
1114 3968 1273 4024 acciderant,
1287 3967 1392 4016 111111-

315 4059 372 4093 men
392 4042 518 4093 tavarnici
538 4041 674 4091 deferatur
687 4067 905 4081 ···········
915 4079 917 4082 .
917 4062 1388 4081 ···························

238 4144 297 4194 343.
317 4135 392 4182 11110
415 4139 488 4189 1311,
509 4141 550 4179 21.
571 4131 670 4180 martii.
690 4129 719 4180 11
736 4128 940 4195 Segesd.Maria
957 4129 1049 4194 regina
1069 4128 1232 4192 Hungariae,
1251 4126 1393 4176 Nicolaum

316 4222 349 4269 de
367 4219 466 4269 1111111
487 4219 650 4268 tavarnicum
664 4218 805 4268 certiorem
818 4216 915 4276 reddit,
928 4232 1033 4267 causam
1047 4217 1115 4266 inter
1128 4215 1275 4279 capitulum
1287 4215 1393 4279 ragrab.

315 4314 342 4359 et
361 4307 430 4357 cives·
450 4308 597 4356 tircchense
615 4308 647 4356 de
664 4315 748 4356 marte
767 4307 902 4356 cuiusdam
920 4305 973 4356 uiri
998 4304 1094 4354 nefarii
1113 4305 1139 4354 in
1158 4303 1277 4353 examine
1297 4302 1396 4368 regalis

316 4397 405 4446 euriae
424 4412 479 4446 esse
502 4396 664 4445 tractandam
672 4416 1391 4435 ·········································
1451 4392 1502 4448 318

238 4497 297 4547 344.
317 4489 393 4535 Anno
416 4495 489 4547 1391,
510 4492 534 4533 t».
554 4484 655 4550 aprilis.
676 4485 706 4534 11
724 4484 820 4536 Zakan.
848 4483 935 4532 Maria
963 4481 1056 4547 regina
1083 4480 1238 4547 Huugariae
1257 4484 1336 4538 vetat,
1364 4483 1393 4530 ut

317 4574 469 4640 intangiones
486 4574 585 4623 civium
603 4572 791 4623 Greehensium
820 4572 987 4622 Petrovinam
1015 4576 1041 4621 et
1065 4570 1221 4634 llrasthjam
1241 4567 1392 4625 incolentes,

316 4663 430 4712 decimas
448 4662 656 4713 marturinarum
675 4668 701 4712 et
719 4675 863 4727 porcorum
884 4665 1019 4727 praestent
1026 4681 1388 4699 ·····················
1448 4664 1503 4719 319

239 4753 395 4812 3431111110
418 4748 657 4814 1391211111,
686 4749 840 4815 Zagrabiae.
866 4747 989 4798 Detricus
1012 4746 1105 4799 Bubelr
1126 4747 1217 4804 banus,
1245 4745 1315 4795 cives
1334 4745 1398 4796 Gre-

321 4839 426 4890 cheuses
444 4841 561 4906 regalem
580 4854 685 4889 censum
702 4850 745 4900 40.
766 4852 914 4888 marcarum
931 4836 1049 4896 solvisse,
1068 4835 1173 4886 nuntiat
1191 4858 1391 4875 ············
1451 4840 1505 4893 320
