3488 5242
239 338 254 396 8
681 336 756 394 Dec.
782 349 825 392 11.
857 369 893 378 -
920 337 976 395 Aa
1002 350 1086 413 1231.

239 536 350 592 onibus
374 542 404 593 et
427 541 551 604 metent,
575 549 630 591 nos
646 534 749 591 sobrie
766 534 888 607 operari
905 532 1121 602 desiderantes,
1139 533 1304 591 salubriter
1321 533 1506 591 attendendo

238 647 343 699 eterna
374 656 432 715 pro
462 640 689 714 temporalibus
719 639 862 713 adipisci,
895 645 1064 713 proventus
1095 638 1286 696 decimarum
1321 645 1505 708 nostrarum,

237 746 357 803 cuttelli
390 746 505 803 scilicet
536 745 744 817 zagrabiensis
775 744 929 818 parochie,
961 745 1176 818 provenientes
1201 745 1230 801 in
1263 744 1412 814 denariis,
1448 745 1506 802 hiis

238 853 341 909 solum
373 852 518 924 exceptis,
543 867 602 922 que
631 850 670 907 ad
706 851 869 908 cellarium
893 856 1033 908 nostrum
1057 850 1156 906 solent
1189 849 1340 922 deputari,
1373 850 1506 906 scilicet:

238 956 402 1028 frumento,
433 972 539 1026 avena,
570 972 648 1025 cera,
680 956 782 1026 melle,
815 956 887 1026 lino,
917 954 1006 1025 fabis,
1038 956 1125 1027 agnis
1157 965 1187 1011 et
1217 955 1356 1023 nucibus,
1388 970 1505 1012 necnon

238 1077 299 1121 uno
323 1062 441 1120 fertone
465 1062 642 1120 cancellarii
664 1068 694 1118 et
717 1078 777 1118 una
802 1078 907 1119 marca
932 1063 1075 1136 pincerne
1092 1061 1197 1129 nostri,
1215 1060 1337 1118 dilectis
1354 1060 1502 1119 fratribus

237 1169 350 1226 nostris
374 1169 511 1242 capitulo
535 1167 726 1240 zagrabiensi
751 1167 833 1225 licite
857 1183 893 1223 ac
910 1168 1083 1225 liberaliter
1098 1183 1157 1240 pro
1173 1167 1281 1239 cappis
1297 1168 1360 1224 suis
1377 1167 1506 1239 singulis

237 1276 324 1332 annis
362 1272 548 1332 renovandis
583 1274 789 1331 concessimus
827 1283 976 1346 perpetuo
1011 1272 1234 1345 percipiendos.
1270 1271 1507 1329 Considerantes

237 1382 335 1438 eciam
368 1378 622 1437 insufficienciam
650 1385 680 1436 et
703 1377 859 1436 defectum
883 1377 1123 1436 cottidianorum
1149 1378 1285 1434 victuum
1318 1392 1434 1447 eorum,
1468 1394 1506 1435 ne

236 1492 365 1560 propter
396 1484 568 1542 mendicata
599 1485 747 1557 suffragia
779 1490 962 1557 cogerentur
991 1483 1110 1556 aliquid
1143 1482 1182 1540 de
1213 1482 1326 1541 divinis
1355 1485 1506 1553 omittere,

236 1591 275 1650 ad
304 1606 412 1648 eorum
442 1606 546 1647 mense
579 1592 864 1663 augmentacionem
895 1590 1030 1647 decimas
1053 1590 1091 1646 de
1114 1587 1251 1659 Gercha,
1284 1590 1420 1663 exceptis
1443 1589 1507 1647 illis

237 1698 414 1755 accessoriis
438 1695 639 1765 decimarum,
673 1711 733 1769 que
768 1697 855 1769 prius
885 1698 1127 1765 numeravimus,
1159 1711 1274 1753 necnon
1306 1704 1335 1752 et
1359 1694 1507 1752 ducentos

237 1820 348 1879 porcos
371 1810 400 1860 et
423 1802 571 1861 ducentos
595 1804 727 1861 cubulos
751 1805 814 1860 vini
839 1802 878 1860 de
902 1803 1030 1860 cellario
1054 1801 1243 1874 zagrabiensi
1260 1801 1377 1858 eisdem
1394 1801 1506 1878 libera·

236 1911 308 1969 liter
331 1909 518 1967 contulimus
542 1912 572 1967 in
595 1918 790 1983 perpetuum.
816 1909 963 1982 Amplius
987 1923 1058 1964 cum
1080 1908 1109 1964 in
1127 1906 1220 1964 domo
1238 1907 1356 1964 domini
1372 1908 1506 1964 servien-

237 2017 320 2073 tibus
343 2015 464 2073 salubri
487 2015 602 2072 solacio
626 2014 795 2072 debeamus
820 2015 994 2084 subvenire,
1018 2016 1159 2086 ipsorum
1183 2015 1321 2085 inopiam
1348 2015 1376 2070 in
1395 2014 1507 2070 melius

237 2119 432 2180 emendando
455 2136 491 2179 eo
516 2121 597 2194 quod
623 2136 682 2178 non
707 2122 873 2179 habuerint
897 2120 1075 2178 habitacula
1099 2122 1283 2189 communia,
1305 2121 1337 2176 in
1360 2134 1421 2192 qua
1437 2134 1506 2176 con·

238 2231 396 2286 venientes
419 2224 458 2284 ad
482 2226 588 2284 divina
610 2225 714 2283 officia
733 2227 764 2284 in
787 2224 881 2284 domo
906 2225 1024 2283 domini
1049 2224 1227 2298 expedicius
1247 2226 1364 2298 possint
1380 2240 1507 2281 concur·

237 2349 314 2404 rere,
344 2333 463 2390 curiam
495 2340 632 2389 nostram
663 2339 692 2389 et
726 2347 833 2389 omnes
864 2331 975 2389 domos
1007 2333 1037 2388 in
1061 2330 1169 2388 eadem
1193 2311 1356 2387 existentes
1389 2329 1505 2386 eisdem

241 2445 392 2513 perpetuo
432 2439 619 2495 contulimus
657 2437 892 2509 inhabitandas,
931 2444 964 2494 ut
1002 2438 1139 2510 amplius
1178 2435 1326 2493 distancia
1366 2436 1506 2492 locorum

237 2545 390 2602 voluntati
415 2546 554 2618 ipsorum
579 2546 771 2601 occasionem
794 2543 1008 2618 impedimenti
1033 2550 1164 2614 nequeat
1188 2542 1370 2611 ministrare,
1399 2538 1506 2598 sedin

237 2666 335 2707 unum
367 2651 582 2708 convenientes
612 2649 735 2707 valeant
771 2650 938 2707 salubriter
970 2648 1172 2705 cottidianum
1206 2645 1345 2704 officium
1381 2645 1507 2704 domino

241 2754 413 2813 decantare.
436 2754 479 2814 Ut
503 2757 596 2828 igitur
613 2738 742 2812 donacio
761 2763 864 2812 nostre
880 2755 1077 2812 liberalitatis
1094 2761 1232 2811 eternum
1250 2753 1346 2809 robur
1362 2753 1506 2821 obtineat,

238 2862 270 2919 in
305 2869 522 2934 argumentum
554 2860 627 2918 fidei
651 2860 769 2918 litteras
793 2861 999 2918 concessimus
1023 2861 1193 2932 patrocinio
1217 2858 1313 2930 sigilli
1337 2858 1506 2914 roboratas.

240 2969 329 3024 Anno
365 2967 405 3024 ab
440 2967 651 3024 incarnacione
682 2965 801 3022 domini
835 2964 1043 3023 llCCXXVll.
1066 2966 1269 3039 Episcopatus
1300 2963 1395 3021 nostri
1427 2979 1506 3021 anno

240 3071 383 3130 secundo.

326 3223 466 3289 Originale
485 3225 573 3289 periit.
599 3224 803 3290 Transumptum
826 3241 839 3273 e
859 3226 934 3274 bulla
960 3226 1047 3289 Papae
1073 3226 1199 3290 Gregorii
1219 3225 1267 3274 IX.
1288 3227 1319 3273 dc
1339 3239 1406 3273 anno
1430 3233 1504 3279 1227,

238 3318 388 3362 asservatur
409 3313 435 3361 in
455 3312 563 3362 archivo
584 3313 662 3376 capit.
682 3314 786 3378 zagrab.
807 3312 867 3362 fasc.
891 3323 910 3362 1.
931 3328 969 3362 nr.
989 3323 1030 3374 41.
1051 3313 1134 3379 lypis
1154 3314 1274 3377 vulgavit
1292 3315 1366 3378 Joan.
1387 3311 1504 3360 Tkaldic‘.

239 3399 309 3450 Mon.
329 3399 388 3450 hist.
408 3400 486 3466 episc.
507 3402 610 3465 zagrab.
631 3403 682 3450 vol.
701 3401 720 3450 1.
741 3417 765 3466 p.
787 3402 826 3459 58.
848 3403 899 3450 vol.
920 3401 953 3450 ΙΙ.
975 3418 997 3465 p.
1021 3404 1062 3450 88.

844 3704 895 3768 11.

344 3754 391 3802 An.
415 3763 488 3810 1231.

238 3877 373 3936 Andreas
396 3880 437 3936 Il.
462 3881 619 3953 Hungarie
642 3891 688 3938 etc.
714 3901 775 3951 rex,
805 3882 938 3950 Thomna,
955 3883 1024 3955 filio
1047 3883 1161 3939 conrr'tis
1183 3882 1367 3950 Mochariae,
1388 3891 1508 3956 propter

232 3985 391 4059 fidelitates
414 4004 491 4055 suas,
515 3996 637 4060 practer
658 3989 736 4044 alios
754 3990 950 4061 possessiones}
973 3989 1086 4063 confert
1106 3996 1214 4044 terram
1237 4007 1298 4044 cum
1322 3989 1407 4056 siloa,
1434 4007 1508 4061 quac

533 4094 665 4168 fuerant
686 4095 752 4150 olim
768 4096 947 4167 piscatorum
971 4092 1208 4166 zogralu'enst'um.

329 4253 468 4311 Andreas
492 4255 541 4312 dei
564 4257 667 4327 gracia
691 4273 744 4313 rex
769 4257 927 4329 ilungarie
951 4265 997 4314 etc
999 4302 1165 4315 ........
1190 4257 1385 4313 Contulimus
1409 4258 1505 4314 eciam

240 4361 281 4418 ei'
299 4361 393 4418 aliam
425 4368 539 4418 terram
563 4377 634 4418 cum
658 4363 746 4433 silva,
771 4379 831 4434 que
855 4361 912 4421 fuit
937 4364 1123 4436 piscatorum
1148 4363 1186 4419 de
1207 4363 1367 4434 Zagrabia.
1406 4363 1507 4419 Prima

239 4471 322 4522 meta
354 4465 445 4523 huius
468 4473 549 4524 terre
571 4468 680 4541 incipit
702 4468 740 4524 de
764 4467 864 4540 Odra,
896 4470 949 4526 ubi
973 4468 1055 4526 cadit
1079 4469 1239 4540 Ribnycha
1264 4469 1293 4524 in
1317 4467 1449 4535 Odmm,
1478 4478 1507 4523 et

240 4570 324 4626 venit
344 4570 487 4643 superius
509 4587 603 4644 super
626 4572 821 4645 Ribnycham
843 4574 881 4630 ad
906 4573 1069 4631 Timenera
1094 4573 1203 4642 mlaca,
1227 4580 1257 4629 et
1280 4572 1319 4628 de
1343 4571 1506 4628 Timeaera

139 4672 146 4682 “
240 4673 342 4732 mlaca
373 4675 458 4733 venit
488 4677 519 4734 in
549 4675 689 4750 Zawam,
722 4685 752 4736 et
784 4679 822 4737 de
851 4678 943 4737 Zawa
973 4679 1130 4736 descendit
1155 4677 1282 4735 inferius
1305 4678 1360 4734 ubi
1383 4677 1445 4735 exit
1469 4676 1506 4733 de

241 4777 333 4836 Zawa
363 4778 492 4839 Netusla
521 4781 644 4850 mlaka.
674 4783 713 4842 de
743 4784 870 4843 Netusla
900 4784 1006 4843 mlalra
1036 4782 1123 4841 vadit
1152 4783 1184 4840 in
1210 4781 1384 4854 Chyrnicb,
1415 4792 1446 4838 et
1468 4779 1507 4838 de
