3488 5242
239 335 301 396 344
664 319 737 375 Doc.
755 314 832 394 362.
859 352 895 360 -
921 319 977 376 An.
1001 331 1089 394 1392.

237 519 391 585 nemereh,
424 519 585 590 Hraschya
615 527 645 575 et
676 518 839 576 Petrouina
867 518 991 586 vocatis,
1015 534 1095 575 nunc
1118 516 1323 574 residentibus
1347 524 1377 572 et
1400 516 1431 573 in
1456 515 1504 573 fu·

238 629 342 680 turum
358 623 561 681 residenciam
578 623 769 691 facientibus,
786 624 908 680 nullum
921 624 1074 680 tributum
1086 639 1142 679 nec
1154 623 1291 694 aliquam
1306 622 1502 679 tributariam

237 728 432 785 exaccionem
458 743 513 800 per
536 735 657 785 nostros
681 728 860 785 tributarios
883 744 963 785 nunc
986 728 1167 785 constitutos
1183 733 1213 783 et
1229 727 1259 783 in
1276 725 1415 783 futurum
1432 741 1503 783 con-

237 832 407 891 stituendos
439 833 520 906 exigi
553 833 701 890 iaciemus
732 849 788 890 nec
819 834 916 907 recipi
947 833 1178 907 permittemus;
1208 841 1238 889 et
1271 833 1301 889 in
1326 832 1505 889 huiusmodi

237 939 333 996 nostri
357 940 466 997 tributi
493 954 727 1013 recompensam
758 941 894 997 annotati
924 940 1008 996 cives
1038 944 1272 1012 assumpserunt
1295 944 1325 995 et
1347 953 1505 1010 sponpon-

238 1044 357 1115 derunt,
381 1052 414 1101 ut
437 1051 467 1102 et
490 1046 550 1118 ipsi
573 1053 603 1102 et
626 1046 766 1117 ipsorum
797 1045 953 1103 tributarii
975 1061 1055 1102 nunc
1078 1044 1234 1101 constituti
1258 1052 1287 1101 et
1310 1044 1341 1100 in
1364 1043 1503 1101 futurum

238 1150 443 1208 constituendi
466 1151 506 1207 ab
530 1150 681 1208 universis
704 1151 816 1208 nostris
839 1150 1065 1222 iobagionibus,
1099 1150 1234 1223 populis,
1259 1149 1452 1222 predialibus
1475 1157 1505 1206 et

239 1257 419 1314 hominibus
450 1257 583 1314 ubilibet
614 1257 644 1313 in
668 1257 780 1314 nostris
802 1256 1048 1329 possessionibus
1071 1264 1101 1312 et
1124 1255 1286 1312 territoriis
1309 1270 1505 1312 commoran-

240 1362 323 1418 tibus
346 1368 376 1418 et
398 1378 489 1419 causa
513 1361 728 1419 commorandi
750 1361 787 1418 ad
812 1376 868 1419 nos
892 1366 922 1417 et
944 1360 983 1417 ad
1003 1367 1108 1417 nostra
1132 1361 1285 1417 territoria
1308 1377 1361 1417 seu
1384 1375 1506 1432 posses·

239 1467 339 1524 siones
355 1468 460 1524 venire
483 1467 660 1525 volentibus
683 1467 805 1524 nullum
831 1467 983 1523 tributum
1007 1483 1061 1523 nec
1081 1466 1218 1538 aliquam
1239 1467 1436 1523 tributariam
1453 1482 1505 1523 ex·

238 1574 402 1643 accionem,
435 1589 494 1644 que
526 1573 675 1644 vlgariter
705 1571 892 1643 filarschyna
915 1571 1027 1629 dicitur
1050 1572 1101 1628 vel
1129 1577 1331 1643 nuncupatur,
1362 1571 1414 1627 vel
1442 1571 1505 1628 alio

240 1679 352 1751 quovis
382 1680 505 1737 nomine
538 1695 592 1735 seu
619 1678 752 1735 nominis
775 1678 929 1734 vocabulo
953 1678 984 1734 in
1008 1676 1146 1734 futurum
1171 1677 1358 1733 vocitaretur
1381 1677 1412 1733 in
1435 1692 1505 1750 pre·

238 1785 320 1841 dicta
342 1784 466 1842 civitate
489 1792 519 1841 et
542 1785 572 1840 in
596 1798 667 1840 area
692 1784 742 1840 vel
775 1783 928 1840 territorio
959 1784 1100 1856 ipsorum
1122 1799 1178 1840 nee
1201 1783 1283 1854 exigi
1307 1781 1426 1853 sacient,
1449 1799 1505 1839 nec

238 1906 294 1962 per
317 1905 389 1947 suos
413 1891 592 1947 tributarios
622 1889 719 1962 recipi
751 1889 932 1961 permittent
956 1905 1036 1945 nunc
1060 1889 1143 1946 etin
1167 1887 1307 1946 futurum
1332 1888 1425 1946 modo
1449 1890 1505 1946 ali·

239 1995 332 2067 quali.
357 1995 487 2052 Litteras
510 1995 608 2051 eciam
632 2004 752 2051 nostras
775 2000 805 2050 et
827 1995 968 2066 ipsorum
992 1994 1108 2051 civium
1131 2010 1225 2067 super
1249 1994 1373 2051 tributis
1397 2002 1427 2050 et
1451 1996 1504 2051 tri-

241 2101 369 2158 butariis
392 2101 617 2170 exaccionibus,
641 2115 748 2171 ymmo
772 2106 801 2156 et
824 2099 893 2155 aliis
917 2099 1065 2156 clausulis
1088 2105 1117 2156 et
1140 2100 1279 2156 articulis
1302 2101 1381 2156 inter
1404 2102 1459 2156 iios
1475 2108 1505 2156 et

239 2207 323 2279 ipsos
346 2207 429 2263 cives
452 2205 569 2263 dudum
595 2221 651 2279 per
675 2204 810 2262 formam
829 2204 1066 2278 composicionis
1081 2213 1111 2261 et
1127 2204 1332 2262 ordinacionis
1349 2204 1504 2262 consectas

240 2320 269 2370 et
294 2318 458 2380 emanatas,
483 2312 619 2384 exceptis
643 2311 805 2368 dumtaxat
824 2310 972 2367 clausulis
996 2319 1024 2366 et
1048 2311 1186 2367 articulis
1202 2312 1232 2368 in
1250 2312 1384 2383 presenti
1400 2319 1505 2368 nostro

240 2418 406 2491 privilegio
437 2418 586 2474 contentis
616 2423 646 2473 et
677 2417 861 2490 expressatis
895 2417 925 2473 in
956 2417 1095 2488 ipsorum
1129 2417 1289 2488 vigoribus
1316 2421 1345 2472 et
1370 2417 1399 2473 in
1423 2423 1504 2474 statu

238 2524 369 2596 pristino
399 2523 582 2594 reliquimus
613 2530 643 2579 et
674 2522 887 2579 commisimus
917 2537 1097 2594 permanere
1124 2533 1217 2594 atque
1238 2521 1415 2596 perdurare.
1441 2522 1503 2580 Nec

238 2629 296 2686 hoc
320 2627 526 2702 pretermisso
551 2626 634 2699 quod
658 2627 684 2684 si
707 2641 771 2696 nos,
794 2626 911 2683 scilicet
941 2627 1114 2697 capitulum
1138 2628 1187 2683 vel
1213 2627 1272 2699 ipsi
1288 2627 1371 2683 cives
1387 2628 1503 2684 amodo

238 2742 267 2791 et
291 2733 435 2805 deinceps
457 2733 578 2805 aliquas
602 2733 808 2805 possessiones
831 2743 861 2788 et
888 2733 954 2788 iura
978 2733 1217 2804 possessionaria
1240 2732 1279 2789 de
1303 2733 1388 2804 regia
1412 2734 1505 2790 maie·

237 2846 314 2897 state
338 2840 389 2895 vel
409 2840 471 2896 alio
495 2854 692 2911 quocumque
715 2839 807 2894 titulo
830 2839 997 2910 acquirere,
1022 2839 1161 2911 optinere
1185 2846 1215 2895 et
1238 2839 1375 2896 invenire
1401 2855 1505 2911 posse-

180 2944 183 2949 ’
237 2961 307 3002 mus
341 2952 394 3002 aut
416 2944 476 3018 ipsi
500 2946 582 3002 cives
606 2952 738 3018 possent,
763 2948 834 3001 tunc
857 2944 1036 3013 iobagiones
1059 2952 1089 3000 et
1113 2945 1222 3018 populi
1247 2945 1278 3001 in
1301 2943 1440 3002 futurum
1456 2962 1505 3002 ac-

238 3051 343 3123 quisiti
375 3057 438 3107 tam
469 3051 564 3107 nostri
596 3065 689 3122 quam
722 3049 877 3107 dictorum
909 3050 1024 3105 civium
1056 3050 1086 3106 in
1110 3051 1225 3107 talibus
1261 3052 1505 3122 possessionibus

239 3156 413 3228 residentes
446 3156 597 3213 tributum
628 3163 657 3212 et
689 3155 885 3212 tributariam
908 3156 1103 3212 exaccionem
1140 3172 1225 3212 more
1250 3157 1327 3212 alias
1351 3165 1505 3228 consveto,

239 3263 360 3318 solvere
385 3269 550 3318 teneantur.
575 3261 637 3317 Nec
661 3262 718 3317 hoc
744 3260 1032 3332 pretermittendum
1056 3269 1109 3331 est,
1133 3261 1216 3332 quod
1242 3263 1368 3334 quidam
1391 3262 1504 3320 fundus

239 3381 292 3422 seu
316 3382 387 3422 area
410 3365 572 3422 cuiusdam
596 3366 706 3422 domus
730 3380 823 3437 penes
847 3373 969 3444 portam
995 3382 1107 3423 novam
1127 3368 1297 3439 predictam
1314 3369 1344 3425 in
1360 3369 1504 3440 contigua

241 3473 395 3530 vicinitate
418 3473 468 3529 vie
493 3473 617 3545 publice
640 3488 696 3545 per
720 3488 813 3545 quam
838 3473 900 3529 itur
916 3472 954 3529 de
970 3473 1093 3529 civitate
1111 3489 1217 3529 versus
1233 3474 1362 3530 eandem
1380 3483 1504 3547 portam

240 3578 280 3634 ad
303 3593 429 3634 manum
454 3577 612 3635 dexteram
645 3584 675 3634 et
699 3594 737 3633 ex
760 3584 847 3650 parte
870 3578 949 3634 dicte
974 3585 1077 3635 nostre
1101 3580 1201 3647 turris,
1227 3579 1361 3635 mediam
1386 3582 1503 3637 curiam
1590 3616 1592 3620 -

240 3686 269 3740 in
293 3700 325 3740 se
348 3685 513 3753 continens,
537 3684 576 3740 ad
601 3684 730 3740 modum
754 3683 847 3740 etad
871 3700 960 3740 usum
985 3685 1119 3741 civitatis
1136 3685 1272 3758 predicte
1293 3687 1367 3758 ipsis
1383 3688 1505 3743 civibus

239 3789 434 3846 remansisset
451 3789 651 3861 possidenda;
668 3797 697 3847 et
713 3787 796 3861 quod
814 3805 877 3857 nos,
901 3790 1017 3846 scilicet
1034 3792 1205 3862 capitulum
1230 3798 1259 3847 et
1282 3793 1342 3864 ipsi
1371 3794 1453 3848 cives
1469 3809 1505 3848 ac

239 3901 302 3951 tota
317 3894 522 3950 communitas
538 3910 631 3966 super
648 3895 793 3950 omnibus
810 3895 968 3966 premissis
989 3896 1130 3966 superius
1152 3898 1337 3968 expressatis
1353 3905 1383 3953 et
1400 3897 1501 3954 deela-

239 3999 312 4055 ratis
342 4014 408 4055 sese
439 4007 544 4056 mutua
579 3999 787 4056 vicissitudine
819 3999 1011 4056 reddidimus
1043 4008 1072 4056 et
1104 4002 1317 4057 commisimus
1344 4002 1504 4074 expeditos

240 4103 355 4174 pariter
378 4108 408 4160 et
430 4105 558 4176 quietos.
589 4104 621 4160 ln
652 4105 738 4161 cuius
766 4105 811 4160 rei
838 4106 1021 4161 memoriam
1051 4106 1292 4177 firmitatemque
1324 4117 1503 4180 perpetuam

241 4215 397 4280 presentes
420 4209 515 4279 sigilli
540 4210 636 4265 nostri
660 4209 820 4281 pendentis
848 4212 1053 4267 communitas
1076 4211 1191 4268 eisdem
1216 4213 1336 4268 civibus
1360 4214 1504 4271 duximus

240 4314 454 4372 concedendas.
488 4315 603 4371 Datum
635 4316 684 4372 die
707 4316 862 4373 dominico
887 4317 1030 4388 proximo
1055 4326 1124 4388 post
1156 4317 1267 4374 festum
1299 4321 1504 4391 apparicionis

242 4422 322 4477 beati
347 4422 505 4477 Michaelis
528 4422 712 4493 archangeli.
738 4424 826 4478 Anno
849 4421 965 4478 domini
991 4423 1158 4479 millesimo
1183 4426 1395 4482 trecentesimo
1412 4441 1504 4482 nona·

240 4526 358 4597 gesimo
381 4527 521 4583 secunde.

328 4660 467 4724 Originale
494 4661 520 4710 in
539 4662 697 4718 membrana,
724 4663 800 4710 valde
820 4677 932 4712 exesum.
955 4663 1026 4712 Zona
1044 4663 1143 4711 sericea
1163 4664 1277 4712 caerulei
1297 4670 1322 4713 et
1346 4665 1440 4714 viridis
1463 4680 1504 4714 eo-

239 4746 305 4797 loris
329 4748 460 4811 appendet
485 4748 583 4812 absque
606 4749 706 4815 sigillo.
735 4749 765 4799 ln
789 4749 898 4800 archivo
917 4750 963 4800 lib.
984 4767 1039 4816 reg.
1059 4749 1175 4800 civitatis
1193 4753 1296 4816 zagrab.
1316 4753 1398 4803 Extat
1424 4752 1505 4802 etiarn
