3488 5242
237 359 276 417 68
666 354 739 411 Dec.
764 349 814 411 80.
842 387 878 396 -
905 353 960 410 An.
984 365 1072 426 1291.

237 553 312 611 dicti
335 553 447 626 palacii
472 552 613 609 obtentas
641 551 785 620 habebat,
816 552 906 624 nobis
937 551 1135 625 presentavit,
1168 556 1283 624 petens,
1307 555 1341 607 ut
1364 554 1503 607 tenorem

237 658 417 717 earumdem
441 658 637 732 presentibus
663 657 756 714 inseri
781 656 958 714 faceremus.
990 656 1037 714 De
1068 657 1182 729 quibus
1209 671 1305 713 unum
1329 672 1386 729 par
1410 671 1502 720 anno-

236 772 320 823 tatur
343 781 399 838 per
422 765 478 821 hec
501 764 612 821 verba:
637 758 710 840 (vid.
735 780 778 820 nr.
805 778 852 831 70.
876 762 915 820 de
938 779 1017 820 anno
1045 763 1135 831 1288,
1154 762 1180 819 8.
1203 763 1280 843 Julii
1296 767 1325 818 et
1342 778 1386 819 nr.
1404 759 1452 836 69.
1477 777 1501 817 e.

237 873 308 930 anni
335 886 382 940 27.
407 863 531 944 martii).
555 869 618 927 Nos
641 870 745 941 itaque
768 869 921 926 mandatis
945 870 1131 926 serenissimi
1156 869 1244 939 regis,
1265 867 1384 925 domini
1407 866 1504 924 nostri

238 978 379 1051 preclari,
404 991 513 1049 parere
537 976 703 1047 cupientes
727 982 759 1030 ut
792 980 950 1041 tenemur;
981 975 1171 1032 attendentes
1198 974 1295 1031 eciam
1319 975 1503 1048 peticionem

236 1083 400 1139 memorati
423 1081 563 1151 magistri
588 1080 683 1150 Pauli,
707 1096 824 1138 necnon
850 1083 971 1138 comitis
997 1080 1104 1138 Hodus
1127 1080 1280 1149 antedicti,
1319 1079 1501 1137 iamdictam

236 1189 393 1263 palacium
418 1203 489 1244 cum
513 1187 667 1244 universis
691 1187 878 1244 utilitatibus
902 1193 931 1243 et
955 1186 1151 1260 pertinenciis
1174 1185 1245 1254 suis,
1270 1189 1334 1242 tam
1357 1183 1502 1241 videlicet
1563 1187 1572 1202 ‘

237 1295 268 1351 in
291 1302 391 1352 castro
416 1301 522 1351 nostro
543 1292 697 1359 Grecensi,
721 1308 815 1364 quam
847 1293 877 1349 in
909 1307 1021 1364 campo
1052 1290 1104 1347 vel
1128 1291 1205 1347 alias
1228 1291 1417 1362 ubicumque
1441 1290 1504 1347 exi-

237 1400 388 1456 stentibus
419 1399 504 1456 iuxta
536 1398 729 1468 meritorium
761 1397 927 1454 servicium
958 1396 1181 1470 sepenominati
1212 1394 1344 1452 Gilionis
1374 1396 1442 1465 sibi,
1471 1400 1504 1452 ut

234 1506 425 1578 premissum
448 1510 502 1572 est,
526 1502 684 1567 collatum,
709 1504 881 1571 statuimus,
906 1500 1089 1559 tradidimus
1113 1509 1144 1559 et
1166 1502 1390 1573 assignavimus
1421 1501 1503 1558 dicto

237 1609 353 1669 Gilioni
378 1617 408 1667 et
431 1607 597 1666 heredibus
620 1610 684 1666 suis
707 1624 743 1665 ac
766 1607 915 1666 heredum
939 1623 1066 1665 suorum
1089 1608 1317 1665 successoribus
1347 1607 1504 1680 possiden·

239 1715 315 1773 dum
339 1723 368 1773 et
391 1715 580 1783 habendum,
603 1713 831 1771 introducentes
854 1713 986 1771 eundem
1018 1715 1198 1770 auctoritate
1221 1715 1305 1785 regia
1329 1714 1420 1770 nobis
1445 1719 1504 1770 tra-

240 1821 305 1879 dita
328 1822 360 1879 in
383 1822 440 1879 hac
463 1826 551 1894 parte
575 1821 605 1877 in
630 1820 857 1893 possessionem
887 1819 1050 1876 memorati
1082 1819 1194 1891 palacii
1218 1827 1248 1876 et
1271 1834 1398 1876 suarum
1421 1820 1503 1876 utili·

238 1935 336 1986 tatum
360 1944 395 1985 ac
418 1927 679 2001 pertinenciarurn
702 1925 925 1983 universalium
948 1927 1152 1998 corporalem,
1177 1925 1373 1984 investientes
1398 1925 1501 1998 ipsum

238 2032 396 2092 Gilionem
420 2040 450 2090 et
473 2048 544 2090 suos
577 2032 704 2090 heredes
735 2033 927 2105 possession'e
950 2039 1121 2089 memorata
1148 2033 1372 2104 sollempniter,
1397 2048 1503 2105 quem-

238 2138 409 2197 admodum
434 2154 491 2212 per
525 2143 713 2196 memoratos
749 2139 913 2196 collatores
934 2155 952 2195 a
975 2139 1064 2195 nobis
1096 2137 1127 2194 id
1158 2138 1304 2195 devocius
1342 2140 1505 2212 petebatur

238 2245 383 2303 exerceri.
407 2244 441 2301 In
457 2244 549 2301 huius
573 2245 671 2301 eciam
694 2243 933 2302 introduccionis
956 2260 1008 2301 seu
1032 2244 1250 2315 assignacionis
1274 2245 1457 2308 memoriam
1475 2252 1504 2303 et

238 2350 439 2408 stabilitatem
460 2357 653 2422 perpetuam,
676 2355 833 2423 presentes
856 2350 1068 2423 suprascripto
1090 2349 1207 2407 Gilioni
1232 2357 1260 2407 et
1277 2345 1435 2428 Glilionis)
1452 2350 1505 2407 he-

237 2455 365 2513 redibus
388 2456 451 2511 suis
475 2455 684 2520 contullimus
708 2456 804 2527 sigilli
827 2457 1056 2512 communitatis
1086 2460 1189 2514 nostre
1221 2457 1391 2513 munimine
1414 2457 1505 2514 robo-

237 2568 327 2618 ratas.
351 2560 468 2617 Datum
492 2561 623 2617 sabbato
647 2565 717 2617 ante
733 2560 845 2618 festum
865 2563 1090 2634 assumpcionis
1105 2562 1235 2633 virginis
1254 2563 1396 2632 gloriose.
1415 2565 1503 2620 Anno

238 2665 356 2723 domini
380 2666 464 2723 MCC
488 2668 687 2739 nonagesimo
711 2668 821 2739 primo.

327 2783 467 2848 Originale
486 2783 513 2832 in
536 2783 695 2833 membrana.
715 2783 839 2848 Sigillum
859 2784 938 2833 deest.
958 2783 988 2833 In
1009 2785 1078 2833 arch.
1097 2784 1143 2834 lib.
1164 2801 1184 2833 r.
1205 2786 1254 2835 civ.
1268 2786 1381 2850 zagrab,
1400 2792 1504 2850 atergo

238 2871 312 2921 carius
332 2871 385 2920 alia
405 2887 483 2920 mann
503 2870 630 2920 insertum
650 2880 702 2920 est:
721 2871 748 2920 id
768 2871 896 2935 palatium
916 2885 1071 2921 conversum
1090 2880 1127 2922 est
1147 2873 1173 2922 in
1190 2874 1375 2922 consistorium
1389 2873 1504 2923 civitatis

238 2961 373 3022 vecbnycra
396 2965 525 3009 vocatum.

844 3121 909 3188 80.

232 3283 367 3358 Joannes
389 3282 468 3354 episc.
493 3281 608 3353 zagrab.
633 3282 663 3337 iu
686 3300 783 3349 causa,
807 3301 826 3338 a
849 3283 938 3339 Petra
961 3285 1095 3339 canonico
1118 3285 1178 3341 eccl.
1195 3285 1311 3356 zagrab.
1328 3302 1389 3341 aum
1405 3286 1505 3343 abbate

343 3175 391 3220 An.
415 3180 488 3234 1291.

237 3388 272 3444 de
294 3388 390 3444 insula
413 3405 434 3443 s.
452 3386 562 3462 Jacubi
581 3387 615 3443 de
637 3387 759 3460 qtuadam
782 3388 881 3444 balneo
903 3390 933 3444 in
956 3391 1021 3445 rina
1043 3390 1139 3446 subtus
1161 3398 1286 3446 castrum
1316 3390 1410 3447 Grecb
1431 3399 1504 3460 acta,

620 3493 691 3550 idem
715 3495 775 3551 eccl.
799 3494 835 3550 B.
868 3495 944 3567 Virg.
968 3495 1121 3552 adiudicat.

327 3614 453 3698 (Coram
478 3620 659 3676 Leustachio
682 3621 799 3678 vicario
822 3622 959 3692 generali
982 3623 1068 3695 regni
1092 3623 1241 3693 Croatiae,
1266 3623 1296 3679 in
1319 3623 1382 3691 lite,
1408 3639 1502 3695 quam

239 3726 350 3797 agebat
374 3725 471 3781 abbas
495 3725 524 3781 b.
548 3741 576 3782 v.
601 3727 715 3783 Mariae
738 3726 803 3783 ord.
835 3727 1044 3785 Cisterciensis
1067 3745 1137 3785 cum
1168 3729 1283 3785 Gerino
1311 3730 1378 3785 cive
1400 3745 1504 3800 zagra·

239 3832 345 3899 biensi‚
371 3830 485 3887 Paulus
509 3837 615 3888 cantor
637 3832 709 3888 eccl.
733 3833 949 3904 zagrabiensis,
974 3849 1035 3905 qua
1066 3840 1249 3906 procurator
1276 3835 1407 3895 abbatis,
1433 3851 1504 3908 pro-

238 3935 326 3993 duxit
349 3934 499 4007 quasdam
524 3935 641 3992 litteras
655 3937 846 3995 honorabilis
863 3939 991 4011 capituli
1007 3938 1107 3996 dictae
1128 3939 1274 3996 ecclesiae
1289 3941 1503 4010 zagrabiensis,

239 4049 386 4115 patentes
410 4042 536 4113 antiquo
560 4042 665 4113 sigillo
689 4043 826 4099 eiusdem
850 4044 1049 4114 consignatas,
1084 4059 1162 4100 anno
1194 4043 1310 4101 domini
1335 4044 1504 4101 millesimo

239 4147 448 4204 ducentesimo
475 4149 675 4218 nonagesimo
699 4150 801 4222 primo
832 4148 993 4217 confectas,
1017 4149 1098 4205 hunc
1127 4157 1263 4206 tenorem
1289 4143 1503 4223 continentes):

239 4252 329 4325 Quod
353 4253 428 4309 olim
453 4252 532 4309 inter
555 4254 739 4324 magistrum
763 4254 888 4311 Petrum
914 4255 1095 4311 canonicum
1123 4254 1241 4326 prefate
1257 4256 1384 4311 ecclesie
1400 4271 1504 4326 ragra-

239 4358 353 4415 biensis
376 4359 416 4415 ab
440 4373 508 4426 una,
540 4358 748 4431 abbatemque
780 4359 818 4416 de
849 4360 949 4416 insula
977 4361 1073 4417 sancti
1103 4360 1211 4442 Jacobi
1243 4367 1273 4417 et
1305 4362 1369 4416 eius
1393 4360 1503 4417 fratres

239 4470 327 4536 parte
351 4480 388 4519 ex
412 4464 509 4520 altera
533 4464 562 4520 in
588 4467 745 4536 presencia
770 4467 956 4523 venerabilis
979 4467 1076 4537 patris
1107 4465 1224 4522 domini
1252 4465 1408 4548 JohanniS,
1433 4481 1503 4522 con·

240 4567 312 4624 dam
335 4575 563 4641 prememorate
587 4571 714 4627 ecclesie
737 4572 944 4643 zagrabiensis
969 4572 1115 4644 episcopi,
1132 4587 1227 4643 super
1243 4570 1322 4627 lacto
1346 4571 1433 4628 fundi
1449 4587 1503 4628 seu

239 4671 301 4729 loci
325 4673 485 4730 cuiusdam
515 4674 618 4732 balnei
648 4676 680 4733 in
709 4677 779 4735 rivo
810 4676 923 4745 Grech‚
955 4677 1063 4734 subtus
1094 4677 1211 4734 curiam
1243 4677 1339 4750 ipsius
1363 4678 1503 4749 magistri

239 4775 321 4834 Petri
344 4778 510 4850 existentis,
534 4795 592 4854 per
613 4781 718 4855 ipsum
741 4783 925 4856 magistrum
942 4782 1068 4841 Petrum
1083 4781 1122 4839 ad
1138 4781 1253 4840 dictam
1279 4783 1397 4841 curiam
1412 4797 1501 4840 suam
