3480 5264
255 307 315 380 358
671 304 743 360 Doc-
762 314 837 379 379·
865 336 901 343 -
928 303 983 360 Aa·
1010 315 1120 412 '3955

255 503 410 577 quandam
424 504 579 574 lazynam
595 501 632 558 ad
650 500 778 558 eandem
797 501 922 574 plagam
941 500 1022 557 ultra
1038 499 1195 572 quandam
1212 500 1346 572 Ocrogla
1362 502 1522 559 mocricha

255 611 335 666 circa
360 609 442 666 viam
478 609 507 665 in
545 608 702 665 modicum
739 612 915 680 protensam
947 605 984 662 ad
1010 605 1123 675 locum,
1157 607 1210 678 qui
1238 605 1350 662 dicitur
1380 605 1521 680 Popoua·

255 716 418 783 mocricha,
450 715 560 772 deinde
584 713 732 771 vertendo
756 714 785 770 in
810 712 934 770 modico
956 715 1069 787 spacio,
1093 714 1180 785 quasi
1204 712 1244 769 ad
1267 713 1394 786 plagam
1419 715 1520 771 orien-

256 820 349 878 talem
375 820 586 892 pervenissent
618 818 656 875 ad
680 820 785 875 locum
809 819 977 876 Kernische
1000 828 1221 891 nuncupatum,
1252 819 1363 875 abhinc
1387 818 1425 875 ad
1449 835 1520 876 ean·

254 926 326 983 dam
353 925 477 999 plagam
501 926 531 982 in
556 924 690 997 quadam
714 924 829 980 silvula
852 924 969 981 Lusech
991 931 1111 994 «vocata,
1135 925 1346 997 pervenissent
1370 924 1409 981 ad
1426 940 1520 982 unam

254 1034 399 1090 arborem
423 1031 524 1090 thulfa
552 1040 702 1102 vocatam,
725 1032 839 1088 abhinc
862 1030 892 1087 in
916 1030 1023 1087 eadem
1048 1030 1163 1087 silvula
1186 1029 1301 1088 directe
1325 1030 1521 1104 procedendo

255 1139 293 1196 ad
317 1139 445 1211 plagam
469 1137 650 1194 orientalem
681 1136 893 1209 pervenissent
916 1136 953 1192 ad
978 1135 1108 1193 ssuvium
1131 1135 1290 1192 Chennech
1312 1143 1467 1207 vocatum,
1491 1145 1521 1194 et

255 1261 311 1318 per
344 1259 470 1300 cursum
502 1243 599 1315 ipsius
629 1241 716 1298 ssuvii
748 1256 856 1298 versus
886 1241 1013 1314 plagam
1041 1241 1223 1297 orientalem
1247 1242 1459 1314 pervenissent
1481 1243 1520 1300 ad

255 1351 410 1423 quandam
444 1348 579 1406 mlakam
613 1365 651 1405 ex
674 1349 742 1421 ipso
766 1348 924 1404 Chernech
948 1347 1102 1416 liuentem,
1125 1353 1154 1403 et
1178 1363 1234 1419 per
1257 1348 1356 1419 ipsam
1382 1347 1520 1407 mlakam

257 1457 466 1529 pervenissent
490 1454 527 1511 ad
553 1454 682 1511 tiuvium
706 1453 936 1510 liozthochenia
961 1461 1112 1509 vocatum.
1143 1453 1178 1508 lit
1202 1469 1272 1510 cum
1297 1454 1326 1510 in
1352 1453 1427 1511 locis
1451 1472 1521 1529 pre·

256 1562 345 1620 dictis
369 1570 398 1619 et
422 1561 598 1618 necessariis
630 1565 727 1616 metas
750 1559 868 1630 erigere
892 1563 921 1614 et
945 1557 1060 1614 eisdem
1086 1557 1188 1628 iudici,
1212 1559 1320 1616 iuratis
1344 1567 1374 1616 et
1397 1561 1521 1618 civibus

255 1668 335 1725 dicte
359 1667 492 1724 civitatis
515 1666 691 1737 relinquere
716 1665 894 1734 voluissent,
920 1672 991 1720 tunc
1017 1665 1221 1737 prenominati
1247 1665 1416 1736 Ladislaus,
1437 1666 1522 1725 iilius

255 1773 419 1842 Valentini,
446 1772 567 1833 Paulus,
592 1771 675 1828 filius
700 1771 789 1839 Petri,
815 1770 968 1839 Nicolaus,
993 1770 1076 1827 filius
1095 1770 1183 1827 Nouk
1199 1778 1228 1828 et
1246 1770 1419 1843 Dyonisius‚
1437 1773 1522 1831 tilius

256 1880 336 1936 Petri
360 1880 389 1936 in
414 1879 477 1936 suis
501 1893 690 1950 suorumque
716 1875 847 1933 fratrum
871 1877 900 1933 in
918 1877 1057 1948 personis
1075 1876 1253 1934 huiusmodi
1270 1883 1422 1935 metarum
1439 1895 1521 1936 erec-

255 1986 394 2042 cionibus
434 1985 588 2041 velamine
623 1981 876 2039 contradiccionis
910 1982 1086 2039 obviassent
1117 1997 1195 2055 quos
1225 1998 1340 2050 omnes
1376 1983 1522 2042 videlicet

255 2091 442 2162 ladislaum,
476 2091 615 2159 Paulum,
646 2089 810 2146 Nicolaum
841 2094 870 2144 et
901 2087 1084 2158 Dionisium
1121 2088 1170 2145 die
1194 2097 1223 2146 et
1247 2089 1316 2146 loco
1340 2090 1369 2146 in
1393 2090 1521 2159 eisdem,

255 2204 360 2254 contra
383 2204 544 2254 annotatos
567 2195 709 2264 iudicem,
737 2195 853 2251 iuratos
876 2201 906 2250 et
930 2194 1089 2251 universos
1113 2195 1195 2251 cives
1219 2194 1299 2251 dicte
1323 2196 1456 2253 civitatis
1479 2197 1520 2254 ad

255 2302 425 2374 quindenas
457 2301 593 2375 predicte
624 2300 700 2357 ferie
730 2308 823 2369 sexte,
855 2315 934 2357 nunc
964 2308 1121 2370 venturas
1150 2308 1284 2357 vestram
1321 2302 1462 2359 citassent
1492 2304 1522 2361 in

256 2409 456 2482 presenciam,
488 2408 642 2464 racionem
674 2405 927 2463 contradiccionis
958 2421 1065 2462 eorum
1097 2405 1280 2464 reddituros.
1306 2407 1419 2464 Datum
1445 2408 1523 2467 feria

258 2516 364 2587 quinta
385 2514 526 2586 proxima
546 2520 615 2586 post
632 2512 744 2569 festum
760 2518 862 2568 sancte
878 2512 1043 2568 Trinitatis.
1063 2513 1150 2569 Anno
1166 2512 1283 2569 domini
1302 2513 1410 2569 MCCC
1427 2530 1522 2572 nona-

256 2622 374 2693 gesimo
402 2620 516 2692 quinto

351 2755 491 2819 Originale
511 2755 537 2804 in
557 2755 654 2812 charta,
674 2772 688 2804 a
709 2763 784 2821 tergo
804 2754 945 2820 vestigium
966 2754 1049 2819 sigilli
1070 2755 1180 2820 capituli
1200 2756 1304 2820 zagrab.
1334 2755 1363 2805 In
1383 2756 1454 2805 arch.
1474 2756 1521 2806 lib.

256 2860 310 2907 reg.
331 2842 380 2892 civ.
400 2843 504 2907 zagrab.

361 3181 435 3227 rinno
459 3187 531 3239 1395·
555 3176 693 3243 1t›.Junii.
714 3176 867 3241 Zagrabiac.

260 3326 423 3397 (irpr'lulmn
455 3326 571 3397 sngrnb.
605 3325 756 3380 trutinatas
786 3323 1014 3391 ccutlranlicturcs,
1036 3325 1089 3396 (μα’
1117 3325 1213 3380 crectis
1239 3325 1318 3379 mctr's
1335 3325 1522 3394 possessionis

472 3431 621 3505 llrustltja
644 3429 889 3497 contradixerunt,
913 3429 955 3484 ud
975 3430 1108 3485 zicdt'ct'nm
1132 3430 1202 3484 burri
1222 3430 1298 3485 ct'tut.

343 3591 506 3663 Magnifice
531 3592 599 3647 viro
615 3592 741 3648 domino
757 3592 882 3649 Detrico
900 3592 1013 3660 imboli,
1031 3593 1117 3662 regni
1134 3591 1296 3647 Sclauonie
1315 3592 1403 3659 bano,
1419 3592 1520 3648 amico

255 3714 363 3754 eorum
387 3697 574 3767 honorand0‚
600 3697 771 3770 capitulum
797 3698 923 3754 ecclesie
953 3696 1159 3767 zagrabicnsis
1180 3696 1350 3752 amiciciam
1377 3703 1519 3769 paratam

254 3819 325 3858 cum
349 3803 473 3859 honore.
498 3803 628 3860 Noverit
652 3809 754 3859 vestra
778 3802 1018 3873 magnificencia,
1050 3801 1132 3872 quod
1166 3817 1235 3857 cum
1265 3817 1319 3858 nos
1344 3802 1425 3858 iuxta
1450 3818 1522 3860 con·

253 3909 400 3966 tinencias
424 3907 596 3964 litterarum
623 3907 807 3964 serenissimi
834 3908 982 3981 principis
1006 3908 1123 3965 domini
1139 3906 1337 3979 Sigismundi,
1354 3908 1402 3964 dei
1418 3910 1522 3980 gracia

254 4014 455 4071 illustrissimi
479 4014 560 4085 regis
577 4014 742 4085 Hungarie,
759 4014 928 4083 Dalmacie,
945 4014 1072 4070 Croacie
1088 4019 1152 4083 etc,
1173 4030 1208 4069 ac
1226 4013 1411 4070 marchionis
1429 4013 1521 4071 Bran·

254 4119 490 4191 demburgensis
513 4125 576 4189 etc,
594 4119 711 4176 domini
728 4120 823 4176 nostri
837 4120 986 4176 naturalis
999 4120 1321 4191 reambulatoriarum,
1338 4120 1446 4176 maiori
1464 4136 1520 4177 suo

253 4225 358 4297 sigillo
392 4225 599 4297 sigillatarum
630 4241 688 4298 pro
719 4225 828 4297 iudice,
857 4227 963 4283 iuratis
996 4233 1025 4282 et
1056 4227 1206 4283 universis
1237 4227 1357 4283 civibus
1388 4226 1521 4284 civitatis

254 4331 367 4388 montis
390 4329 574 4388 Grechensis
598 4336 809 4388 emanatarum
832 4333 983 4405 nobisque
1000 4332 1195 4401 directarum,
1213 4348 1345 4389 unacum
1361 4331 1518 4405 Stephano

255 4436 337 4493 dicto
361 4435 467 4494 Chrnk
490 4436 528 4493 de
553 4436 716 4507 Koznicha,
740 4437 865 4494 homine
888 4439 983 4509 regio,
1008 4439 1037 4494 in
1062 4437 1151 4494 dictis
1175 4438 1286 4494 litteris
1313 4437 1521 4494 reambulato-

255 4543 308 4600 riis
332 4542 410 4600 inter
433 4542 511 4599 alios
535 4542 674 4598 homines
698 4542 799 4613 regios
822 4544 1012 4615 conscriptos
1036 4558 1180 4615 expresse
1196 4543 1362 4612 nominato,
1379 4549 1518 4599 nostrum

256 4648 413 4706 hominem
439 4646 582 4703 videlicet
607 4646 821 4703 honorabilem
846 4647 949 4704 virum
975 4647 1136 4705 dominum
1167 4649 1339 4731 Johannem
1363 4648 1520 4705 Lanceloti

254 4754 372 4813 socium
404 4758 434 4809 et
463 4750 702 4809 concanonicum
733 4757 872 4808 nostrum
903 4753 942 4810 ad
975 4753 1203 4827 infrascriptam
1235 4754 1519 4812 reambulacionem
