3488 5242
271 324 333 384 370
693 305 766 362 Dec.
784 301 860 382 387.
885 338 921 346 —
939 304 995 361 An.
1020 300 1110 381 1396.

273 506 437 565 tinenciam
454 505 627 562 litterarum
644 510 818 560 nostrarum
835 503 1122 577 provocatoriamm
1137 519 1231 577 super
1253 502 1342 560 iactis
1359 503 1388 560 in
1406 503 1534 575 quibus·

270 611 344 669 darn
367 612 478 668 litteris
494 610 607 667 nostris
623 608 853 666 adiudicatoriis
869 615 898 665 et
913 609 1042 682 capituli
1058 610 1185 666 ecclesie
1201 610 1407 681 zagrabiensis
1424 607 1535 666 exinde

268 716 560 790 rescripcionalibus
583 716 741 784 contentia,
764 715 794 771 in
818 715 936 771 octavis
960 713 1027 772 festi
1052 715 1133 772 beati
1156 714 1282 786 Georgii
1307 715 1442 772 martiris
1467 729 1536 771 mo·

271 839 345 880 vere
368 823 525 879 habebant
548 836 654 878 coram
677 821 774 890 nobis,
808 819 846 877 de
878 821 1018 892 parcium
1046 821 1205 877 voluntate
1228 821 1287 877 sub
1312 819 1412 878 torma
1435 818 1535 877 fiende

271 929 356 1002 pacis
379 926 418 984 ad
442 934 566 985 octavas
590 926 659 983 sesti
683 926 765 982 beati
797 926 965 996 Mychaelis
995 926 1180 997 archangeli,
1200 942 1280 983 nunc
1304 933 1457 997 venturas,
1481 925 1536 982 du-

271 1035 374 1091 ximus
398 1031 634 1107 prorogandam.
659 1031 817 1088 Presentes
840 1036 944 1088 autem
966 1031 1078 1103 sigillis
1101 1032 1214 1088 nostris
1234 1032 1415 1089 absentibus
1431 1032 1536 1104 sigillo

271 1140 411 1211 magistri
435 1138 558 1195 Martini
581 1138 661 1194 Ders
686 1137 825 1194 vicebani
849 1142 879 1193 et
902 1138 1023 1194 comitis
1054 1138 1148 1194 nostri
1178 1138 1384 1210 zagrabieusis
1408 1136 1537 1195 fecimus

271 1245 451 1318 consignari.
476 1245 591 1300 Datum
616 1242 774 1315 Zagrabie,
790 1247 900 1298 octavo
922 1241 972 1299 die
989 1243 1112 1300 termini
1129 1244 1288 1316 prenotati.
1307 1244 1395 1300 Auno
1419 1242 1535 1300 domini

273 1351 383 1408 MCCC
405 1350 606 1422 nonagesimo
629 1354 723 1405 sexto.

362 1502 502 1568 Originale
526 1501 552 1550 iu
572 1501 670 1553 charta.
690 1516 704 1549 a
724 1506 800 1565 tergo
820 1499 962 1565 vestigium
982 1499 1102 1564 impressi
1121 1499 1213 1565 sigilli.
1236 1500 1266 1549 Iu
1285 1499 1394 1552 archivo
1414 1500 1460 1551 lib.
1481 1517 1535 1566 reg.

274 1591 346 1642 civit.
366 1590 472 1656 zagrab.

862 1910 949 1979 387.

380 2089 456 2137 Anno
479 2087 552 2149 1396,
575 2096 613 2150 19.
632 2087 713 2153 Junii.
733 2086 886 2154 Zagrabiae.

275 2232 472 2291 fideiussores
495 2233 697 2289 nonnullorum
718 2233 863 2290 hominum
885 2231 919 2289 de
952 2231 1105 2304 Churgeaer,
1128 2249 1199 2305 ques
1219 2231 1322 2288 civitas
1348 2232 1464 2303 zagrab.
1487 2231 1539 2288 sub

266 2338 331 2412 fide
353 2340 477 2396 iusserier
492 2357 507 2396 e
521 2339 682 2396 carceribus
697 2341 838 2408 emiserat,
858 2357 953 2395 coram
977 2338 1110 2394 vicebano
1132 2337 1266 2394 Martriro
1281 2337 1369 2409 Ders,
1394 2336 1538 2410 spondent,

274 2444 381 2502 eosdem
412 2445 534 2501 vinculis
563 2445 664 2501 iterum
687 2445 856 2517 mancipari,
878 2445 907 2501 si
925 2443 960 2501 de
982 2443 1037 2500 leae
1059 2461 1090 2499 re
1113 2443 1188 2500 leiem
1210 2460 1272 2499 eum
1299 2443 1414 2500 cirritaee
1439 2443 1538 2516 aliquo

798 2549 879 2606 mode
897 2549 1022 2605 inierint.

364 2709 427 2766 Nos
451 2709 598 2781 magister
629 2710 778 2767 Martinus
810 2710 897 2779 Dese,
929 2710 1095 2766 vicebanus
1126 2715 1156 2766 et
1186 2724 1289 2766 comes
1323 2709 1538 2780 zagrabiensis.

276 2816 424 2872 Memorie
447 2814 702 2871 commendamus
726 2831 782 2889 per
804 2821 970 2888 presentes,
990 2814 1074 2887 quod
1091 2814 1274 2884 Demetrius,
1291 2813 1375 2871 filius
1392 2815 1537 2871 Anthonii

276 2927 305 2976 et
329 2920 451 2989 Paulus,
474 2918 558 2976 filius
583 2919 752 2991 Mychaelis
783 2936 818 2977 ac
846 2921 1008 3003 Johannes‚
1033 2919 1116 2976 iilius
1142 2920 1222 2977 Petri
1246 2918 1285 2976 de
1308 2919 1475 2991 Churgow,
1499 2920 1537 2977 ad

276 3031 414 3082 nostram
439 3025 642 3098 personaliter
666 3025 816 3082 veniendo
842 3026 1040 3098 presenciam,
1064 3025 1238 3082 confessum
1263 3026 1362 3083 extitit
1391 3041 1447 3099 per
1474 3040 1539 3082 eos·

278 3129 350 3186 dem
373 3137 483 3203 sponte
504 3135 534 3187 et
557 3131 706 3187 relatum:
731 3131 811 3202 quod
837 3131 910 3203 quia
926 3131 1169 3200 Bartholomeus‚
1187 3131 1270 3188 filius
1295 3131 1375 3187 Petri
1398 3136 1428 3187 et
1452 3131 1539 3188 Nico·

276 3237 351 3302 laus,
375 3235 459 3292 filius
484 3236 582 3308 Egidii
607 3252 641 3292 ac
665 3235 846 3308 Stephanus,
870 3237 954 3293 filius
976 3237 1103 3307 Thome,
1128 3253 1244 3294 necnon
1266 3237 1428 3319 Johannes‚
1457 3236 1540 3294 filius

277 3341 366 3398 Pauli
389 3341 427 3396 de
450 3341 558 3397 eadem
579 3341 735 3413 Churgow
752 3348 882 3415 propter
897 3343 1115 3415 potenciariam
1138 3343 1401 3415 perpetracionem
1419 3357 1540 3399 eorum·

277 3444 347 3502 dem
372 3447 402 3503 in
427 3445 529 3502 medio
553 3446 685 3503 civitatis
709 3447 822 3503 montis
845 3446 1006 3504 Grecensis
1030 3446 1067 3503 de
1091 3446 1241 3519 Zagrabia
1266 3447 1352 3516 facte,
1376 3448 1405 3504 in
1431 3462 1540 3503 manus

277 3551 394 3621 iudicis,
417 3552 589 3608 iuratorum
618 3553 733 3608 civium
762 3552 900 3609 eiusdem
923 3554 1056 3611 civitatis
1080 3552 1255 3621 inciderant,
1280 3554 1373 3626 culpa
1400 3554 1540 3626 ipsorum

277 3659 459 3729 requirente,
484 3665 514 3714 et
536 3658 660 3715 eosdem
686 3659 745 3732 ipsi
769 3658 807 3715 de
831 3659 962 3716 vinculis
978 3660 1118 3732 ipsorum
1134 3659 1250 3715 civium
1267 3659 1444 3716 fideiusoria
1461 3660 1540 3715 evic-

278 3764 364 3820 cione
387 3763 551 3821 adinventa
572 3765 675 3821 taliter
691 3766 881 3838 excepissent
897 3781 948 3821 seu
966 3765 1160 3836 recepissent,
1177 3763 1260 3835 quod
1282 3764 1540 3836 quandocumque

278 3870 441 3926 memorati
465 3869 605 3926 homines
629 3869 666 3925 de
689 3870 846 3942 Churgow
875 3886 969 3944 super
998 3871 1155 3943 premissis
1180 3886 1250 3926 cum
1275 3870 1364 3927 dictis
1388 3869 1487 3927 iudice
1511 3877 1540 3926 et

277 3975 385 4032 iuratis
408 3991 443 4031 ac
465 3976 618 4032 universis
649 3977 769 4033 civibus
801 3977 888 4034 litem
919 3978 1037 4046 inirent,
1069 3983 1180 4032 extunc
1212 3976 1324 4049 prefati
1347 3977 1542 4034 fideiussores

278 4079 392 4136 iterum
414 4079 452 4136 ad
479 4079 616 4152 predicta
641 4081 765 4137 vincula
788 4097 840 4138 eos
870 4088 1002 4138 statuere
1034 4083 1083 4138 vel
1116 4083 1146 4138 in
1174 4080 1283 4138 eodem
1307 4083 1487 4153 gravamine
1512 4083 1541 4138 in

279 4185 361 4256 quod
385 4185 444 4258 ipsi
468 4193 578 4244 eotunc
602 4186 778 4256 inciderant,
795 4193 901 4245 contra
924 4189 1007 4259 ipsos
1024 4188 1106 4244 cives
1122 4188 1353 4244 convicerentur
1368 4189 1436 4260 ipso
1453 4186 1542 4255 facto,

278 4290 453 4347 testimonio
477 4293 669 4365 presencium
702 4293 863 4350 mediante.
894 4294 1009 4350 Datum
1037 4293 1194 4365 Zagrabie‚
1225 4292 1356 4349 infesto
1381 4294 1542 4349 beatorum

279 4393 420 4452 Geruasii
443 4404 472 4453 et
496 4397 648 4454 Prothasii
672 4400 843 4457 martirum.
869 4401 957 4455 Anno
979 4398 1097 4455 domini
1122 4398 1290 4454 millesimo
1313 4397 1390 4453 CCC
1411 4413 1542 4468 nonage-

279 4501 358 4557 simo
381 4509 478 4559 sexto

367 4653 508 4720 Originale
529 4654 554 4704 iu
573 4656 673 4714 charta,
691 4673 706 4706 a
725 4662 801 4722 tergo
820 4656 961 4722 vestigium
981 4655 1065 4722 sigilli
1086 4654 1214 4720 impressi.
1235 4655 1265 4705 In
1290 4655 1398 4705 archivo
1418 4655 1464 4705 lib.
1488 4671 1541 4721 reg.

292 4739 366 4793 civit.
384 4743 489 4808 zagrab.
