3488 5242
593 345 666 402 Dec.
689 340 762 419 296.
786 357 856 422 297.
876 377 914 386 -
932 345 989 402 Aa.
1013 341 1106 421 1380.
1424 346 1481 403 281

219 549 324 600 nostro
347 543 421 613 regi,
446 556 533 599 more
556 543 649 600 solito
680 542 812 601 fideliter
843 544 1028 601 rescribatis.
1060 544 1178 600 Datum
1201 542 1360 615 Zagrabie,
1391 541 1486 599 tercio

221 650 341 706 decimo
364 649 414 706 die
436 650 643 706 concussionis
667 664 806 707 ovorum.
831 650 919 706 Anno
943 649 1062 706 domini
1087 648 1318 706 MCCCLXXX.

291 767 464 832 Desumptum
481 783 495 816 e
514 766 643 816 relatione
656 767 774 817 iudicum
785 765 916 818 nobilium
929 766 1068 833 ¹comitatus
1080 767 1185 832 zagrab.
1199 781 1266 815 anno
1282 767 1355 824 1380.
1367 771 1394 814 ut
1409 764 1484 814 inira.

327 1035 402 1082 Anno
426 1034 499 1090 1380,
523 1041 560 1086 17.
580 1032 681 1096 aprilis.
704 1033 794 1082 Crisii.

222 1144 328 1200 Petrus
357 1125 440 1199 Ci'rkc
469 1144 612 1199 crt'siensr's
641 1161 735 1200 conus
766 1162 800 1200 uc
829 1144 933 1202 iudices
962 1143 1098 1200 nobilium
1129 1144 1250 1200 eiusdem
1276 1145 1424 1200 comitatus
1453 1143 1488 1199 de

326 1249 463 1323 sarcilem
484 1250 616 1306 stratonici
637 1249 757 1306 Mcolai
778 1247 912 1320 Brt's'lim',
940 1251 1116 1307 Lurlouicum
1139 1268 1232 1323 regem
1255 1250 1373 1307 edocent.

310 1376 576 1432 Excellentissimo
600 1376 733 1449 principi
758 1376 886 1434 domino
910 1376 1074 1448 Lodouico,
1098 1376 1149 1434 dei
1171 1377 1276 1449 gracia
1299 1377 1405 1434 inclito
1424 1377 1490 1448 regi

224 1482 390 1553 ilungarie,
414 1481 541 1538 donnino
565 1497 672 1538 eorum
696 1483 838 1546 naturali,
867 1483 975 1540 Petrus
998 1482 1121 1555 Chyrlre
1145 1483 1312 1539 vicebanus
1335 1487 1365 1538 et
1385 1496 1488 1539 comes

223 1588 385 1658 crisyensis
407 1603 443 1643 ac
475 1587 590 1644 iudices
621 1588 773 1645 nobilium
805 1589 942 1645 eiusdem
972 1589 1134 1645 comitatus
1158 1587 1317 1645 fidelitatis
1340 1588 1490 1660 obsequia

223 1692 325 1764 quoad
366 1693 482 1749 vivum.
522 1692 650 1749 Noverit
682 1700 784 1750 vestra
822 1695 1017 1765 excellencia,
1058 1694 1141 1767 quod
1173 1710 1245 1751 cum
1275 1708 1331 1751 nos
1370 1693 1491 1750 nobiles

224 1799 317 1867 viros,
343 1798 514 1868 Nicolaum,
539 1798 640 1856 filium
666 1800 828 1870 Dominici,
855 1817 949 1858 unum
967 1818 1004 1858 ex
1022 1801 1174 1858 iudicibus
1191 1801 1345 1858 nobilium
1360 1816 1396 1856 ac
1412 1800 1491 1856 Lau·

225 1906 372 1973 rencium,
397 1904 497 1961 filium
523 1904 633 1961 Bedew
658 1905 696 1962 de
721 1905 928 1970 Breztouicha,
960 1907 1100 1964 homines
1129 1916 1258 1977 nostros,
1282 1906 1320 1963 ad
1346 1905 1492 1978 querulo·

226 2025 292 2066 sam
316 2017 345 2067 et
369 2011 532 2067 instantem
558 2011 742 2083 peticionem
766 2012 883 2082 iudicis,
900 2013 1071 2070 iuratorum
1089 2018 1119 2069 et
1136 2012 1350 2069 universorum
1375 2012 1493 2069 civium

224 2133 277 2173 seu
302 2117 460 2190 hospitum
485 2117 598 2173 montis
622 2116 806 2175 Grechensis
830 2117 868 2175 de
892 2117 1042 2190 Zagrabia
1058 2117 1097 2174 ad
1113 2117 1309 2190 infrascripta
1332 2117 1491 2174 rescienda

231 2223 370 2294 legitime
403 2223 641 2280 destinassemus
650 2242 657 2293 ;
681 2223 805 2280 tandem
836 2223 931 2282 iidem
961 2223 1000 2280 ad
1030 2239 1087 2280 nos
1117 2223 1228 2280 exinde
1257 2223 1374 2280 reversi
1403 2223 1493 2280 nobis

228 2329 419 2386 concorditer
442 2329 622 2400 retulerunt,
646 2329 729 2402 quod
754 2329 813 2402 ipsi
830 2330 870 2386 ab
886 2330 1040 2398 omnibus,
1064 2330 1178 2402 quibus
1201 2328 1353 2385 decuisset
1369 2335 1398 2385 et
1414 2328 1490 2385 licu-

227 2436 299 2491 isset
325 2436 420 2491 talem
445 2434 483 2491 de
507 2435 711 2507 infrascriptis
743 2435 903 2492 scivissent
934 2436 1105 2505 veritatem,
1137 2435 1219 2507 quod
1249 2434 1421 2508 capitulum
1445 2449 1492 2490 ec·

227 2541 319 2597 clesie
335 2541 551 2612 zagrabiensis,
573 2540 648 2597 seria
664 2542 756 2597 tercia
773 2542 917 2614 proxima
933 2546 1002 2614 post
1019 2540 1130 2598 festum
1149 2557 1238 2614 pasce
1262 2540 1389 2609 domini,
1412 2556 1493 2598 nunc

230 2647 371 2719 proxime
395 2648 549 2719 preterita.
575 2648 714 2719 nequicia
739 2647 936 2720 precogitata,
952 2647 1002 2703 dei
1019 2647 1129 2704 timore
1146 2646 1328 2720 postposit0‚
1345 2652 1491 2718 tanquam

227 2753 363 2809 satelites
388 2757 417 2808 et
440 2753 640 2808 immemores
663 2753 754 2809 saluti
779 2753 880 2809 anime
904 2753 1053 2826 ipsorum,
1070 2753 1165 2809 misso
1183 2753 1331 2823 magistro
1354 2751 1491 2820 Nicola0,

228 2859 294 2915 filio
319 2858 459 2928 ltryslini,
484 2858 688 2914 concanonico
712 2865 741 2914 et
764 2859 848 2915 socio
866 2858 1014 2930 ipsorum,
1031 2873 1102 2915 cum
1120 2858 1257 2931 ipsorum
1279 2859 1494 2932 complicibus,

230 2965 374 3021 manibus
397 2965 538 3032 armatis,
565 2965 760 3036 potenciariis
783 2980 818 3021 ac
842 2965 993 3034 violentis
1018 2965 1102 3021 clara
1126 2965 1202 3034 luce,
1225 2965 1305 3021 circa
1326 2964 1497 3034 meridiem,

229 3087 285 3143 per
308 3071 557 3126 commissionem
582 3070 654 3127 dicti
678 3071 816 3142 capituli,
838 3072 868 3127 in
892 3071 1015 3128 civitate
1040 3076 1139 3127 vestre
1162 3071 1329 3127 maiestatis
1357 3072 1496 3143 ipsorum

231 3177 346 3233 civium
372 3176 575 3232 habitacionis
601 3175 674 3232 dicti
699 3177 812 3233 montis
835 3175 1018 3233 Grechensis
1034 3175 1194 3245 veniend0,
1212 3191 1310 3249 prope
1333 3177 1496 3233 ecclesiam

231 3283 325 3339 sancti
359 3283 480 3338 Martini
515 3283 674 3339 irruissent
705 3289 734 3338 et
766 3281 843 3338 duos
878 3283 1018 3355 ipsorum
1050 3282 1141 3352 cives,
1174 3281 1318 3339 videlicet
1348 3283 1496 3352 iwanum,

232 3389 332 3445 filium
356 3388 523 3458 Draginich
543 3383 584 3462 (et
603 3388 737 3458 Petrum,
756 3388 855 3444 filium
875 3381 1076 3462 Lourechich)
1093 3387 1168 3444 diris
1184 3393 1214 3444 et
1230 3387 1376 3444 letalibus
1396 3387 1499 3459 plagis

232 3496 384 3551 vulnerum
410 3494 439 3549 in
461 3494 587 3566 propria
613 3493 706 3549 domo
731 3495 870 3566 ipsorum
902 3495 1109 3563 vulnerassent,
1140 3494 1193 3550 ubi
1217 3491 1376 3567 predictus
1405 3493 1498 3563 lwan,

231 3601 314 3656 filius
339 3601 515 3670 Draginich‚
540 3600 685 3673 spiritum
709 3601 868 3670 exalasset,
893 3599 931 3657 de
955 3601 1018 3657 alio
1041 3615 1116 3656 vero
1140 3599 1230 3657 Petro
1251 3598 1440 3655 Lourechich
1457 3597 1496 3655 de

231 3722 286 3762 sua
312 3706 373 3762 vita
396 3705 526 3761 dubium
552 3706 734 3773 haberetu1·;
759 3706 812 3762 lite
837 3713 937 3762 tamen
963 3705 1114 3779 pendente
1138 3706 1216 3763 inter
1232 3704 1386 3777 predictos
1410 3704 1493 3761 cives

229 3817 259 3868 et
282 3812 454 3885 capitulum
480 3818 683 3883 prenotatum.
709 3812 824 3868 Datum
847 3811 947 3882 Crisii,
972 3811 1048 3869 feria
1072 3812 1166 3869 tercia
1190 3812 1334 3885 proxima
1357 3816 1426 3868 ante
1450 3808 1493 3867 fe·

232 3924 313 3976 stum
341 3919 420 3975 beati
437 3919 563 3990 Georgii
588 3919 730 3975 martiris.
757 3921 845 3975 Anno
868 3918 986 3976 domini
1011 3919 1179 3976 millesimo
1204 3916 1404 3975 CCCLXXX.

321 4036 461 4099 Originule
481 4036 507 4085 in
528 4035 625 4092 charta,
645 4050 660 4084 a
680 4040 755 4100 tergo
776 4035 827 4084 tria
846 4041 905 4085 sunt
925 4035 1052 4100 impressa
1070 4035 1167 4101 sigilla.
1182 4034 1212 4084 ln
1225 4033 1294 4084 arch.
1309 4034 1388 4083 Acad.
1404 4033 1499 4084 Scient.

231 4126 300 4175 Slav.
322 4123 413 4174 merid.

825 4233 912 4301 297.

341 4340 416 4386 Anno
439 4340 511 4395 1380,
535 4346 571 4390 17.
591 4338 692 4402 aprilis.
713 4337 801 4387 Crisii.

232 4449 339 4504 Petrus
363 4448 467 4504 Zmdrr
487 4449 587 4515 banus,
607 4449 703 4505 cuaeiti
715 4456 743 4504 cl
756 4448 894 4505 ritdicibus
909 4449 1057 4505 conet'tatus
1078 4448 1236 4518 Crisiensis,
1251 4456 1284 4504 ut
1299 4444 1337 4505 dc
1358 4446 1501 4520 Gregorio

519 4555 661 4626 inquilino
687 4555 750 4611 neci
772 4553 866 4611 ‹lertito
888 4555 1047 4629 inquirant,
1066 4553 1215 4627 pracepit.

321 4679 429 4736 Petrus
460 4679 570 4750 ludar,
601 4681 688 4753 regni
717 4679 880 4739 Sclauonie
904 4681 1009 4738 banus.
1034 4678 1200 4737 Nobilibus
1221 4679 1299 4736 viris
1320 4677 1427 4736 comiti
1450 4678 1502 4735 vel

235 4785 409 4842 vicecomiti
433 4791 464 4842 et
484 4785 638 4844 iudicibus
658 4787 812 4845 nobilium
834 4787 999 4845 comitatus
1022 4785 1193 4858 crisyensis,
1209 4783 1410 4842 dileccionem
1430 4798 1503 4841 cum
