3488 5242
231 351 272 410 40
653 280 740 388 Dar.
764 343 815 409 49.
840 364 876 372 -
903 329 959 387 An.
984 325 1075 388 1266.

236 533 344 590 sertim
367 531 525 601 articulus,
549 530 672 603 dequo
696 506 905 603 premisimus,
929 527 1055 602 infringi
1078 528 1189 587 debeat
1212 544 1266 586 seu
1297 529 1420 600 cassari,
1444 544 1505 587 non

240 639 380 696 obstante
403 637 579 710 privilegi0,
604 635 687 708 quod
711 651 805 709 super
833 635 889 692 illa
919 636 1087 708 potestaria
1117 635 1199 692 dicto
1231 635 1376 707 Archyno
1400 637 1505 693 comiti

238 744 432 814 dederamus,
456 742 540 816 quod
564 743 759 816 presentibus
783 756 939 799 cassamus
963 742 1085 814 penitus
1109 747 1139 798 et
1162 741 1260 799 eciam
1282 741 1451 799 irritamus
1471 740 1505 797 In

238 851 325 908 cuius
347 850 392 907 rei
416 850 601 906 memoriam
625 857 655 906 et
675 849 782 919 robur,
807 855 964 922 presentes
986 846 1131 904 dedimus
1154 848 1280 916 litteras,
1305 846 1440 921 duplicis
1464 847 1504 904 si-

237 957 308 1028 gilli
331 956 429 1013 nostri
451 955 622 1012 munimine
644 956 814 1012 roboratas.
838 953 955 1011 Datum
977 969 1035 1028 per
1061 969 1171 1010 manus
1195 953 1336 1025 magistri
1361 953 1505 1025 Farcasii‚

238 1063 328 1120 electi
351 1062 496 1131 albensis,
520 1062 591 1118 aule
613 1068 717 1118 nostre
732 1060 986 1130 vicecancellarii,
1003 1059 1109 1116 dilecti
1124 1064 1154 1115 et
1170 1058 1273 1116 fidelis
1288 1059 1392 1116 nostri.
1417 1060 1506 1116 Anno

239 1168 358 1226 domini
378 1168 548 1226 millesimo
572 1168 782 1225 ducentesimo
812 1167 1004 1238 sexagesimo
1035 1170 1129 1222 sexto
1161 1165 1259 1238 Regni
1282 1171 1386 1223 autem
1409 1166 1506 1223 nostri

241 1290 321 1332 anno
343 1275 500 1332 tricesimo
522 1275 633 1347 primo.

328 1410 469 1476 Originale
490 1409 516 1460 in
535 1411 694 1460 membrana.
714 1409 841 1475 Sigillum
860 1411 988 1468 avulsum,
1006 1411 1172 1459 solummodo
1191 1409 1291 1459 sericea
1302 1423 1366 1458 zona
1386 1407 1461 1458 rubri
1481 1413 1507 1458 et
1579 1395 1581 1397 ’

244 1500 307 1550 ssavi
327 1498 425 1549 coloris
444 1499 576 1549 remansit.
590 1498 621 1548 In
639 1499 709 1548 arch.
729 1501 746 1548 l.
766 1514 786 1547 r.
808 1498 856 1548 civ.
876 1499 981 1564 zagrab.
1000 1527 1031 1536 -
1050 1495 1132 1562 cher.
1153 1498 1217 1547 Cod.
1231 1496 1296 1563 dipl.
1310 1496 1355 1546 IV.
1371 1507 1393 1556 3.
1408 1512 1433 1561 p.
1447 1504 1505 1555 337.

839 1765 905 1830 49.

327 1857 375 1903 An.
399 1854 473 1912 1266,
492 1862 533 1912 23.
552 1851 712 1906 novembris.

283 1964 358 2021 Bela
380 1963 436 2021 IV.
460 1963 638 2037 Hungariar
660 1970 707 2020 etc.
730 1981 785 2019 rex
806 1962 914 2019 civibus
936 1961 1168 2034 zagrabiensr'bas
1191 1963 1221 2017 in
1252 1969 1344 2019 manta
1372 1961 1466 2020 Grech

590 2069 755 2143 peculiares
769 2070 997 2143 praerogativas
1019 2068 1147 2125 concedit.

328 2232 400 2289 Bela
432 2231 482 2289 dei
511 2231 615 2303 gracia
649 2229 823 2301 Hungarie,
858 2229 1026 2300 Dalmacie‚
1061 2229 1220 2290 Crovacie.
1255 2230 1359 2300 Rame,
1391 2229 1507 2301 Seruie,

241 2338 382 2408 Gallicie,
413 2337 597 2394 Lodomerie
627 2335 838 2407 Cumanieque
868 2352 930 2392 rex.
954 2335 1106 2392 Omnibus
1130 2335 1246 2393 Christi
1273 2335 1421 2393 fidelibus
1444 2342 1508 2394 tam

241 2445 439 2520 presentibus
469 2457 564 2515 quam
594 2441 706 2499 suturis
738 2442 869 2498 salutem
902 2442 934 2499 in
956 2441 1065 2498 salutis
1089 2442 1243 2514 largitore.
1282 2442 1376 2513 Regie
1400 2458 1507 2516 specu·

242 2551 365 2609 lationis
395 2557 425 2608 et
448 2548 664 2607 sollicitudinis
693 2564 759 2605 esse
782 2547 875 2605 debet
898 2547 1063 2619 invigilare
1086 2547 1282 2605 subditorum
1306 2548 1452 2606 remediis
1476 2556 1505 2605 et

243 2658 346 2730 quieti,
370 2664 400 2714 et
423 2672 475 2713 eos
499 2655 646 2729 prosequi
668 2655 816 2726 ampliori
840 2654 1053 2712 munificencia
1075 2654 1177 2727 gracie
1198 2654 1350 2726 specialis,
1375 2659 1406 2712 ut
1423 2660 1507 2711 tanto

241 2763 290 2820 illi
312 2779 350 2819 cx
373 2762 521 2819 fidelibus
544 2760 701 2818 fideliores
717 2766 747 2817 et
763 2759 942 2817 devociores
960 2776 991 2817 se
1008 2761 1173 2817 exhibeant
1190 2776 1227 2817 ex
1244 2760 1372 2830 devotis,
1393 2770 1507 2834 quanto

241 2868 361 2942 pociori
392 2867 544 2925 libertatis
574 2865 725 2924 beneficio
757 2882 797 2922 ex
819 2865 934 2937 regalis
957 2866 1143 2939 provisionis
1167 2865 1248 2922 dono
1272 2881 1323 2923 eos
1347 2867 1510 2939 contigerit

241 2974 399 3046 gratulari.
439 2971 571 3030 Proinde
605 2971 644 3028 ad
680 2972 897 3028 universorum
931 2971 1077 3028 noticiam
1108 2971 1219 3028 harum
1250 2971 1329 3028 serie
1362 2973 1508 3030 volumus

240 3080 412 3153 pervenire,
437 3078 518 3152 quod
539 3093 610 3135 cum
633 3078 720 3149 olym
744 3077 820 3133 fines
836 3084 865 3134 et
881 3077 1005 3133 termini
1020 3077 1107 3148 regni
1124 3092 1177 3133 seu
1194 3076 1330 3133 Ducatus
1346 3074 1509 3135 Sclauonie

242 3185 394 3241 continuis
434 3183 680 3241 latrunculorum
715 3189 744 3239 et
775 3182 989 3255 frequentibus
1020 3182 1184 3239 insultibus
1215 3183 1423 3256 pulsarentur,
1452 3200 1508 3241 nos

242 3296 306 3348 tam
331 3291 426 3363 quieti
450 3295 553 3348 nostre
570 3289 705 3362 proprie,
722 3304 815 3361 quarn
832 3287 1029 3344 subditorum
1045 3295 1222 3345 nostrorum
1239 3289 1269 3345 in
1286 3288 1350 3345 illis
1367 3290 1507 3361 partibus

242 3395 425 3467 degencium
448 3395 604 3453 securitati
627 3395 805 3467 prospicere
828 3393 995 3450 salubriter
1018 3394 1183 3467 cupientes,
1200 3401 1335 3451 castrum
1351 3395 1381 3451 in
1405 3402 1509 3452 monte

245 3500 348 3560 Grech
371 3503 456 3559 iuxta
487 3499 680 3573 Zagrabiam,
712 3501 753 3556 ob
785 3500 950 3557 tuicionem
974 3499 1154 3556 eorumdem
1179 3500 1383 3558 confiniorum
1407 3501 1510 3559 decre-

243 3609 347 3665 vimus
371 3606 625 3675 coustruendum;
649 3607 679 3663 in
702 3607 788 3662 cuius
812 3606 903 3662 castri
926 3606 1156 3663 construccione
1172 3606 1283 3663 fideles
1307 3608 1404 3665 nostri
1427 3609 1509 3664 cives

245 3713 382 3771 eiusdem
413 3713 503 3769 castri
535 3712 565 3769 in
597 3711 770 3769 edificando
800 3712 860 3768 sibi
894 3711 1004 3769 domos
1028 3711 1144 3768 ibidem
1175 3719 1206 3768 et
1235 3713 1312 3769 alias
1340 3712 1412 3770 edes
1435 3714 1510 3770 illuc

242 3818 462 3887 transferend0,
496 3824 639 3891 sumptus
676 3833 736 3874 non
780 3817 926 3887 modicos
962 3817 1085 3874 labores
1124 3819 1283 3876 continuos
1314 3825 1344 3875 et
1374 3819 1510 3893 dampna

242 3925 379 3999 plurima
410 3940 508 3996 usque
538 3923 576 3980 ad
609 3923 851 3981 exinanicionem
875 3928 1013 3980 extreme
1037 3923 1160 3980 virtutis
1183 3923 1318 3981 fideliter
1340 3927 1509 3996 subierunt,

241 4037 428 4105 exponentes
460 4046 492 4087 se
515 4037 545 4088 et
572 4046 628 4087 sua
650 4030 713 4087 illis
736 4029 931 4101 temporibus
955 4045 1013 4101 pro
1036 4029 1122 4101 regio
1145 4030 1210 4086 sive
1233 4030 1371 4087 Ducatus
1394 4032 1509 4089 honore

242 4137 359 4193 crebris
376 4137 523 4210 periculis
539 4143 569 4192 et
584 4135 713 4192 fortune.
730 4134 793 4191 Nos
815 4135 909 4206 igitur
932 4134 1111 4191 huiusmodi
1132 4136 1325 4207 obsequiosis
1351 4143 1381 4192 et
1404 4152 1509 4209 sump-

243 4243 338 4300 tuosis
357 4243 518 4299 laboribus
542 4242 680 4315 ipsorum
705 4247 793 4312 grata
816 4241 954 4297 volentes
978 4240 1188 4297 vicissitudine
1211 4241 1407 4314 respondere,
1431 4244 1509 4300 hanc

245 4349 289 4405 eis
312 4350 544 4421 prerogativam
568 4347 764 4405 concedimus
780 4348 941 4416 libertatis,
958 4354 991 4404 ut
1015 4363 1069 4403 nec
1091 4363 1148 4420 per
1168 4365 1207 4417 se,
1224 4364 1279 4404 nec
1303 4364 1359 4420 per
1377 4363 1448 4404 suos
1471 4349 1510 4405 ari

244 4455 421 4525 exercitum,
446 4469 538 4526 quem
563 4470 618 4510 nos
642 4454 693 4510 vel
715 4453 913 4510 karissimum
934 4453 1037 4510 filium
1059 4459 1200 4510 nostrum
1217 4452 1376 4510 dominum
1395 4454 1509 4522 liciam,

243 4560 383 4617 inclitum
416 4559 527 4616 ducem
557 4560 654 4616 tocius
686 4558 849 4617 Sclauonie
872 4564 901 4616 et
924 4559 1074 4616 Crovacie
1106 4559 1238 4616 diversis
1261 4560 1458 4633 temporibus
1482 4570 1510 4616 et

252 4665 510 4738 quandocumque
541 4664 640 4722 facere
671 4666 832 4738 contigerit
863 4666 908 4723 ire
938 4667 1122 4737 nullatenus,
1152 4680 1208 4722 nec
1236 4665 1354 4737 aliquid
1383 4672 1513 4739 propter

256 4768 315 4826 boc
339 4771 391 4828 rel
415 4772 481 4828 eius
506 4770 673 4843 occasione,
700 4772 791 4828 nobis
822 4772 874 4829 uel
904 4771 965 4828 sibi
987 4770 1155 4845 inpendere
1185 4777 1352 4829 teneantur.
1382 4770 1514 4829 Eosdem
