3488 5242
503 354 575 412 Dac.
600 349 670 411 226.
694 365 762 430 227.
785 345 857 409 228.
878 383 913 392 -
941 348 995 406 An.
1021 360 1230 426 1352-1353.
1441 366 1499 419 205

239 462 579 470 -—-—————
1423 457 1502 463 .-.-

823 545 910 610 226.

343 693 419 740 Anno
442 698 515 748 1352,
535 698 558 747 5.
578 686 732 738 decembris.
752 684 906 751 Zagrabiae.

240 816 404 892 Stephanus
424 818 508 875 tatius
532 815 689 874 Slavaniae
703 815 795 871 banus
817 813 1014 871 transsummr't
1028 791 1216 890 priuiligium
1232 813 1330 870 tilike'c‘
1347 813 1425 883 bani,
1447 831 1503 887 qua

237 925 310 981 emes
339 924 513 983 Grecleenses
535 942 554 978 a
577 922 709 980 solvenda
731 922 810 978 lucra
840 938 968 977 camerae
990 919 1023 975 de
1052 918 1135 976 rebus
1158 927 1186 976 et
1212 920 1398 977 mercimoniis
1420 916 1505 978 liberi

563 1027 793 1096 declarabantur,
816 1026 943 1100 idemque
963 1033 1060 1083 ratum
1082 1025 1173 1083 lrabet.

326 1155 389 1212 Nos
412 1155 585 1229 Stephanus
607 1155 705 1212 tocius
728 1152 890 1211 Sclauonie
913 1160 943 1210 et
966 1152 1093 1211 Croacie
1117 1153 1223 1210 banus.
1248 1154 1396 1212 Memorie
1419 1170 1502 1212 com-

239 1261 418 1321 mendantes
440 1261 651 1334 significamus
682 1266 786 1318 tenore
817 1261 1010 1335 presencium
1040 1260 1155 1333 quibus
1185 1259 1311 1332 expedit
1341 1261 1502 1331 universis,

238 1368 321 1442 quod
344 1368 440 1437 Marii,
464 1368 548 1425 filius
571 1368 692 1440 Ligeri,
710 1366 801 1424 iudex
818 1365 951 1424 civitatis
968 1365 1137 1436 Grecensis,
1154 1381 1210 1423 suo
1233 1373 1263 1423 et
1285 1367 1502 1425 universorum

238 1475 412 1531 convicium
436 1489 564 1531 suorum
587 1473 625 1530 de
649 1472 758 1530 eadem
782 1471 900 1530 Gerech
925 1472 1049 1529 nomine
1073 1477 1102 1530 et
1126 1473 1201 1541 vice,
1226 1471 1264 1528 ad
1288 1478 1426 1530 nostram
1455 1489 1503 1530 ac·

239 1579 376 1638 cedendo
407 1579 608 1654 presenciam,
640 1579 780 1636 exhibuit
822 1578 913 1635 nobis
945 1578 1063 1635 litteras
1100 1578 1312 1651 privilegiales
1346 1579 1501 1651 quondam

240 1684 398 1757 magnifici
422 1685 480 1742 viri
504 1684 627 1756 Mykch,
651 1685 749 1741 tocius
779 1682 941 1741 Sclauonie
974 1684 1053 1754 bani,
1084 1685 1198 1741 tenoris
1229 1683 1427 1758 infrascripti,
1450 1701 1503 1758 pe·

237 1799 303 1848 tens
326 1806 381 1848 nos
405 1790 517 1847 humili
541 1805 670 1864 precum
694 1805 764 1846 cum
789 1790 945 1860 instancia,
969 1796 1003 1847 ut
1025 1790 1109 1863 ipsas
1144 1790 1263 1848 litteras
1292 1791 1503 1865 privilegiales

238 1897 276 1954 de
312 1898 409 1953 verbo
438 1896 477 1953 ad
510 1896 642 1952 verbum
672 1897 787 1953 nostris
817 1896 927 1952 litteris
958 1896 1209 1969 privilegialibus
1240 1897 1332 1955 inseri
1363 1896 1504 1955 faciendo

237 2001 422 2060 confirmare
445 2001 652 2074 dignaremur.
676 2001 818 2073 Quarum
849 2005 936 2058 tenor
967 2002 1038 2059 talis
1070 2007 1131 2060 est:
1161 1996 1234 2080 (vid.
1258 2020 1302 2060 nr.
1331 2018 1399 2077 159,
1423 2018 1502 2061 anno

242 2122 331 2181 1333.
358 2125 406 2183 29.
429 2099 558 2183 aprilis).
582 2106 646 2164 Nos
670 2108 764 2179 igitur
787 2107 970 2180 peticionem
996 2107 1127 2181 predicti
1144 2109 1238 2165 Marci
1255 2107 1364 2166 iudicis
1388 2110 1500 2167 iustam

238 2221 267 2271 et
291 2215 464 2286 legitimam
488 2213 555 2270 fore
579 2219 805 2286 cognoscentes,
829 2213 953 2270 easdem
976 2214 1095 2271 litteras
1116 2215 1328 2287 privilegiales
1345 2214 1501 2287 quondam

238 2319 351 2392 Mykch
375 2321 447 2378 bani
471 2335 532 2377 non
555 2321 689 2390 abrasas,
714 2334 774 2377 non
797 2320 991 2389 cancellatas,
1016 2320 1122 2377 necin
1146 2321 1251 2393 aliqua
1275 2321 1321 2378 sui
1346 2327 1433 2394 parte
1457 2322 1503 2379 vi·

237 2428 339 2497 ciatas,
363 2427 402 2484 de
425 2428 524 2484 verbo
547 2426 743 2484 adverbum
767 2426 961 2500 presentibus
985 2428 1077 2484 inseri
1101 2426 1241 2484 faciendo
1269 2427 1415 2485 duximus
1432 2444 1502 2486 con-

237 2532 414 2591 firmandas
439 2533 470 2590 In
495 2534 582 2590 cuius
604 2533 647 2589 rei
672 2533 856 2589 memoriam
881 2539 1126 2606 perpetuamque
1146 2534 1326 2590 firmitatem
1346 2541 1502 2606 presentes

237 2639 355 2696 litteras
370 2644 490 2696 nostras
506 2639 712 2696 concessimus
728 2638 948 2712 privilegialeS,
962 2637 1123 2711 pendentis
1135 2639 1230 2711 sigilli
1248 2641 1345 2696 nostri
1356 2641 1502 2697 autentici

238 2745 408 2802 munimine
424 2745 593 2801 roboratas.
610 2744 725 2801 Datum
743 2743 901 2816 Zagrabie,
918 2742 994 2800 feria
1011 2751 1120 2816 quarta
1139 2745 1282 2818 proxima
1299 2752 1369 2801 ante
1386 2744 1500 2803 festum

238 2852 320 2909 beati
343 2851 464 2908 Nicolai
488 2850 678 2908 confessoris.
696 2853 785 2907 Anno
809 2850 927 2907 domini
951 2849 1061 2907 MCCC
1085 2851 1342 2924 quinquagesimo
1359 2852 1500 2910 secundo.

326 2968 466 3032 Originale
487 2966 513 3016 in
530 2969 689 3024 membrana,
709 2967 829 3032 sigillum
848 2968 970 3017 avulsum
989 2968 1154 3032 dependebat
1173 2984 1187 3016 e
1206 2983 1269 3018 zona
1289 2969 1388 3018 sericea
1402 2970 1463 3019 alba
1477 2977 1502 3020 ct

239 3055 330 3104 viridi.
350 3054 379 3104 In
399 3055 508 3105 archivo
528 3055 573 3104 lib.
594 3071 648 3121 reg.
669 3055 740 3105 civit.
760 3056 864 3121 zagrab.

831 3268 915 3337 227.

341 3413 417 3459 Anno
440 3419 513 3468 1353,
536 3411 572 3460 18.
591 3408 712 3473 januarii.
733 3408 871 3459 Avinione.

327 3542 418 3599 Petro
430 3542 468 3598 de
481 3542 623 3598 Montilio
635 3542 781 3598 canonico
793 3541 992 3613 zagrabiensi,
1010 3516 1202 3599 innocentius
1219 3558 1301 3615 papa
1317 3543 1366 3600 Vl.
1384 3543 1502 3601 confert

237 3648 450 3705 canonicatum
466 3652 496 3703 et
511 3646 722 3719 praebendam
739 3647 829 3704 huius
844 3649 915 3704 eccl.
933 3662 1054 3719 unaque
1080 3647 1227 3720 indulget,
1240 3653 1273 3705 ut
1289 3650 1502 3707 canonicatum

238 3753 589 3826 quinqueecclesiensem
616 3753 647 3808 in
667 3753 797 3809 eeclesia
818 3754 847 3810 b.
872 3753 1037 3824 Margarite
1066 3753 1105 3809 de
1128 3753 1276 3824 Dionisio,
1300 3755 1503 3827 vesprimien-

237 3860 278 3915 sis
304 3858 460 3920 dioecesis.
492 3873 562 3914 cum
586 3859 729 3928 cantoria,
755 3859 950 3916 canonicatus
973 3864 1004 3915 et
1027 3858 1220 3931 praebendas
1244 3860 1375 3916 retinere
1397 3861 1502 3933 possit.

328 3998 358 4043 A.
378 3993 501 4043 Theiner.
522 3994 591 4042 Mon.
613 3994 699 4058 Hung.
719 3993 779 4043 hist.
801 3993 833 4043 11.
853 4011 876 4059 p¹
896 3995 920 4044 6.

829 4208 914 4274 228.

344 4334 420 4379 Anno
443 4338 515 4387 1353.
536 4331 577 4380 28.
597 4329 667 4379 maii.
687 4329 840 4396 Zagrabiac.

239 4440 402 4516 Stephanus
424 4440 565 4507 croatiae,
590 4439 747 4498 Slaaam'ae
768 4451 797 4500 et
816 4443 989 4500 Dalmatiae
1011 4444 1081 4514 dux,
1095 4445 1183 4520 filius
1205 4445 1306 4504 Caroli
1325 4446 1502 4521 Hungariae

278 4557 325 4606 etc.
349 4549 425 4620 regis
440 4548 543 4621 privil.
566 4548 627 4604 eccl.
650 4549 767 4621 aagrab.
789 4568 809 4605 a
831 4550 945 4623 regibus
965 4551 1141 4623 Huagariae
1164 4553 1285 4625 largita,
1307 4554 1465 4628 confirmat.

327 4690 501 4765 Stephanus
524 4691 573 4749 dei
596 4694 700 4765 gracia
724 4693 821 4750 tocius
843 4693 1014 4765 Sclauonie‚
1038 4694 1166 4754 Croacie
1189 4703 1218 4754 et
1241 4697 1403 4757 Dalmacie
1427 4697 1499 4758 dux.

239 4798 391 4858 Omnibus
413 4797 529 4854 Christi
551 4795 698 4855 fidelibus
719 4799 915 4873 presentibus
937 4804 967 4859 et
990 4798 1103 4860 futuris
1125 4818 1253 4876 presens
1280 4804 1432 4880 scriptum
1454 4806 1501 4864 in-
