3488 5242
240 365 299 425 ιη
651 345 724 402 Dec.
748 359 814 422 133.
841 378 878 387 -
904 345 960 402 An.
985 342 1074 422 1326.

234 550 321 602 tuam
343 544 498 602 curiosam
520 543 693 614 solerciam,
717 548 867 617 tuumque
889 543 1097 600 ministerium
1121 542 1303 612 studiosum,
1327 542 1454 599 honoris
1471 545 1502 599 et

235 651 451 724 prosperitatis
475 650 659 722 multiplicis
682 649 887 723 spiritualiter
909 656 939 706 et
962 650 1176 723 temporaliter
1200 650 1304 706 votiva
1319 649 1502 722 provenient

236 757 432 815 incrementa.
466 738 577 829 Iugum
605 739 701 828 igitur
732 754 850 812 domini
885 755 1023 812 humeris
1046 755 1310 828 tuisimpositum
1333 754 1502 827 suscipiens

235 869 421 934 reverenter,
450 868 479 920 et
508 863 596 919 suavi
620 863 685 920 eius
708 862 793 919 oneri
821 860 980 919 humiliter
1004 861 1085 918 colla
1108 862 1301 930 submittens,
1325 861 1423 934 ipsius
1454 873 1502 915 za·

236 969 408 1040 gabriensis
435 969 563 1026 ecclesie
591 968 745 1025 solicitam
773 982 881 1025 curam
908 982 1006 1040 geras,
1029 983 1156 1039 gregem
1180 966 1368 1024 dominicum
1393 966 1423 1022 in
1447 965 1503 1022 illa

237 1081 287 1131 tue
309 1074 474 1147 vigilancie
497 1073 650 1131 creditum
673 1072 813 1131 doctrina
838 1073 927 1130 verbi
951 1078 981 1129 et
1003 1073 1107 1147 operis
1130 1070 1343 1141 informand0;
1359 1072 1402 1128 ita
1417 1068 1502 1143 quod

236 1180 345 1238 eadem
368 1181 575 1254 zagabriensis
598 1179 726 1237 ecclesia
749 1178 948 1252 gubernatori
971 1179 1195 1251 circumspecto
1218 1183 1248 1235 et
1272 1176 1431 1235 fructuoso
1448 1175 1502 1232 ad·

237 1287 440 1345 ministratori
462 1285 594 1358 gaudeat
616 1301 648 1342 se
671 1285 879 1353 commissam,
903 1299 939 1341 ac
962 1284 1042 1340 bone
1065 1283 1147 1341 tame
1170 1289 1220 1340 tue
1243 1282 1321 1340 odor
1341 1298 1379 1339 ex
1395 1281 1503 1339 lauda-

238 1393 356 1450 bilibus
387 1393 446 1450 tuis
476 1392 597 1449 actibus
627 1392 724 1448 lacius
748 1389 949 1461 diffundatur,
973 1395 1067 1462 tuque
1090 1389 1220 1463 proinde
1244 1396 1348 1462 preter
1370 1388 1503 1445 retribu-

237 1499 328 1556 tionis
344 1503 447 1555 eterne
459 1498 616 1571 premium
628 1502 731 1554 nostre
745 1495 966 1553 benedictionis
978 1501 1180 1568 augmentum
1193 1510 1228 1551 ac
1239 1493 1321 1551 sedis
1333 1493 1504 1567 apostolice

237 1605 374 1677 graciam
397 1604 524 1662 uberius
546 1602 694 1676 consequi
716 1602 872 1659 merearis.
895 1600 1011 1657 Datum
1036 1601 1197 1671 Avinione,
1221 1600 1270 1657 ill.
1294 1599 1363 1657 idus
1392 1599 1504 1657 martii.

237 1709 436 1767 Pontificatus
458 1709 556 1766 nostri
578 1710 668 1765 Anno
691 1707 819 1765 decimo.

326 1815 360 1872 ln
380 1831 404 1872 e.
428 1829 468 1870 m.
498 1812 645 1886 Capitulo
675 1813 876 1885 zagrabiensi,
908 1812 1000 1870 Clero
1027 1813 1160 1870 civitatis
1184 1818 1214 1869 et
1238 1811 1368 1869 diocesis
1400 1827 1504 1884 zagra-

238 1920 361 1991 biensis,
385 1919 506 1993 Populo
527 1919 661 1976 civitatis
684 1923 715 1975 et
737 1917 867 1976 diocesis
889 1919 1104 1988 zagrabiensis.
1133 1917 1268 1976 Vasallis
1299 1917 1427 1975 ecclesie
1456 1932 1503 1974 za·

238 2026 418 2099 grabiensis.

326 2144 368 2192 Ex
394 2157 448 2208 reg.
476 2140 542 2206 erig.
573 2142 621 2190 Au.
650 2140 685 2190 X.
717 2156 783 2191 corn.
812 2156 852 2206 ep.
885 2148 960 2201 2741.
989 2143 1019 2190 A.
1050 2139 1173 2190 Theiner.
1205 2140 1274 2190 Mon.
1306 2139 1365 2189 hist.
1397 2138 1505 2204 zagrab.

238 2233 291 2282 vol.
310 2231 329 2281 I.
349 2247 375 2297 p.
395 2240 453 2292 504

829 2389 914 2455 133.

295 2549 296 2552 ¹
345 2534 422 2582 Anno
444 2531 518 2590 1326,
541 2541 578 2588 15.
598 2529 673 2597 Julii.
692 2529 722 2580 In
741 2528 880 2603 Vilegrad.

246 2641 367 2699 Carolus
389 2642 565 2714 Hungatiae
587 2648 634 2697 etc.
658 2658 721 2709 rex,
736 2641 927 2713 possessiones
949 2640 986 2697 ab
1005 2641 1067 2698 eccl.
1090 2641 1207 2713 zagrab.
1238 2641 1351 2698 im'ustis
1373 2648 1501 2698 contrac-

398 2747 472 2804 tibus
487 2747 639 2814 alienatas,
661 2747 719 2818 ipsi
738 2745 828 2815 reddi,
849 2764 884 2803 ac
905 2747 1027 2803 decimas
1049 2746 1136 2803 eirlcm
1158 2747 1240 2816 solvi,
1254 2748 1344 2822 jubet.

328 2891 463 2948 Karolus
486 2890 536 2948 dei
559 2891 663 2962 gracia
685 2905 741 2947 rex
764 2890 930 2963 Hungarie.
958 2891 1118 2949 Fidelibus
1141 2893 1204 2949 suis
1239 2893 1391 2949 universis
1414 2892 1504 2949 baro·

240 2998 340 3065 nibus,
364 2996 539 3066 comitibus,
563 2996 747 3065 castellanis,
771 2995 960 3055 officialibus
982 3013 1035 3054 seu
1059 2982 1236 3080 cuiuslibet·
1248 2998 1435 3055 condicionis
1451 2998 1505 3055 ho·

241 3103 377 3160 minibus
401 3119 457 3175 per
480 3100 655 3172 dyoecesim
677 3101 884 3173 zagrabiensis
899 3103 1027 3159 ecclesie
1044 3104 1224 3173 constitutis,
1242 3104 1374 3161 salutem
1390 3110 1420 3160 et
1436 3119 1505 3177 gra·

240 3209 328 3265 ciam.
353 3206 400 3263 Ad
425 3207 483 3263 hoc
506 3207 588 3263 enim
611 3207 658 3262 ius
673 3213 796 3277 nature,
821 3206 905 3279 quod
928 3210 1010 3281 cepit
1032 3209 1073 3265 ab
1094 3208 1222 3265 exordio
1246 3210 1409 3266 racionalis
1433 3225 1503 3282 pro·

241 3313 306 3382 diit,
330 3312 368 3369 ad
400 3313 486 3369 cuius
518 3314 614 3369 instar
644 3312 729 3384 leges
759 3328 815 3385 per
846 3327 900 3370 ora
931 3315 1106 3387 principum
1137 3315 1333 3388 promulgate
1357 3313 1505 3371 divinitus

242 3424 464 3491 processerunt,
488 3426 522 3475 ut
545 3433 652 3475 earum
676 3427 760 3475 metu
794 3424 880 3476 actus
903 3420 1059 3490 illegitimi
1083 3421 1209 3477 minime
1232 3427 1453 3493 attemptentur
1476 3425 1506 3476 et

242 3526 417 3599 attemptati
440 3525 578 3596 legitime
602 3530 813 3592 retractentur,
845 3533 874 3583 et
904 3527 948 3582 sie
978 3527 1095 3583 sincera
1123 3527 1306 3599 simplicitas
1330 3528 1452 3583 illibata
1475 3534 1505 3583 et

242 3636 307 3687 tuta
330 3646 347 3687 a
371 3629 533 3687 fraudibus
556 3631 766 3702 malignorum
789 3637 971 3687 reservetur.
997 3632 1075 3688 Hinc
1091 3640 1144 3701 est,
1162 3632 1244 3704 quod
1269 3648 1341 3688 cum
1361 3632 1399 3689 ad
1416 3647 1506 3689 aures

241 3743 361 3794 nostras
384 3752 421 3792 ex
445 3736 598 3792 relacione
622 3737 797 3809 pervenerit
818 3737 1035 3809 plurimorum,
1052 3737 1082 3794 iu
1099 3736 1180 3794 dicta
1196 3736 1338 3808 dyoecesi
1354 3737 1504 3809 quosdam

242 3848 416 3899 contractus
439 3858 492 3898 seu
515 3842 719 3899 alienaciones
750 3843 978 3915 possessionum
1010 3844 1137 3899 ecclesie
1168 3851 1327 3916 prenotate
1358 3844 1449 3900 initos
1477 3851 1506 3900 et

242 3949 306 4004 sine
329 3947 434 4005 debita
456 3947 673 4020 solempnitate
687 3948 762 4004 iuris
778 3948 952 4005 celebratos
969 3955 1128 4020 vergentes
1145 3949 1175 4005 in
1191 3948 1389 4021 dispendium
1408 3951 1506 4022 ipsius

243 4053 369 4111 ecclesie
403 4059 568 4125 nostreque
591 4053 782 4110 celsitudinis
805 4059 910 4110 notam
940 4068 1000 4110 non
1031 4054 1192 4109 minimam
1219 4055 1378 4124 iacturam,
1401 4056 1426 4112 si
1448 4056 1507 4113 hoc

243 4159 477 4217 conniventibus
500 4157 598 4215 oculis
622 4159 814 4215 voluerimus
845 4160 1041 4232 pertransire,
1065 4175 1134 4216 cum
1159 4175 1215 4217 nos
1238 4161 1304 4217 iure
1327 4165 1507 4233 patronatus

242 4272 273 4321 et
295 4264 400 4320 debito
424 4263 609 4321 defensionis
632 4269 757 4321 cunctas
780 4264 924 4322 ecclesias
939 4266 1027 4336 regni
1043 4267 1138 4322 nostri
1161 4267 1381 4337 contingamus.
1399 4268 1506 4325 Vestre

243 4369 385 4427 fidelitati
409 4370 599 4442 precipimus
629 4368 761 4426 firmiter
792 4387 848 4443 per
879 4379 1043 4442 presentes,
1072 4378 1221 4443 quatenus
1244 4374 1269 4429 si
1293 4375 1431 4446 prelatus
1454 4381 1507 4431 aut

243 4490 412 4546 yconomus
435 4476 563 4532 ecclesie
585 4481 744 4548 pretaxate
774 4476 857 4549 apud
889 4479 1054 4550 quospiam
1085 4478 1162 4534 tales
1185 4480 1393 4551 possessiones
1417 4496 1504 4553 repe-

243 4581 317 4638 rerit
340 4582 392 4638 vel
415 4581 565 4638 invenerit
587 4581 624 4638 ad
650 4581 822 4640 dominium
846 4582 983 4653 ecclesie,
1006 4584 1114 4657 previa
1136 4584 1264 4657 iusticia,
1286 4585 1397 4643 debeat
1418 4603 1507 4645 revo-

244 4700 322 4756 care,
352 4687 504 4760 presentis
533 4689 630 4744 nostri
664 4687 803 4746 mandati
841 4689 1023 4747 auctoritate
1053 4689 1215 4762 mediante,
1247 4692 1450 4766 suffragantes
1477 4699 1508 4751 et

244 4788 461 4850 coadiuvantes
483 4791 525 4850 ad
556 4793 616 4850 hoc
638 4793 740 4867 ipsam
762 4795 925 4853 ecclesiam
947 4795 1064 4853 auxilio
1091 4795 1224 4871 benigno
1246 4804 1277 4855 et
1299 4799 1406 4860 favore
1429 4800 1508 4859 sicut
