3488 5242
660 353 733 410 Doc.
756 364 826 431 245.
853 387 889 395 —
915 354 972 411 An.
996 350 1087 431 1364.
1138 370 1142 376 '
1438 374 1504 442 ‚2²9

240 552 383 625 apostoli,
414 553 617 624 presentibus,
650 562 679 609 et
710 553 739 610 in
771 555 889 610 octavis
920 553 987 611 sesti
1021 554 1103 611 beati
1135 555 1293 611 Michaelis
1329 555 1507 627 archangeli

239 673 318 714 nunc
343 658 488 729 venturis,
512 657 612 715 facere
636 657 822 729 debuissent,
846 660 1094 732 prohibuissent;
1112 659 1215 732 ipsum
1231 674 1306 716 vero
1322 660 1506 731 magistrum

238 763 440 819 laurencium
472 779 566 836 super
595 779 640 835 eo,
673 781 709 820 ne
742 764 859 821 litteras
890 764 1098 838 expeditorias
1130 780 1224 837 super
1255 765 1322 838 ipsa
1344 764 1502 822 solucione

239 867 317 925 lacta
349 868 399 924 vel
431 867 570 925 facienda
599 868 681 926 dicto
708 870 844 942 capitulo
867 870 962 927 scribi
984 877 1014 926 et
1038 869 1105 926 dari
1130 869 1220 926 faciat
1243 869 1337 927 modo
1360 870 1499 941 aliquali.

239 973 315 1030 facie
346 973 384 1030 ad
417 973 528 1030 faciem
551 974 694 1032 similiter
717 975 929 1046 inhibuissent,
961 981 1145 1032 asserentes:
1181 991 1213 1032 se
1237 980 1300 1032 tam
1324 975 1362 1032 ad
1387 975 1505 1032 iudica-

239 1080 358 1136 cionem
384 1096 439 1153 per
462 1081 566 1153 ipsum
590 1081 773 1153 magistrum
797 1081 1026 1138 tavamicorum
1051 1082 1081 1139 in
1097 1096 1187 1138 causa
1207 1082 1286 1138 inter
1302 1082 1385 1154 ipsas
1403 1088 1505 1154 partes

236 1185 341 1242 habita
365 1184 478 1242 factam
500 1194 641 1259 tempore
664 1185 769 1243 iudicii
790 1203 851 1244 non
874 1192 1048 1259 acceptasse
1070 1193 1099 1244 et
1124 1186 1282 1256 refutasse,
1312 1202 1407 1259 quare
1424 1204 1505 1245 nunc

238 1290 410 1364 predictam
442 1291 632 1349 solucionem
664 1291 845 1364 faciendam,
877 1292 1012 1350 refutare
1043 1298 1073 1349 et
1105 1308 1165 1349 non
1197 1299 1364 1365 acceptare.
1388 1294 1505 1350 Datum

238 1396 268 1452 in
292 1396 467 1469 Vissegrad‚
492 1398 522 1454 in
546 1397 596 1453 die
619 1405 788 1471 prenotato
814 1400 902 1456 Anno
926 1398 1042 1455 domini
1067 1397 1233 1455 MCCCLX
1257 1398 1367 1471 primo

326 1531 466 1596 originale
485 1531 665 1582 lachanna
684 1539 760 1598 tergo
780 1533 922 1600 vestigium
944 1533 1064 1599 impressi
1084 1533 1176 1599 sigilli.
1196 1534 1226 1584 In
1246 1533 1344 1584 archiv.
1374 1536 1390 1583 l.
1411 1550 1431 1583 r.
1453 1535 1502 1585 civ.

237 1619 341 1684 zagrab.

824 1763 911 1830 245.

342 1887 418 1934 Anno
442 1887 515 1946 1364,
534 1887 558 1936 8.
579 1885 680 1951 aprilis.
700 1886 853 1951 Zagrabiae.

246 1996 439 2056 Vinm'munus
461 1996 549 2054 abbas
578 1997 810 2066 Cisterciensium,
833 1998 964 2055 balncum
985 1998 1159 2071 Zagrabiae,
1182 2000 1280 2056 Paulo
1302 1999 1506 2058 archidiacono

310 2104 503 2160 Kamarcensi'
523 2104 638 2177 eiusque
653 2102 812 2177 fratribus,
834 2105 886 2161 sub
908 2105 991 2161 certis
1013 2105 1240 2178 obligationibus,
1263 2106 1336 2162 dono
1358 2106 1436 2164 cedit.

326 2246 388 2303 Nos
413 2246 507 2304 frater
529 2246 757 2318 Wynnimanus
781 2245 897 2304 ordinis
921 2247 1178 2318 Cisterciensium,
1206 2245 1302 2305 abbas
1326 2251 1505 2307 monasterii

238 2353 325 2409 beate
349 2353 478 2424 virginis
501 2352 539 2409 de
563 2351 722 2424 Zagrabia,
747 2358 890 2425 totusque
915 2353 974 2410 loci
998 2354 1135 2411 eiusdem
1160 2360 1336 2412 conventus.
1353 2355 1506 2413 Omnibus

238 2459 353 2515 Christi
384 2458 530 2515 fidelibus
561 2458 756 2531 presentibus
788 2459 905 2531 pariter
935 2464 965 2516 et
996 2458 1115 2531 futuris,
1139 2461 1337 2532 presencium
1360 2462 1504 2520 noticiam

237 2565 389 2620 habituris
412 2564 543 2621 salutem
570 2564 599 2621 in
623 2564 732 2621 salutis
756 2565 911 2637 largitore.
948 2565 1051 2638 Quum
1076 2582 1110 2623 ea
1135 2582 1195 2638 que
1218 2572 1352 2639 aguntur
1375 2569 1405 2625 in
1429 2572 1504 2625 tem·

236 2685 311 2743 pore
334 2685 372 2726 ne
395 2669 489 2726 simul
513 2670 657 2726 labantur
680 2686 751 2726 cum
784 2675 932 2744 ternpore,
957 2671 1091 2746 expedit,
1116 2679 1150 2729 ut
1172 2688 1208 2730 ea
1231 2688 1292 2745 que
1315 2674 1445 2746 agimus,
1471 2675 1502 2731 in

236 2776 359 2849 scriptis
384 2774 568 2847 redigamus.
592 2776 671 2833 Hinc
693 2781 746 2837 est.
771 2776 855 2849 quod
880 2793 951 2834 cum
975 2778 1066 2835 stuba
1090 2779 1141 2836 vel
1166 2779 1252 2836 locus
1276 2779 1380 2836 balnei
1399 2780 1429 2836 in
1446 2785 1505 2837 ter·

236 2883 343 2939 ritorio
378 2887 483 2939 nostro
515 2882 572 2939 sita
604 2881 641 2941 ad
675 2882 854 2940 Nikoletum
885 2883 972 2954 olym
1003 2882 1137 2941 iudicem
1165 2884 1299 2941 civitatis
1321 2882 1505 2942 Grechensis

236 2986 391 3056 devoluta,
415 2993 445 3044 et
469 3003 524 3060 per
548 2987 707 3045 decessum
732 2989 829 3062 ipsius
852 2990 917 3066 sine
941 2988 1052 3046 herede
1076 2994 1105 3046 et
1129 2995 1319 3061 testamento,
1343 2996 1505 3061 tamquam

236 3094 276 3150 ah
310 3096 461 3165 intestato
493 3095 615 3151 racione
646 3094 774 3152 dominii
798 3096 836 3152 ad
861 3111 970 3152 manus
994 3103 1114 3153 nostras
1146 3095 1252 3152 luisset
1282 3095 1439 3165 devoluta,
1474 3101 1504 3153 et

235 3200 358 3257 tandem
384 3216 439 3273 per
462 3200 621 3257 dominam
639 3200 812 3268 Benicham,
833 3201 931 3258 filiam
949 3202 1043 3258 Masie
1059 3200 1180 3259 Blondo
1195 3200 1234 3257 de
1252 3201 1398 3270 Veneciis,
1416 3201 1504 3272 olym

237 3307 336 3364 civem
361 3307 494 3364 civitatis
518 3306 702 3364 Grechensis
722 3308 887 3365 exstitisset
904 3308 1042 3381 inpedita
1057 3324 1095 3365 ex
1111 3323 1156 3378 eo,
1174 3308 1247 3380 quia
1262 3308 1363 3381 ipsam
1379 3308 1504 3364 stubam

236 3411 412 3469 balnealem
436 3411 473 3468 ad
499 3428 531 3468 se
555 3412 676 3470 dicebat
700 3414 868 3486 pertinere;
892 3420 921 3470 et
946 3414 1016 3471 licet
1039 3429 1133 3486 super
1154 3414 1213 3470 hoc
1229 3427 1333 3470 coram
1351 3411 1504 3470 iudicibus

236 3518 482 3591 competentibus
506 3519 690 3575 altercatum
714 3518 829 3589 luisset,
854 3520 988 3577 finaliter
1014 3527 1115 3576 tamen
1140 3519 1184 3576 sic
1208 3518 1366 3575 decretum
1390 3523 1420 3575 et
1435 3533 1504 3575 sen·

238 3624 444 3680 tencionatum
469 3624 648 3680 exstitisset:
674 3623 757 3696 quod
782 3624 926 3683 hedificia
950 3640 1008 3698 pro
1031 3631 1103 3682 tunc
1119 3625 1149 3682 in
1166 3625 1235 3681 loco
1253 3624 1356 3681 balnei
1372 3623 1504 3697 predicti

236 3730 350 3799 habita,
376 3731 434 3802 ipsi
458 3729 583 3786 domine
607 3730 747 3800 Benicha,
773 3731 858 3788 locus
882 3746 957 3788 vero
975 3732 1072 3804 ipsius
1096 3731 1200 3788 balnei
1220 3730 1310 3786 nobis
1326 3728 1504 3787 debuissent

235 3835 343 3893 cedere
367 3845 395 3892 et
420 3837 597 3893 debuerant.
620 3836 742 3908 Quibus
766 3835 918 3895 hedificiis
941 3837 1056 3894 ablatis
1079 3842 1108 3893 et
1132 3836 1171 3893 de
1188 3836 1256 3893 loco
1273 3834 1413 3909 predicto
1428 3835 1501 3892 sub·

236 3943 348 4011 tractis,
373 3940 456 3999 idem
480 3943 566 3999 locus
590 3942 692 4000 balnei
717 3943 861 4016 pluribus
886 3944 1081 4017 temporibus
1105 3941 1256 4000 hedificiis
1280 3941 1396 3998 exstitit
1412 3941 1504 3998 desti·

236 4053 327 4118 tutus,
359 4064 396 4104 ex
428 4063 490 4120 quo
520 4063 575 4104 nos
602 4064 663 4105 non
686 4048 845 4106 modicum
868 4050 898 4106 in
924 4049 1076 4106 fructibus
1099 4056 1129 4106 et
1152 4046 1356 4122 proventibus
1379 4048 1502 4104 racione

235 4154 295 4210 loci
319 4154 415 4226 ipsius
438 4155 541 4211 balnei
564 4155 653 4211 nobis
677 4155 840 4227 provenire
864 4155 1048 4212 debentibus
1071 4153 1225 4212 defectum
1250 4153 1408 4211 noscimur
1429 4168 1502 4225 sup·

236 4265 367 4332 portare.
391 4260 458 4316 Hiis
490 4260 583 4332 igitur
614 4261 813 4319 consideratis
838 4268 866 4317 et
893 4261 1035 4333 pensatis,
1059 4276 1094 4317 ac
1117 4260 1236 4317 utiliori
1258 4259 1388 4316 consilio
1412 4259 1502 4317 nobis

237 4371 266 4422 et
289 4366 402 4422 nostris
432 4367 659 4423 successoribus
690 4365 855 4440 providere
881 4367 1047 4439 cupientes,
1071 4382 1108 4423 ne
1131 4366 1313 4423 ulteriorem
1337 4364 1503 4434 defectum,

154 4550 156 4555 Ι
236 4474 289 4544 qui
313 4487 351 4528 ex
374 4471 575 4529 destitucione
596 4471 812 4530 hedificiorum
828 4472 894 4530 sive
911 4472 1014 4530 balnei
1029 4472 1060 4530 in
1077 4471 1216 4545 predicto
1233 4471 1303 4528 loco
1318 4469 1502 4541 fiendorum,

236 4579 430 4651 temporibus
465 4579 696 4636 occurrentibus
728 4586 758 4636 et
788 4577 963 4636 redditibus
994 4576 1033 4634 de
1068 4576 1178 4634 eodem
1212 4576 1303 4634 nobis
1337 4576 1503 4649 provenire

236 4682 421 4741 debentibus
444 4689 548 4758 posset
571 4685 702 4756 evenire,
726 4685 895 4758 paciamur,
919 4682 1093 4757 predictum
1119 4682 1225 4740 locum
1248 4682 1425 4739 balnealem
1448 4681 1503 4739 ho-

236 4790 372 4847 norabili
392 4790 460 4847 viro
484 4790 610 4848 domino
634 4790 731 4848 Paulo
755 4789 972 4848 archidiacono
1003 4788 1225 4860 hamarchensi‚
1257 4787 1376 4846 Thome
1400 4793 1430 4844 et
1450 4787 1502 4870 Jo-
