3488 5242
235 341 295 414 378
653 344 726 401 Doc.
744 357 820 421 397.
847 377 884 387 -
909 344 966 402 An.
990 357 1079 421 1397.

232 554 302 596 nem
331 541 513 614 episcopum
543 542 783 612 zagrabiensem,
814 542 969 615 prelatum
1002 558 1118 612 eorum,
1150 545 1179 601 in
1211 545 1320 602 eodem
1351 544 1401 603 die
1430 545 1498 603 testi

232 645 400 702 nativitatis
423 646 541 703 domini
564 653 595 703 et
618 647 747 719 singulis
772 645 880 704 diebus
900 648 1142 707 ecclesiasticum
1165 650 1361 708 interdictum
1378 652 1497 725 imponi

234 757 264 807 et
287 752 370 823 ipsos
393 753 663 822 excommunicari,
694 768 810 810 necnon
843 759 954 810 octavo
985 753 1034 811 die
1065 755 1203 812 eiusdem
1236 756 1304 813 testi
1337 757 1417 814 beati
1446 758 1498 839 Jo-

232 857 349 926 hannis,
372 873 451 913 nunc
475 857 591 930 elapso,
616 858 754 931 plurima
785 857 893 916 funera
916 859 1131 917 defunctorum
1157 862 1318 934 utriusque
1341 877 1432 919 sexus
1457 863 1497 920 ci-

231 962 318 1018 vium
342 962 553 1036 predictorum
578 964 643 1021 sine
666 965 749 1020 omni
774 965 868 1038 culpa
891 980 998 1021 eorum
1022 964 1061 1022 de
1078 966 1237 1024 cimiteriis
1260 973 1290 1024 et
1310 969 1405 1025 sacris
1422 968 1498 1026 locis

231 1069 391 1126 exhumari
416 1075 446 1126 et
469 1068 563 1127 effodi
590 1085 626 1126 ac
656 1071 685 1126 in
709 1085 824 1142 aquam
846 1076 876 1127 et
899 1071 975 1127 alias
1000 1071 1096 1128 veluti
1128 1071 1266 1144 Paganos
1289 1072 1427 1131 adinstar
1450 1090 1498 1131 ca·

229 1171 421 1233 daverorum
444 1175 615 1232 bestiarum
639 1176 859 1232 miserabiliter
881 1176 920 1233 ad
945 1175 1159 1233 devorandum
1181 1178 1309 1234 canibus
1333 1183 1362 1235 et
1385 1179 1497 1236 volati-

159 1349 162 1357 .
231 1280 315 1338 libus
337 1281 395 1337 celi
427 1281 524 1354 proici
556 1279 718 1349 fecissent;
746 1281 869 1353 ipsique
898 1281 980 1338 cives
1011 1281 1048 1338 de
1080 1282 1177 1355 portis
1201 1282 1340 1340 eiusdem
1363 1284 1497 1340 civitatis

230 1388 272 1445 ob
295 1392 414 1444 metum
437 1388 587 1460 ipsorum,
611 1386 755 1444 videlicet
777 1384 894 1443 domini
925 1387 1063 1460 episcopi
1094 1394 1124 1444 et
1154 1388 1291 1461 capituli,
1319 1389 1403 1446 exire
1434 1403 1495 1447 non

232 1494 387 1564 auderem,
411 1493 540 1566 propria
563 1493 702 1565 ipsorum
726 1491 867 1565 potencia
891 1490 1053 1562 mediante,
1077 1492 1108 1549 in
1132 1491 1338 1564 preiudicium
1356 1493 1497 1566 ipsorum

231 1598 324 1654 valde
349 1613 513 1670 magnum;
536 1597 590 1654 lite
613 1603 717 1654 tamen
740 1598 819 1655 inter
846 1597 931 1670 ipsos
961 1597 1120 1670 pendente.
1153 1596 1254 1670 Super
1275 1613 1338 1671 quo
1361 1604 1496 1656 vestram

231 1704 403 1761 amiciciam
428 1703 623 1776 presentibus
655 1702 789 1775 petimus
821 1702 993 1774 diligenter,
1024 1709 1174 1774 quatenus
1205 1709 1344 1761 vestrum
1368 1704 1497 1761 mittatis

231 1811 389 1869 hominem
412 1824 471 1882 pro
499 1810 674 1867 testimonio
704 1809 905 1881 fidedignum,
937 1824 999 1881 quo
1032 1815 1172 1883 presente
1203 1810 1318 1867 Paulus
1351 1812 1402 1868 vel
1431 1812 1496 1883 My-

232 1916 328 1986 chael‚
352 1915 410 1973 filii
432 1917 535 1973 Mathe
567 1916 605 1972 de
636 1914 794 1988 hiikulich,
826 1921 879 1972 aut
909 1914 1055 1972 Nicotaus
1088 1916 1240 1973 litteratus
1270 1915 1308 1973 de
1337 1916 1496 1988 Baneleke,

230 2024 296 2080 sive
319 2022 485 2092 Emericus,
509 2021 593 2079 filius
616 2021 736 2079 Nicoiai
767 2022 805 2078 de
835 2021 972 2094 Nespesa
1001 2037 1055 2077 seu
1078 2021 1247 2094 Gregorius
1274 2037 1311 2079 an
1336 2021 1497 2094 Georgius,

230 2128 288 2185 filii
312 2128 436 2185 Martini
458 2126 497 2184 de
520 2127 635 2198 Oresia,
659 2128 724 2184 sive
747 2128 888 2198 Michael,
911 2126 995 2184 filius
1027 2127 1155 2185 Chumk
1178 2128 1216 2185 de
1239 2128 1402 2199 Kosnicha,
1427 2129 1497 2186 aliis

230 2233 419 2303 absentibus,
444 2234 538 2290 homo
561 2240 673 2303 noster,
697 2233 737 2289 ab
760 2233 906 2290 omnibus
929 2233 1043 2304 quibus
1059 2233 1210 2290 incumbit
1232 2249 1352 2290 meram
1373 2234 1411 2291 de
1427 2250 1497 2308 pre·

230 2340 332 2397 missis
358 2351 541 2411 expereatur
565 2338 735 2409 veritatem,
759 2354 853 2411 quam
884 2336 1007 2395 tandem
1039 2339 1129 2396 nobis
1156 2339 1363 2397 amicabiliter
1385 2341 1495 2398 rescri-

233 2445 319 2502 batis.
344 2445 502 2502 Presentes
526 2450 629 2501 autem
653 2444 765 2516 sigillis
788 2445 901 2501 nostris
924 2444 1103 2501 absentibus
1126 2445 1231 2517 sigillo
1255 2446 1394 2517 magistri
1414 2447 1496 2503 Mar-

231 2552 288 2609 tini
310 2552 390 2609 Ders
413 2550 554 2608 vicebani
585 2557 615 2607 et
644 2551 764 2608 comitis
794 2551 891 2608 nostri
925 2540 1131 2623 zagrabiensis
1164 2552 1292 2609 fecimus
1316 2553 1496 2626 consignari.

230 2659 344 2716 Datum
377 2656 535 2729 Zagrabie,
559 2657 590 2713 in
614 2656 692 2713 festo
723 2657 967 2731 lipiphaniarum
998 2656 1124 2715 domini.
1153 2659 1241 2715 Anno
1265 2658 1402 2716 eiusdem
1426 2659 1496 2716 mil-

231 2763 342 2822 lesimo
365 2761 443 2819 CCC
466 2761 665 2834 nonagesimo
688 2763 828 2835 septimo.

320 2895 459 2961 Originalc
479 2894 505 2944 in
525 2896 622 2946 charta.
642 2899 665 2946 Α
685 2903 760 2963 tergo
778 2897 920 2964 vestigium
938 2898 1030 2963 sigilli.
1044 2898 1074 2948 ln
1087 2897 1196 2948 archivo
1209 2896 1255 2947 tib.
1270 2912 1324 2962 reg.
1338 2896 1388 2947 civ.
1402 2912 1496 2963 zagra-

232 2985 335 3036 biensis.
349 2985 443 3034 Exstat
462 2982 545 3035 eciam
564 2985 590 3035 in
610 2992 669 3036 actu
690 2986 895 3046 transactionali,
914 3002 994 3051 supra
1012 2993 1163 3037 memorato.

822 3270 910 3338 397.

336 3431 412 3478 Anno
435 3437 507 3491 1397,
526 3430 549 3478 8.
567 3429 689 3493 januarii.
709 3429 862 3494 Zagrabiae.

236 3558 316 3615 Cives
346 3557 527 3624 Greclrcnsen
558 3558 611 3630 qui
631 3576 719 3613 manu
745 3565 861 3614 aretiam
884 3576 984 3614 orcum
1006 3559 1128 3630 capitelli
1148 3558 1308 3614 innutriendo
1330 3557 1425 3614 dornos
1448 3577 1493 3614 ca-

230 3665 394 3721 nonicorum
417 3662 626 3732 succemlemnt,
649 3681 741 3720 urcem
764 3664 946 3737 episcopalem
970 3672 998 3720 el
1018 3666 1079 3722 cccl.
1102 3664 1293 3721 cathedralem
1316 3665 1495 3733 invaserunt,

223 3771 325 3843 plures
348 3770 495 3826 ccrnum'cos
518 3787 667 3842 corumque
689 3771 912 3842 consanguineus
934 3777 963 3827 el
975 3770 1145 3844 firmiliares
1173 3771 1405 3839 verberavemnt,
1427 3770 1494 3826 acci·

356 3874 463 3932 derunt
490 3881 536 3930 cic.
558 3883 617 3947 per
634 3874 803 3951 johannem
828 3875 945 3948 ragrub.
972 3877 1052 3949 episc.
1080 3876 1366 3932 excurrimum'cantur.

319 4037 474 4119 Johannes
491 4034 540 4093 dei
558 4041 587 4092 et
599 4037 767 4109 apostolice
779 4037 860 4094 sedis
873 4038 975 4110 gracia
987 4038 1151 4111 episcopus
1163 4035 1378 4109 zagrabiensis‚
1391 4034 1495 4093 decre-

233 4149 334 4201 torum
359 4142 474 4211 doctor,
498 4142 680 4199 secretarius
697 4142 961 4215 cancellariusque
983 4144 1067 4215 regie
1091 4142 1265 4200 maiestatis.
1283 4141 1441 4200 Universis
1465 4147 1495 4198 et

230 4250 360 4321 singulis
383 4247 558 4318 abbatibus,
583 4248 740 4320 prioribus
764 4255 827 4305 tam
856 4249 1074 4306 claustralibus
1105 4263 1200 4320 quam
1228 4247 1493 4315 conventualibus,

231 4354 396 4426 gardianis,
428 4354 570 4427 plebanis
602 4359 631 4410 et
663 4354 861 4411 ecclesiarum
893 4355 1065 4412 rectoribus
1092 4369 1149 4427 per
1171 4354 1327 4410 civitatem
1357 4359 1387 4409 et
1412 4352 1495 4408 dioe-

231 4461 325 4517 cesim
349 4466 485 4517 nostram
509 4461 739 4532 zagrabiensem
762 4460 896 4517 ubilibet
919 4460 1090 4518 constitutis
1109 4475 1162 4516 seu
1180 4474 1288 4515 eorum
1305 4459 1374 4515 loca
1388 4474 1494 4530 geren·

232 4566 314 4623 tibus
337 4566 469 4623 salutem
492 4566 522 4624 in
546 4565 673 4623 domino
696 4573 725 4623 et
742 4565 894 4623 mandatis
910 4567 1022 4623 nostris
1039 4565 1172 4623 firmiter
1187 4563 1322 4622 obedire.
1339 4564 1496 4637 Quoniam

231 4671 298 4730 iure
328 4676 463 4743 cavetur,
495 4671 579 4744 quod
608 4678 714 4730 contra
746 4673 908 4730 molientes
938 4672 1053 4731 Christi
1084 4671 1240 4728 ministros
1263 4671 1442 4742 extinguere
1466 4675 1496 4727 et

233 4778 369 4836 maxime
385 4782 491 4835 contra
510 4777 713 4837 incendiarios
729 4785 759 4836 et
774 4785 914 4854 raptores
929 4793 1035 4836 rerum
1051 4776 1326 4837 ecclesiasticarum
1343 4782 1374 4833 et
1388 4779 1495 4833 contra
