3488 5242
655 331 727 389 Dor.
741 326 820 408 386.
847 363 884 374 -
910 331 967 389 An.
991 328 1082 408 1396.
1288 324 1290 329 ’
1439 336 1501 411 369

236 527 320 584 curia
344 528 374 584 in
398 543 459 600 qua
483 527 635 601 plebanus
658 527 796 584 eiusdem
820 527 948 585 ecclesie
974 527 1158 598 residerent;
1182 530 1406 602 quamquidem
1430 546 1500 604 pos·

236 633 452 691 sessionariam
475 634 663 706 porcionem,
696 633 740 689 sic
771 640 804 690 ut
835 633 1033 706 premittitur,
1064 634 1102 691 ad
1135 636 1193 692 tria
1216 642 1319 693 aratra
1340 651 1373 693 se
1396 644 1500 694 exten·

236 737 358 796 dentem
383 744 413 795 et
436 740 466 796 in
491 739 545 796 lite
567 745 779 797 remanentem
802 740 832 796 in
856 740 963 797 valore
994 756 1107 798 novem
1135 757 1319 812 marcarum,
1344 742 1497 816 prefatam

237 850 339 901 autem
373 845 535 902 ecclesiam
566 845 662 902 sancti
693 845 775 902 Petri
807 846 838 902 in
871 846 976 903 valore
1009 847 1117 918 viginti
1150 849 1287 920 quinque
1316 864 1500 918 marcarum,

236 957 424 1008 memoratos
448 966 522 1008 vero
545 950 651 1008 decem
676 951 862 1023 iobagioneS‚
883 952 1056 1024 quemlibet
1070 967 1179 1009 eorum
1195 954 1225 1010 in
1243 954 1349 1011 valore
1366 954 1456 1011 unius
1472 960 1502 1011 et

236 1056 356 1129 singule
378 1072 488 1124 marce,
512 1058 585 1114 item
609 1062 787 1114 annotatam
815 1058 932 1115 curiam
955 1058 1052 1130 ipsius
1077 1058 1203 1132 plebani
1226 1059 1257 1116 in
1280 1060 1386 1116 valore
1403 1060 1498 1116 trium

237 1177 421 1230 marcarum,
445 1163 475 1219 in
500 1167 565 1219 toto
588 1161 793 1234 quadraginta
815 1167 932 1235 septem
958 1178 1077 1220 marcas
1101 1163 1246 1220 facientes
1269 1171 1391 1221 monete
1417 1163 1501 1221 vide·

236 1270 307 1326 licet
331 1285 389 1342 pro
413 1274 553 1341 tempore
576 1269 734 1338 currentis,
758 1268 852 1326 iidem
877 1270 971 1327 vestri
995 1277 1025 1325 et
1048 1271 1143 1326 nostri
1168 1270 1308 1327 homines
1332 1285 1390 1344 pro
1407 1271 1497 1327 utris·

237 1391 297 1447 que
320 1375 462 1448 partibus
483 1375 521 1432 ad
545 1375 696 1448 premissa
712 1373 897 1447 peragenda,
916 1375 964 1436 ‚sic
987 1379 1021 1431 ut
1041 1373 1219 1448 predicitur,
1236 1376 1407 1433 transmissi
1425 1391 1498 1433 una·

237 1496 306 1537 cum
333 1482 403 1538 aliis
426 1481 533 1554 probis
556 1487 586 1538 et
601 1480 760 1537 nobilibus
775 1481 860 1550 viris
877 1480 970 1537 deum
987 1488 1017 1537 et
1033 1480 1098 1537 eius
1114 1481 1265 1538 iusticiam
1282 1480 1425 1539 habendo
1446 1499 1502 1556 pre

238 1587 346 1658 oculis,
372 1588 457 1645 iuxta
480 1586 660 1644 earumdem
692 1592 792 1644 vestre
815 1586 1046 1658 magnificencie
1080 1586 1253 1644 litterarum
1277 1589 1500 1646 continenciam

237 1697 266 1749 et
291 1699 428 1750 tenorem
461 1693 535 1750 visis
565 1699 595 1750 et
625 1692 790 1764 diligenter
820 1693 938 1750 intuitis
968 1692 1049 1750 dicte
1081 1694 1236 1767 porcionis
1259 1695 1498 1767 possessionarie

238 1798 371 1871 litigiose
393 1798 580 1856 utilitatibus
603 1799 755 1855 universis
778 1798 875 1870 regali
895 1814 1040 1856 mensura
1056 1799 1272 1870 mensurando,
1295 1800 1325 1857 in
1351 1806 1503 1873 quantum

236 1910 340 1962 autem
363 1920 543 1961 mensurare
567 1904 785 1977 nequivissent,
818 1905 886 1962 visu
918 1903 1149 1976 considerando,
1180 1905 1210 1962 in
1240 1906 1346 1964 valore
1369 1905 1501 1978 quadra·

236 2010 321 2081 ginta
343 2016 463 2083 septem
486 2025 672 2080 marcarum,
697 2016 730 2066 ut
754 2010 815 2067 iam
839 2009 956 2067 dictum
987 2017 1041 2081 est,
1073 2011 1273 2068 estimassent.
1294 2011 1382 2082 Item,
1406 2011 1501 2069 iidem

238 2116 332 2173 vestri
355 2121 384 2172 et
408 2116 503 2173 nostri
528 2115 668 2172 homiues
691 2115 722 2172 in
746 2113 885 2173 dominio
907 2113 989 2172 dicte
1008 2115 1164 2188 porcionis
1179 2116 1420 2189 possessionarie
1441 2116 1502 2173 liti·

237 2222 322 2292 giose
346 2221 482 2294 prefatos
505 2227 624 2278 actores
648 2236 713 2278 esse
736 2220 915 2277 retulerunt.
951 2219 1020 2290 Sed,
1053 2221 1126 2292 quia
1156 2221 1244 2278 nulla
1267 2222 1409 2294 parcium
1433 2238 1502 2295 pre·

237 2327 389 2385 dictarum
417 2327 537 2400 aliquas
569 2328 686 2385 litteras
710 2343 804 2400 super
834 2327 991 2384 ereccione
1022 2332 1176 2384 metarum
1207 2327 1360 2384 dictarum
1383 2342 1503 2401 posses-

236 2434 357 2490 sionum
387 2434 527 2507 parcium
556 2432 736 2490 earumdem
768 2431 921 2489 confectas
952 2439 1062 2489 eotunc
1090 2433 1259 2490 voluissent
1282 2432 1502 2503 demonstrare,

237 2541 322 2597 iuxta
347 2555 480 2615 qparum
511 2539 683 2597 litterarum
715 2539 939 2596 continenciam
971 2539 1029 2610 ipsi
1060 2539 1154 2596 vestri
1186 2543 1216 2595 et
1239 2538 1336 2595 nostri
1361 2539 1500 2596 homines

238 2646 373 2703 veriores
397 2651 427 2702 et
449 2645 687 2720 apparenciores
702 2650 800 2702 metas
816 2642 969 2702 dictarum
994 2645 1223 2719 possessionum
1247 2644 1415 2702 valuissent
1431 2660 1502 2702 con·

236 2751 381 2822 siderare,
405 2751 473 2808 ideo
498 2752 558 2824 ipsi
581 2750 619 2807 de
642 2765 687 2822 eo,
715 2767 775 2823 que
799 2750 936 2824 ipsarum
962 2750 1100 2823 parcium
1124 2750 1271 2818 veriores,
1295 2751 1445 2807 cerciores
1473 2757 1503 2807 et

237 2858 473 2932 apparenciores
496 2863 593 2914 metas
617 2857 795 2914 habuissent
820 2856 947 2913 minime
979 2856 1138 2929 percipere
1169 2861 1199 2912 et
1230 2855 1424 2912 considerare
1448 2871 1502 2928 po·

237 2965 372 3022 tuissent.
400 2962 650 3036 Quibusquidem
682 2963 823 3037 partibus
853 2967 978 3018 octavas
1007 2961 1076 3018 festi
1108 2961 1352 3034 Epiphaniarum
1375 2960 1502 3020 domini.

237 3086 317 3127 nunc
330 3075 484 3139 venturas,
496 3084 601 3126 coram
615 3068 704 3125 vobis
721 3067 919 3141 comparendi
937 3082 995 3140 pro
1010 3068 1142 3125 termino
1158 3067 1370 3138 assignassent.
1387 3067 1503 3124 Datum

237 3177 345 3249 quinto
369 3175 418 3233 die
440 3175 540 3232 octavi
564 3174 624 3232 diei
649 3173 718 3231 festi
741 3174 824 3230 beati
847 3173 969 3229 Martini
993 3171 1185 3243 confessoris,
1209 3171 1386 3246 supradicti.
1415 3173 1503 3229 Anno

238 3280 355 3338 domini
380 3280 489 3337 MCCC
513 3280 712 3352 nonagesimo
735 3279 850 3352 quinto.

326 3432 465 3497 Originale
485 3432 512 3482 in
531 3432 628 3489 charta,
648 3447 663 3480 a
683 3439 759 3496 tergo
785 3437 894 3496 apparet
915 3431 1055 3496 vestigium
1081 3430 1165 3494 sigilli
1191 3430 1352 3495 capitularis.
1380 3429 1409 3479 ln
1429 3431 1501 3479 arch.

239 3520 284 3570 lib.
305 3537 359 3586 reg.
380 3521 451 3570 civit.
472 3521 576 3586 zagrab.

827 3785 915 3853 386.

344 3949 419 3997 Anno
441 3948 515 4009 1396,
534 3948 557 3998 8.
578 3946 647 3996 maii.
668 3945 820 4012 Zagrabiae.

237 4091 375 4149 Detricus
398 4093 497 4149 Buhelr
519 4093 610 4150 baneas
633 4095 663 4150 in
686 4111 774 4151 causa
796 4092 831 4152 de
853 4095 932 4151 mette
950 4094 1023 4151 cibes
1045 4091 1218 4151 Grechenses
1233 4093 1310 4149 inter
1323 4097 1351 4148 et
1364 4089 1502 4164 quosdam

234 4205 406 4270 possessores
428 4199 458 4255 in
488 4199 592 4274 Omisit
607 4200 744 4274 portibus
766 4199 809 4256 ad
827 4200 964 4258 t‘udicium
986 4198 1168 4273 comparendi
1186 4199 1337 4256 termr'num
1351 4197 1502 4271 praefigit.

326 4341 389 4398 Nos
413 4343 555 4400 Detricus
580 4342 693 4413 Bubelr,
710 4345 796 4416 regni
820 4342 982 4401 Sclauonie
1005 4343 1112 4400 banus.
1128 4343 1247 4399 Damus
1262 4355 1321 4414 pro
1341 4340 1502 4407 memoria,

239 4447 322 4519 quod
348 4463 481 4517 causam,
506 4464 601 4521 quam
625 4449 725 4520 iudex,
750 4450 841 4507 iurati
864 4455 894 4506 et
916 4449 1052 4506 universi
1075 4449 1158 4506 cives
1183 4447 1297 4505 montis
1319 4444 1504 4504 Grechensis

164 4543 167 4550 ’
238 4568 295 4625 pro
319 4554 432 4626 quibus
449 4553 560 4610 Gallus
577 4555 742 4626 ilungarus
757 4571 828 4612 cum
844 4554 1065 4629 procuratoriis
1081 4553 1193 4611 litteris
1210 4549 1393 4610 eorumdem
1408 4550 1505 4607 astitit

239 4666 344 4716 contra
368 4659 564 4731 Gregorium,
588 4660 758 4731 Georgium
789 4667 819 4718 et
848 4661 974 4717 Petrum
997 4659 1080 4717 filios
1108 4658 1233 4716 Martini
1262 4655 1301 4713 de
1329 4655 1447 4727 Oresya
1474 4662 1505 4712 et

239 4764 372 4822 Paulum
388 4781 424 4822 ac
441 4766 533 4831 iwan,
550 4765 632 4824 filios
655 4765 820 4839 Sugouicb‚
836 4767 1040 4840 personaliter
1056 4763 1317 4838 comparentibus,
1332 4761 1419 4819 iuxta
1433 4776 1504 4819 con-

1365 4887 1400 4939 24
