3488 5242
273 339 336 415 446
695 339 843 398 Addenda.
871 373 907 383 -
932 340 989 400 Ari.
1013 337 1104 420 (μά

272 540 484 598 strumentalis
506 539 671 610 exhibicio,
703 555 798 612 quam
828 544 958 614 utreque
983 544 1087 615 partes
1117 558 1211 616 super
1241 543 1376 617 allegata
1397 545 1538 617 ipsorum

272 651 433 717 prenotata
446 652 554 704 contra
576 660 609 703 se
632 645 766 703 invicem
785 646 900 704 habere
916 645 1108 714 indicassent,
1130 649 1224 706 simul
1240 665 1313 707 cum
1327 650 1396 708 aliis
1412 650 1536 709 duabus

272 751 368 824 ipsius
391 752 520 825 capituli
543 752 752 823 zagrabiensis
778 753 907 810 ecclesie
937 753 1037 810 causis
1067 769 1162 826 super
1185 753 1265 812 facto
1289 754 1435 814 videlicet
1458 773 1535 830 qua-

175 891 177 905 ·
270 857 415 914 rumdam
438 858 570 915 aliarum
594 863 764 927 terrarum;
795 859 870 916 item
900 872 994 931 super
1017 856 1099 915 facto
1122 859 1282 917 cuiusdam
1306 861 1423 932 tributi,
1447 863 1532 934 quod

269 961 308 1019 de
330 962 449 1020 salibus
472 969 502 1021 et
525 963 564 1020 de
587 980 657 1021 cera
676 964 852 1036 exigeretur
874 969 904 1021 et
927 963 1012 1036 quod
1036 965 1095 1038 ipsi
1118 965 1202 1022 cives
1225 972 1332 1024 contra
1354 966 1533 1027 libertatem

269 1067 366 1140 ipsius
389 1068 517 1126 ecclesie
539 1070 668 1143 propria
691 1070 830 1143 ipsorum
854 1084 926 1126 cum
945 1071 1086 1142 potencia
1102 1071 1336 1142 constituissent,
1357 1070 1532 1142 declaratis,

269 1173 355 1230 iuxta
374 1175 598 1233 continenciam
621 1176 795 1233 litterarum
819 1174 937 1232 domini
961 1174 1117 1249 Stephani,
1140 1191 1221 1234 nunc
1244 1176 1387 1248 voyuode
1410 1180 1533 1236 transil-

269 1280 350 1348 vani,
374 1286 446 1338 tunc
461 1296 537 1339 vero
553 1283 694 1354 magistri
709 1283 963 1340 thavamicorum
977 1282 1131 1354 regalium
1147 1281 1187 1339 ad
1208 1289 1333 1340 octavas
1349 1282 1419 1342 festi
1434 1287 1533 1344 sancti

270 1385 428 1443 Michaelis
451 1388 628 1460 archangeli
655 1394 837 1462 prorogata;
868 1402 887 1444 a
917 1387 1160 1460 quibusquidem
1190 1389 1308 1445 octavis
1336 1388 1417 1447 dicta
1440 1406 1532 1450 causa

269 1505 326 1563 per
347 1491 479 1550 eundem
501 1494 686 1566 magistrum
707 1492 900 1567 Stephanum
929 1497 1058 1567 propter
1087 1494 1243 1552 sociorum
1272 1509 1401 1553 suorum
1422 1512 1529 1555 secum

268 1596 475 1656 iudicancium
508 1600 695 1673 paucitatem
722 1605 752 1657 et
782 1600 879 1673 ipsius
903 1616 994 1658 cause
1025 1599 1211 1659 arduitatem
1242 1600 1282 1657 ad
1313 1608 1438 1660 octavas
1462 1602 1532 1662 sesti

269 1703 490 1776 penthecostes,
514 1713 586 1763 tunc
608 1696 767 1776 affuturas,
795 1720 875 1764 anno
898 1705 1016 1763 domini
1037 1705 1216 1779 supradicto
1253 1714 1283 1764 et
1314 1706 1424 1766 deinde
1456 1708 1531 1767 diri·

269 1816 358 1880 geute
392 1810 534 1868 altissimi
568 1812 736 1870 clemencia
766 1817 796 1870 et
830 1811 1081 1869 excellentissimi
1115 1811 1265 1885 principis
1289 1812 1445 1883 Lodouici‚
1480 1813 1530 1872 dei

268 1915 372 1986 gracia
394 1916 475 1989 regis
498 1917 665 1990 Huugarie,
688 1917 857 1975 dileccioue
879 1932 936 1974 nos
959 1916 999 1974 ad
1022 1917 1173 1974 honorem
1196 1917 1270 1975 dicti
1294 1920 1463 1992 magisterii
1487 1927 1531 1977 ta·

269 2022 442 2080 vomicatus
464 2024 652 2082 sublimante
675 2023 714 2081 ad
745 2031 870 2081 octavas
899 2021 969 2080 festi
999 2023 1081 2079 beati
1112 2023 1271 2081 Michaelis
1294 2025 1474 2097 archangeli
1499 2026 1529 2085 in

267 2140 347 2184 anno
369 2127 488 2187 domini
510 2130 677 2187 MCCCXL
691 2135 811 2203 quarto.
833 2137 864 2187 et
885 2129 926 2186 ab
941 2128 990 2186 his
1005 2127 1044 2185 ad
1060 2133 1185 2186 octavas
1201 2127 1271 2186 festi
1284 2129 1530 2203 Epiphaniarum

267 2233 479 2293 dominicum
504 2236 603 2296 tribus
625 2237 746 2294 iudiciis
768 2236 927 2309 regalibus
957 2234 987 2292 in
1019 2234 1082 2291 iam
1115 2233 1205 2292 dictis
1228 2235 1329 2292 tribus
1351 2237 1451 2294 causis
1473 2254 1532 2311 per

267 2343 370 2416 ipsum
391 2343 564 2416 capitulum
587 2349 656 2400 ante
679 2343 743 2400 litis
766 2343 938 2415 ingressum
962 2356 1008 2411 e0,
1037 2339 1122 2412 quod
1145 2344 1327 2414 procurator
1350 2340 1425 2400 dicti
1448 2345 1529 2416 capi·

267 2448 325 2506 tuli
348 2449 467 2506 nullam
491 2450 613 2522 penitus
634 2449 802 2521 assignavit
827 2429 992 2517 racionem,
1008 2446 1092 2519 ipsas
1108 2461 1223 2518 causas,
1246 2451 1280 2503 ut
1302 2452 1396 2518 actor,
1419 2463 1530 2521 proro-

267 2568 340 2625 gare
363 2555 514 2612 voluisset
536 2553 727 2628 deponendis
749 2558 855 2611 contra
878 2552 1015 2626 hospites
1040 2556 1224 2624 prenotatos‚
1248 2550 1456 2609 mediantibus
1480 2553 1532 2610 lit·

267 2659 340 2716 teris
361 2646 474 2719 nostris
495 2659 627 2717 deducta
650 2665 679 2717 et
701 2658 848 2728 deventa;
869 2674 887 2716 a
917 2658 1040 2731 quibus,
1064 2657 1103 2714 de
1126 2657 1268 2730 parcium
1291 2658 1360 2730 pari
1383 2672 1531 2732 procura·

266 2771 369 2821 torurn
393 2766 560 2835 voluntate,
577 2770 657 2823 statu
673 2765 703 2823 iu
720 2764 829 2823 eodem
853 2764 892 2822 ad
915 2768 1040 2822 octavas
1056 2761 1126 2820 festi
1148 2763 1231 2820 beati
1251 2762 1379 2836 Georgii
1394 2765 1531 2823 martiris

262 2871 293 2929 in
316 2886 395 2929 anuo
419 2871 538 2929 domini
560 2869 726 2928 MCCCXL
748 2871 864 2944 quinto,
897 2870 1041 2927 similiter
1071 2875 1143 2926 tunc
1166 2869 1325 2939 affuturas,
1353 2884 1426 2925 cum
1450 2868 1529 2927 iudi·

262 2979 316 3036 ciis
339 2978 410 3036 hinc
433 2985 463 3036 et
486 2977 557 3036 iude
580 2977 727 3035 videlicet
761 2992 816 3050 per
846 2981 951 3050 partes
981 2974 1174 3049 supradictas
1206 2974 1397 3048 deponendis
1421 2990 1530 3048 proro-

262 3089 341 3156 gata,
365 3083 404 3141 de
427 3085 541 3157 quibus
564 3084 605 3141 ob
636 3090 818 3157 preceptum
850 3082 1043 3139 serenissime
1075 3080 1258 3153 principisse
1281 3079 1406 3138 domine
1431 3081 1529 3138 liliza·

263 3191 335 3247 beth
367 3190 475 3247 eadem
499 3189 549 3248 dei
580 3191 684 3263 gracia
713 3189 817 3261 regine
840 3187 1007 3259 Hungarie,
1039 3185 1077 3242 ad
1102 3191 1227 3243 octavas
1258 3185 1327 3244 festi
1357 3187 1529 3245 nativitatis

262 3297 344 3354 beati
366 3297 515 3379 Johanuis
538 3297 672 3370 baptiste
703 3302 784 3351 statu
815 3295 847 3351 in
876 3291 987 3349 eodem
1017 3300 1046 3349 et
1077 3307 1149 3348 cum
1180 3291 1296 3350 eisdem
1319 3291 1440 3350 iudiciis
1463 3293 1529 3350 sine

261 3404 471 3461 excresceucia
494 3401 684 3476 deponendis
714 3401 844 3458 detenta
876 3406 905 3457 et
937 3400 977 3456 ab
1002 3397 1119 3455 eisdem
1142 3397 1182 3454 ad
1213 3405 1338 3455 octavas
1363 3397 1432 3456 festi
1457 3400 1530 3473 Epi-

263 3510 447 3582 phaniarum
471 3509 589 3566 domini
612 3509 642 3566 in
666 3524 745 3565 anno
768 3506 906 3564 eiusdem
931 3503 1096 3561 MCCCXL
1119 3510 1214 3573 sexto,
1238 3504 1360 3562 racione
1376 3505 1529 3562 exercitus

264 3615 445 3687 preallegati
469 3613 586 3672 domini
610 3615 706 3671 nostri
729 3614 818 3685 regis.
843 3626 936 3684 quem
961 3616 1032 3667 tunc
1054 3609 1093 3665 ad
1117 3609 1279 3666 Croaciam
1310 3609 1363 3667 diu
1386 3626 1404 3666 a
1427 3610 1526 3681 regali

262 3720 381 3777 dicione
404 3721 569 3778 alienatam
592 3726 623 3777 et
646 3719 772 3776 domino
796 3716 980 3775 concedente
1009 3731 1063 3772 sue
1095 3715 1208 3787 regalis
1233 3715 1417 3773 excellencie
1443 3722 1529 3788 pote·

262 3826 331 3882 stati
362 3832 392 3883 et
423 3820 456 3882 ut
486 3825 524 3884 de
555 3827 621 3883 iure
651 3824 794 3894 debebat,
826 3813 1065 3901 iu1·is(diccione)
1097 3826 1237 3894 potenter
1267 3821 1467 3894 subiugatam
1499 3829 1530 3880 et

261 3937 454 4004 reoptentam
477 3933 635 4001 habuerat,
660 3931 811 3988 extitisset
840 3936 1014 4003 prorogata.
1046 3928 1186 3985 Tandem
1217 3929 1293 4002 ipsis
1316 3929 1434 3986 oetavis
1458 3927 1529 3986 festi

261 4037 505 4111 Epiphaniarum
529 4037 647 4096 domini
670 4037 910 4104 occurrentibus,
934 4033 1009 4091 dum
1034 4033 1159 4091 Nikolet
1193 4033 1350 4107 quondam
1374 4033 1467 4091 iudex
1490 4033 1530 4091 de

261 4141 362 4200 Grech
386 4149 416 4200 et
438 4144 523 4227 Jaxe,
545 4161 626 4201 nunc
650 4143 732 4201 cives
756 4143 846 4200 iurati
870 4140 908 4198 de
940 4140 1057 4210 eadem,
1082 4148 1146 4197 tam
1178 4155 1236 4213 pro
1259 4155 1292 4197 se
1315 4140 1530 4213 personaliter,

260 4264 355 4320 quam
379 4265 449 4306 cum
474 4249 693 4322 procuratoriis
716 4249 827 4305 litteris
850 4246 1033 4304 eorumdem
1048 4247 1208 4319 hospitum
1233 4260 1290 4319 pro
1314 4244 1445 4303 Stanech
1469 4245 1531 4302 vil·

260 4355 329 4425 lico,
352 4356 478 4438 Jacob0,
501 4355 630 4425 Thoma‚
654 4353 720 4411 filio
737 4353 925 4422 Wielanich3
941 4353 1094 4422 chheta,
1113 4352 1199 4420 Alen,
1219 4350 1355 4421 Strosak‚
1376 4351 1529 4408 Michaele

260 4460 342 4518 dicto
365 4460 495 4518 Lebhud
518 4467 549 4518 et
572 4461 671 4531 Petro,
689 4460 771 4518 dicto
789 4460 915 4531 Pulyan,
932 4459 1047 4528 iuratis,
1064 4473 1197 4544 necnon
1216 4459 1369 4516 universis
1385 4457 1529 4549 cohospi-

259 4565 343 4622 tibus
365 4566 428 4622 suis
452 4565 490 4622 de
513 4565 622 4623 eadem
638 4565 739 4624 Grech
756 4557 919 4642 (nostrum)
935 4563 1082 4620 adeuntes
1104 4555 1298 4622 iudiciarium
1325 4550 1527 4636 conspectum

260 4685 292 4726 se
313 4678 343 4729 et
366 4671 465 4729 dictos
488 4673 624 4745 hospites
648 4687 704 4746 per
728 4672 791 4729 iam
813 4670 930 4728 dictum
954 4669 1127 4743 capitulum
1149 4670 1181 4727 in
1204 4683 1330 4726 causam
1347 4668 1455 4725 multis
1478 4683 1529 4725 re·

259 4778 384 4835 troactis
407 4778 601 4851 temporibus
616 4777 799 4836 indicantes:
823 4777 848 4834 si
872 4777 942 4850 quis
959 4791 1016 4849 pro
1031 4775 1143 4833 eodem
1158 4775 1295 4850 capitulo
1312 4772 1525 4847 comparando
