3488 5242
241 320 305 378 440
605 298 758 372 Exoetpta
781 317 795 354 e
817 300 928 355 coaevis
949 297 1137 371 scrmton'bus.

242 512 317 570 pum
343 495 575 570 postulandum,
599 497 653 568 qui
675 503 746 554 tunc
770 498 920 570 temporis
941 496 1059 569 Spalcti
1091 495 1273 552 morabatur
1295 537 1483 550 .......

243 603 411 674 Regressus
444 608 546 658 autem
580 602 738 674 Zagrabia.
761 602 845 659 misit
867 602 903 658 ad
929 616 1090 660 romanam
1114 599 1218 657 sedem
1242 613 1300 672 pro
1316 614 1389 654 suae
1400 605 1506 671 postu·

245 708 368 765 lationis
391 707 565 782 expetendo
589 724 720 765 assensu.
738 707 796 766 Sed
819 715 889 765 tunc
905 708 1054 781 temporis
1078 711 1200 764 mortuo
1217 706 1315 763 bonae
1338 704 1506 761 memoriae

241 808 392 885 Gregorio
416 829 506 887 papa,
532 813 611 870 facta
635 825 680 870 est
703 813 852 871 dissensio
876 815 954 870 inter
977 811 1155 882 cardinales,
1187 812 1237 881 ita,
1261 815 1295 868 ut
1325 810 1505 881 subrogatio

241 920 355 976 summi
379 919 534 992 pontificis
559 919 636 975 foret
661 918 758 975 ferme
782 919 906 976 biennio
930 918 1089 989 protelata.
1113 915 1163 973 Sic
1187 931 1260 988 ergo
1284 930 1376 972 causa
1403 914 1505 971 electi-

244 1026 310 1081 onis
335 1025 430 1098 ipsius
454 1026 601 1098 episcopi,
626 1031 689 1081 toto
712 1025 769 1081 illo
792 1032 932 1097 tempore
955 1023 1192 1080 indeterminata
1208 1011 1407 1095 permansit¹
1438 1067 1443 1077 .
1468 1066 1473 1076 .
1498 1066 1503 1076 .

241 1175 247 1186 .
274 1174 280 1186 .
305 1175 311 1186 .
335 1175 341 1185 .
365 1130 421 1187 His
443 1145 577 1202 namque
601 1130 796 1203 temporibus
819 1129 1024 1200 zagrabiensis
1041 1129 1204 1201 episcopus
1224 1127 1408 1200 praedictus,
1433 1127 1505 1183 mis·

241 1250 273 1291 sa
298 1236 448 1292 relatione
471 1235 510 1292 ad
535 1250 694 1292 romanam
719 1235 824 1292 sedem
852 1235 1007 1291 nitebatur
1032 1235 1171 1291 obtinere
1195 1248 1266 1289 suae
1290 1232 1506 1305 postulationis

241 1356 400 1397 assensum
423 1356 494 1398 cum
524 1341 710 1412 quibusdam
732 1340 967 1410 conditionibus,
981 1355 1058 1411 quas
1069 1339 1232 1395 admittere
1249 1338 1346 1395 noluit
1363 1337 1506 1394 dominus

247 1445 438 1503 Innocentius
454 1463 555 1520 nuper
569 1445 607 1503 ad
625 1462 781 1504 summam
804 1446 907 1504 sedem
925 1445 1128 1519 apostolicam
1141 1445 1334 1501 sublimatus.
1348 1444 1504 1515 Quamob

246 1569 312 1610 rem
345 1552 445 1609 dictus
476 1554 639 1626 episcopus
671 1553 754 1611 misit
777 1551 939 1627 Spaletum
968 1559 997 1608 et
1020 1552 1209 1609 renunciavit
1240 1552 1440 1625 postulationi
1468 1551 1506 1608 de

245 1674 277 1714 se
302 1658 406 1726 factae,
430 1658 506 1715 dans
531 1660 684 1717 licentiam
709 1659 747 1716 de
771 1674 902 1732 persona
926 1659 986 1714 alia
1016 1647 1229 1731 providendi&
1247 1670 1275 1702 '-

337 1790 344 1820 ¹
363 1792 476 1842 Thomas
495 1793 596 1843 archid.
616 1795 634 1843 l.
654 1810 676 1842 e.
695 1808 752 1859 cap.
771 1793 843 1844 XLI.

250 1947 257 1953 ·
332 1878 431 1931 '²1bid.
451 1896 471 1930 e.
493 1881 578 1932 XLV.
598 1911 629 1918 -
651 1882 726 1945 joan.
747 1881 832 1940 Lucii,
852 1880 869 1934 l.
890 1898 911 1933 c.
931 1898 963 1947 p„
976 1887 1081 1960 ,nsitct
1100 1885 1157 1940 361.

852 2165 890 2230 4.

347 2271 421 2318 ,lnno
445 2272 623 2328 lculi-1262.

442 2380 607 2471 'Philippus
623 2400 702 2470 episc.
727 2399 844 2471 zogrob.
866 2407 996 2456 castrum
1021 2400 1146 2456 Medera!
1165 2398 1304 2472 acdificat.

328 2561 408 2617 Huic
431 2555 460 2637 (i.
485 2576 508 2617 e.
532 2559 688 2633 Stephano
713 2562 747 2619 ll.
776 2562 922 2635 episcopo
950 2535 1152 2631 zagrabiensit
1184 2563 1327 2618 successit
1359 2561 1503 2618 dominus

241 2666 413 2740 Philippus
438 2666 476 2723 de
500 2683 561 2738 quo
585 2667 691 2740 plures
715 2669 776 2725 iam
800 2668 1002 2725 recordantur
1024 2676 1054 2725 et
1077 2669 1134 2726 suit
1157 2669 1340 2741 sollempnis
1365 2684 1503 2740 persona.

242 2772 301 2828 Hic
325 2773 406 2829 bono
430 2772 497 2829 zelo
521 2771 631 2829 ductus
655 2773 811 2831 edificavit
834 2781 968 2831 castrum
994 2775 1102 2832 Medue
1126 2791 1182 2848 pro
1206 2774 1415 2831 conservando
1440 2775 1504 2831 the·

240 2894 333 2934 zauro
358 2879 484 2935 ecclesie
508 2885 592 2936 metu
616 2879 847 2950 Thartarorum‚
872 2883 944 2953 quia
967 2881 1067 2939 adhuc
1089 2897 1150 2938 non
1177 2887 1242 2938 erat
1258 2888 1379 2938 murata
1394 2881 1503 2937 civitas

239 3000 292 3040 seu
316 2991 451 3042 castrum
479 2984 631 3042 Grecense
633 3032 788 3044 ......
789 3014 792 3020 ·

332 3121 351 3168 h]
373 3121 462 3169 codiee
486 3122 660 3173 membraneo,
677 3123 762 3182 „liber
781 3126 944 3172 acclau·nt11s“
967 3124 1046 3173 dicto.
1071 3125 1095 3171 in
1114 3125 1221 3173 archivo
1240 3138 1295 3172 cen.
1316 3124 1386 3187 capii
1414 3138 1502 3184 zogra-

240 3210 346 3259 bicnsis.
369 3238 399 3247 -
419 3210 494 3274 Joan.
514 3211 637 3261 Tkaliic:
657 3213 825 3262 hlonumcnta
843 3212 922 3277 episc.
942 3214 1126 3276 zagrabicnsis,
1145 3215 1197 3263 vol.
1218 3213 1249 3261 ll.
1270 3227 1330 3276 pag.
1349 3215 1373 3260 h.

854 3533 887 3596 5.

346 3657 420 3703 :luno
441 3665 513 3711 1300.
534 3670 619 3703 menso
639 3658 767 3720 Augusto.

288 3785 409 3840 (litoius
431 3784 570 3840 Robcrtos
586 3804 667 3856 regni
692 3787 869 3857 Hungorr'ac
884 3789 1046 3858 rerrrrpirmd'
1059 3790 1160 3856 gralia
1179 3788 1355 3857 Zogmrbrirm
1372 3789 1454 3843 ro'rrr'l.

326 3947 416 4002 Anno
440 3945 557 4004 domini
575 3947 691 4006 MCCC.
709 3966 813 4006 mense
831 3952 977 4019 Augusto.
1003 3957 1143 4022 tempore
1161 3949 1305 4006 Bonifacii
1324 3968 1430 4025 papae.
1445 3951 1498 4006 do-

236 4054 338 4109 minus
362 4053 493 4110 Carolus
513 4071 609 4127 nepos
633 4056 738 4113 Caroli
761 4058 842 4128 regis
866 4056 987 4113 Siciliae
1012 4073 1066 4130 per
1099 4073 1183 4114 mare
1207 4074 1277 4114 cum
1299 4061 1396 4130 galeis
1422 4058 1499 4131 Spa-

238 4159 334 4215 letum
362 4160 520 4232 applicuit,
545 4162 598 4217 ubi
621 4177 677 4234 per
701 4178 837 4219 mensem
865 4164 915 4218 vel
948 4162 1011 4219 t'erc
1044 4163 1120 4219 duos
1151 4165 1240 4221 stetit.
1272 4166 1499 4238 Egrediensquc

240 4264 278 4321 de
301 4267 424 4322 civitate
441 4265 566 4338 ,Spalati
591 4268 621 4325 in
641 4269 786 4328 comitatu
812 4269 899 4326 Pauli
923 4270 995 4325 bani
1019 4285 1126 4325 versus
1158 4271 1326 4341 Vngariam
1349 4271 1387 4327 ad
1413 4289 1499 4330 usur-

241 4371 379 4443 pandum
404 4388 533 4444 regnum
557 4374 749 4447 praedictum
771 4375 809 4431 de
825 4391 916 4431 manu
941 4375 1021 4446 regis
1040 4375 1188 4445 Andreae,
1209 4379 1291 4433 venit
1315 4377 1497 4450 Sagrabiam

234 4482 265 4532 et
288 4477 333 4533 ibi
356 4477 386 4534 in
410 4479 553 4535 manibus
576 4480 715 4552 magistri
739 4481 870 4552 Hugrini
893 4482 1032 4541 traditur.

326 4627 430 4678 hlichac
449 4630 533 4679 Madii
553 4631 585 4680 dc
604 4631 770 4690 Barbazanis,
791 4632 902 4683 historia
921 4636 953 4683 dc
972 4636 1053 4699 gestis
1074 4636 1253 4686 Romanorum
1268 4637 1458 4702 imperatorum
1472 4646 1497 4689 ct

238 4731 400 4766 summorum
418 4718 581 4783 pontificum.
601 4749 632 4757 -
651 4717 728 4784 Joan.
747 4720 834 4775 Lucii.
854 4723 872 4772 l.
892 4737 913 4772 c.
932 4738 993 4788 pag.
1013 4731 1072 4782 371.
1092 4739 1114 4774 c.
1132 4723 1180 4775 111.
