3488 5242
599 297 671 354 Dor.
696 292 766 373 138.
790 309 858 372 139.
880 329 915 339 -
935 296 990 354 An.
1014 307 1101 373 1327.
1424 312 1480 354 121

220 404 469 411 ...-—.-.-—-——-—
482 402 815 409 .————..—-...-.-.--
853 403 869 407 -
879 403 966 408 --.-
985 402 1201 409 --·--—-——-
1213 401 1483 409 ———-

809 490 892 555 138.

323 614 399 661 Anno
422 621 495 670 1337,
515 624 555 674 24.
575 612 655 678 Junii.
676 613 705 662 In
725 614 787 662 Alto
808 612 904 677 lapide.

267 741 363 797 Mikic'
380 742 465 797 totius
490 740 646 798 Sluuomac
667 741 767 810 burrus,
790 742 915 814 episcopo
936 742 1052 814 augrub.
1077 743 1190 816 eiusque
1208 743 1446 815 procuratoribus

413 847 534 904 ricuinus
557 866 576 903 o
598 848 744 920 quibusvis
766 854 863 903 exucta
885 847 1035 904 soluendus
1057 867 1123 916 esse,
1142 848 1291 920 praecutit.

310 991 421 1064 llykch
446 993 545 1049 tocius
568 991 731 1048 Sclavonie
757 991 861 1048 banus.
886 991 985 1049 Fideli
1008 1007 1064 1048 suo
1087 993 1236 1064 magistro
1254 991 1420 1065 Stephano,
1435 1008 1485 1050 co

224 1098 290 1155 miti
315 1098 451 1155 crisiensi
475 1097 608 1154 salutem
638 1104 668 1153 et
698 1096 899 1154 dileccionem
931 1098 1090 1154 sinceram.
1115 1097 1194 1154 Cum
1218 1097 1362 1154 dominus
1386 1104 1489 1155 noster

222 1222 276 1262 rex
293 1211 356 1261 tam
375 1204 542 1261 verbaliter
559 1219 652 1275 quam
669 1203 836 1277 literatorie
853 1219 923 1259 cum
940 1203 1118 1260 hominibus
1133 1204 1197 1260 suis
1213 1209 1334 1261 nostros
1350 1204 1490 1261 homines

221 1324 279 1382 pro
304 1308 463 1381 exigendis
486 1308 614 1365 decimis
638 1308 668 1365 in
691 1309 792 1380 specie
816 1308 847 1365 in
871 1307 1012 1380 dyoecesi
1028 1309 1226 1382 episcopatus
1243 1309 1370 1366 ecclesie
1386 1324 1490 1382 zagra·

223 1415 335 1472 biensis
367 1414 538 1471 venerabili
563 1415 593 1470 in
617 1413 740 1471 Christo
765 1415 843 1487 patri
868 1420 899 1471 et
919 1414 1054 1481 domine,
1074 1413 1201 1471 domino
1226 1413 1370 1470 Ladislao
1396 1413 1444 1470 dei
1461 1421 1490 1471 et

222 1521 391 1594 apostolica
415 1520 519 1591 gracia
542 1518 623 1576 dicte
646 1520 774 1576 ecclesie
797 1520 1004 1592 zagrabiensis
1032 1520 1187 1592 episcopa,
1209 1520 1361 1592 compatri
1386 1525 1490 1576 nostro

222 1625 395 1694 karissim0,
412 1626 673 1698 provenientibus,
693 1641 826 1682 unacum
852 1625 1104 1699 procuratoribus
1127 1624 1266 1682 eiusdem
1291 1623 1409 1682 domini
1425 1626 1489 1698 epi·

222 1732 307 1803 scopi
331 1729 369 1787 ad
388 1731 445 1787 hoc
466 1730 657 1804 deputandis,
674 1732 796 1798 tociens,
814 1731 955 1803 quotiens
971 1729 1139 1803 expediens
1156 1728 1248 1786 fuerit
1263 1729 1426 1801 destinare,
1443 1730 1488 1803 ip·

222 1853 332 1909 sasque
348 1836 484 1893 decimas
500 1853 517 1892 a
534 1837 696 1908 quibusvis
713 1843 817 1904 status,
834 1835 1030 1906 condicionis,
1047 1835 1204 1907 dignitatis
1220 1843 1249 1893 et
1266 1837 1491 1909 preeminencie

224 1943 402 2000 hominibus
427 1944 457 1999 in
481 1942 562 1999 dicta
586 1943 735 2014 dyoecesi‚
758 1943 954 2015 episcopatus
970 1942 1142 2012 memorati,
1159 1942 1339 2011 constitutis,
1357 1957 1417 2000 non
1436 1945 1492 2000 ob·

223 2056 321 2106 stante
345 2050 484 2122 ipsorum
502 2064 598 2122 prava
617 2055 646 2105 et
662 2049 792 2105 abusiva
809 2050 956 2105 hactenus
971 2048 1077 2105 habita
1097 2047 1325 2118 consuetudine,
1345 2049 1374 2106 in
1391 2050 1492 2122 specie

224 2171 279 2228 per
295 2154 393 2211 dictos
409 2155 550 2211 homines
567 2171 639 2211 suos
654 2162 684 2210 et
700 2160 829 2221 nostros,
846 2169 901 2210 sua
918 2154 1002 2226 regia
1018 2154 1199 2211 auctoritate
1217 2154 1313 2227 recipi
1331 2154 1431 2212 lacere
1448 2156 1493 2214 in.

224 2267 308 2332 tegre
325 2269 355 2316 et
369 2261 460 2332 plene
473 2260 553 2331 exigi
566 2276 583 2316 a
596 2259 678 2317 dicto
692 2259 817 2316 domino
830 2261 977 2332 episcopo
989 2267 1018 2315 et
1030 2260 1093 2315 suis
1109 2259 1363 2332 procuratoribus
1375 2262 1493 2334 absque

224 2366 451 2423 diminuacione
474 2366 602 2438 aliquali
626 2367 772 2439 assignari
798 2366 930 2423 firmiter
953 2365 1073 2422 dederit
1096 2366 1127 2423 in
1158 2366 1327 2438 preceptis;
1352 2366 1494 2425 fidelitati

226 2478 326 2529 vestre
351 2472 555 2545 precipientes
580 2472 772 2543 mandamus,
797 2478 948 2545 quatenus
970 2472 1049 2529 detis
1071 2474 1211 2530 homines
1235 2478 1353 2530 vestros
1370 2475 1493 2545 tociens,

227 2579 372 2650 quociens
395 2578 541 2649 expedire
565 2578 723 2635 videbitur
750 2578 788 2634 ad
819 2579 959 2635 homines
988 2579 1071 2651 regie
1103 2578 1280 2649 maiestatis,
1303 2579 1334 2635 in
1360 2594 1494 2652 quorum

227 2683 386 2756 presencia
410 2684 475 2756 ipse
498 2683 618 2741 decime
641 2684 671 2741 in
695 2684 776 2742 dicta
800 2684 941 2756 dyoecesi
965 2685 1161 2757 episcopatus
1191 2685 1398 2756 zagrabiensis
1430 2687 1493 2743 exi·

225 2796 338 2846 stentes
362 2789 390 2845 in
413 2790 514 2862 specie
535 2798 564 2846 et
590 2791 687 2847 eciam
712 2791 865 2848 mediante
888 2790 1013 2858 auxilio,
1030 2791 1055 2847 si
1079 2806 1159 2864 opus
1176 2790 1276 2860 luerit,
1302 2806 1356 2863 per
1380 2807 1490 2865 procu-

226 2902 342 2951 ratores
366 2894 494 2968 predicti
519 2895 636 2953 domini
668 2895 801 2953 Ladislai
835 2897 982 2969 episcopi,
1006 2897 1175 2970 compatris
1206 2897 1302 2953 nostri
1326 2895 1490 2967 karissimi,

226 3000 326 3061 eidem
350 3000 477 3058 domino
500 3002 646 3075 episcopo
669 3003 700 3058 in
724 3002 808 3059 horis
831 3011 861 3058 et
885 3003 1033 3071 terminis,
1057 3003 1171 3074 quibus
1194 3003 1271 3059 alias
1294 3003 1325 3059 in
1349 3002 1491 3074 dyoecesi

225 3106 528 3180 archiepiscoporum
554 3116 583 3164 et
606 3109 825 3181 episcoporum
849 3108 934 3179 regni
960 3108 1093 3180 Vngarie
1117 3115 1278 3165 consveter
1301 3107 1441 3166 dicentur
1463 3116 1493 3166 et

226 3228 243 3266 a
268 3212 409 3283 quolibet
432 3213 461 3269 in
486 3214 587 3286 specie
610 3214 798 3286 recipiantur
820 3230 856 3270 ac
880 3214 971 3286 plene
994 3222 1023 3271 et
1047 3215 1164 3286 integre
1184 3215 1301 3286 absque
1317 3215 1424 3287 aliqua
1449 3215 1495 3273 di·

227 3319 400 3374 minucione
423 3319 591 3390 exigantur.
617 3319 708 3376 Aliud
733 3320 759 3376 si
783 3326 886 3376 nostra
910 3319 1035 3376 dilectio
1059 3321 1148 3377 vobis
1180 3321 1282 3394 placet
1311 3319 1410 3378 iacere
1434 3337 1495 3380 non

227 3423 338 3479 ausuri.
363 3423 477 3480 Datum
503 3425 532 3480 in
557 3424 629 3481 Alto
655 3424 767 3497 lapide,
799 3425 829 3481 in
854 3424 932 3481 festo
956 3425 1037 3482 beati
1066 3425 1214 3508 johannis
1239 3425 1379 3497 baptiste.
1405 3429 1496 3484 Anno

228 3527 344 3584 domini
370 3529 399 3583 ll
424 3530 639 3586 trecentesimo
663 3530 720 3585 XX
743 3531 884 3603 septimo

315 3645 337 3693 E
361 3645 432 3694 libro
452 3645 575 3711 privileg.
596 3656 707 3711 eppatus
725 3648 829 3712 zagrab.
850 3647 894 3697 iol.
915 3658 955 3697 20.
975 3647 1005 3697 in
1025 3647 1135 3698 archivo
1154 3648 1308 3714 archiepisc.
1328 3649 1433 3713 zagrab.

816 3842 901 3908 1³9.

333 3966 409 4011 Anno
432 3972 506 4021 1327.
529 3974 566 4022 13.
586 3965 661 4031 Julii.
682 3964 711 4013 ln
732 3966 786 4014 alto
807 3965 903 4030 lapide.

300 4092 422 4147 Cirrolus
445 4091 620 4163 Iluugurriic
643 4100 690 4150 etc.
713 4112 776 4163 rex,
798 4094 906 4151 civibus
933 4095 1140 4154 Grecluusibus
1162 4097 1283 4155 desinaus
1306 4098 1432 4169 episcopo

558 4201 685 4271 rugrub,
709 4200 871 4274 ilungaros,
894 4204 925 4260 in
947 4205 1052 4261 crimen
1076 4206 1167 4261 uertit.

320 4326 452 4382 Karolus
483 4325 531 4383 dei
563 4329 666 4399 gracia
699 4345 752 4385 rex
784 4329 925 4401 Vngarie.
961 4331 1119 4389 Fidelibus
1149 4331 1213 4388 suis
1243 4329 1345 4399 iudici,
1377 4331 1494 4399 iuratis,

230 4432 350 4487 civibus
382 4440 410 4487 et
444 4433 595 4489 universis
625 4434 802 4492 hominibus
830 4437 965 4494 cuiusvis
988 4443 1085 4495 status
1108 4453 1162 4494 seu
1186 4436 1374 4495 condicionis
1397 4436 1497 4493 homi·

230 4537 323 4593 nibus
347 4538 377 4593 in
401 4538 524 4595 civitate
541 4538 684 4597 Grecensi
710 4542 882 4599 constitutis
907 4543 1039 4600 salutem
1063 4552 1093 4599 et
1115 4542 1261 4615 graciam.
1284 4542 1368 4599 Licet
1388 4546 1497 4598 cuncta

230 4641 332 4698 fidelis
357 4642 497 4700 crucifixi
523 4642 640 4702 familia
660 4647 745 4704 iuxta
764 4662 917 4705 canonum
932 4653 1045 4706 statuta
1060 4654 1261 4722 paternorum
1276 4651 1306 4705 et
1322 4647 1497 4704 sancciones

231 4747 404 4805 salutiferas
441 4749 471 4805 in
503 4751 588 4807 omni
620 4752 716 4809 tocius
746 4752 855 4811 mundi
886 4760 974 4827 parte
1004 4754 1060 4812 ubi
1083 4754 1194 4827 religio
1217 4753 1383 4811 christiana
1405 4751 1500 4826 profi·
