3488 5242
632 354 706 413 Doc.
722 362 798 431 397.
824 386 861 396 -
887 352 944 411 An.
967 362 1056 430 1397.
1417 356 1474 429 381

218 538 333 611 pocius,
363 552 458 609 quani
489 536 727 595 christianorum
757 533 870 592 debent
899 548 995 608 opera
1023 535 1202 608 nuncupari.
1224 536 1354 612 Insuper
1377 539 1476 598 multa

218 643 280 700 alia
313 643 452 700 enormia
485 641 601 700 scelera
635 640 784 710 inaudita,
819 640 1013 698 detestabilia
1048 647 1078 698 et
1118 640 1337 701 nefandissima
1372 662 1481 720 perpe·

219 754 345 819 trarunt,
377 764 437 820 que
467 762 609 805 enarrare
642 746 763 819 singula
797 747 924 819 longum
959 754 1055 815 esset;
1089 754 1164 820 quot
1191 754 1221 805 et
1248 758 1362 822 quanta
1394 755 1485 812 bene·

219 853 288 911 ficia
321 855 362 910 ab
398 854 465 925 ipsa
498 853 627 909 ecclesia
662 860 766 909 nostra
799 853 991 923 zagrabiensi
1026 859 1056 910 et
1089 869 1107 911 a
1141 856 1270 927 prelatis
1306 857 1403 931 ipsius
1436 877 1484 918 ec·

219 961 312 1017 clesie
341 967 372 1017 et
402 975 420 1016 a
451 959 584 1016 dominis
620 957 658 1015 de
688 958 826 1031 capitulo
856 959 1055 1029 zagrabiensi
1087 958 1235 1019 iratribus
1262 965 1383 1034 nostris,
1417 967 1484 1039 ipsa

219 1067 411 1135 universitas,
446 1064 590 1139 populus,
622 1078 786 1120 commune
815 1070 845 1120 ct
875 1064 933 1137 ipsi
965 1065 1048 1121 cives
1078 1073 1259 1139 receperunt
1291 1071 1484 1144 temporibus

218 1172 378 1229 retroactis
417 1178 447 1228 et
477 1171 611 1244 qualiter
644 1170 704 1243 ipsi
738 1170 862 1233 suerunt
896 1170 934 1227 de
966 1170 1053 1243 lacte,
1087 1173 1274 1246 pinguedine
1307 1175 1404 1248 ipsius
1438 1194 1485 1235 ec·

218 1278 310 1334 clesie
333 1292 404 1334 cum
428 1292 540 1348 magna
563 1277 731 1333 dileccione
754 1277 914 1333 retroactis
937 1278 1131 1350 temporibus
1154 1277 1283 1349 educati,
1305 1297 1365 1352 que
1380 1284 1486 1341 omnia

218 1399 275 1456 per
298 1384 398 1456 ipsam
423 1383 664 1449 universitatem,
689 1383 844 1456 populum
867 1397 921 1439 seu
943 1397 1107 1439 commune
1131 1399 1187 1457 per
1210 1385 1295 1458 ipsos
1315 1387 1399 1444 cives
1415 1404 1485 1462 per·

220 1496 340 1562 petrata
362 1489 508 1547 dicuntur
530 1504 597 1545 esse
619 1489 755 1562 publica,
780 1487 900 1545 notoria
923 1494 952 1545 et
976 1488 1138 1546 manifesta
1162 1491 1272 1559 taliter,
1296 1491 1380 1564 quod
1397 1495 1484 1551 nulla

219 1602 348 1669 possunt
371 1595 628 1666 tergiversacione
651 1593 754 1663 celari,
779 1599 907 1667 propter
938 1593 1021 1665 quod
1044 1609 1105 1651 non
1128 1601 1173 1651 est
1196 1593 1328 1653 dubium
1352 1612 1405 1654 eos
1427 1615 1480 1655 ex·

219 1701 511 1759 communicationis
533 1706 563 1757 et
585 1699 740 1772 sacrilegii
763 1714 876 1772 penam
900 1700 1071 1758 incurrisse.
1095 1699 1182 1759 Unde
1205 1716 1260 1758 nos
1283 1703 1483 1773 attendentes,

220 1805 304 1880 quod
328 1807 399 1864 talis
422 1813 452 1864 et
475 1812 540 1863 tam
563 1812 652 1863 atrox
673 1805 784 1862 iniuria
808 1805 937 1862 ecclesie
960 1810 1064 1862 nostre
1079 1806 1270 1878 zagrabiensi
1293 1815 1323 1865 et
1347 1810 1435 1866 nobis
1451 1816 1481 1867 et

221 1911 370 1972 fratribus
393 1913 505 1971 nostris
528 1911 567 1969 de
589 1911 727 1984 capitulo
750 1911 940 1982 zagrabiensi
969 1910 1048 1969 tacta
1071 1916 1101 1969 et
1124 1912 1259 1984 irrogata
1281 1919 1312 1971 et
1334 1916 1482 1984 enormia,

219 2018 415 2078 detestabilia
438 2025 467 2076 et
490 2017 710 2076 nefandissima
730 2017 847 2074 scelera
878 2023 908 2075 et
939 2018 1137 2076 enormitates
1166 2033 1226 2076 non
1253 2018 1404 2077 debemus
1427 2036 1482 2078 nec

220 2141 386 2199 possumus
408 2125 596 2184 consciencia
622 2139 678 2182 nos
707 2130 835 2195 urgente
865 2125 923 2181 sub
955 2123 1204 2181 dissimulacione
1235 2141 1290 2182 nec
1319 2127 1485 2184 conniven-

219 2232 303 2289 tibus
325 2233 424 2289 oculis
448 2232 642 2305 pertransire,
665 2231 737 2287 licet
768 2230 920 2302 premissa
950 2229 1070 2287 notoria
1104 2235 1212 2301 essent,
1244 2237 1345 2289 tamen
1370 2248 1407 2290 ex
1432 2233 1484 2290 ha·

220 2337 423 2395 bundanciori
446 2338 566 2395 cautela
589 2343 618 2394 et
641 2336 680 2394 ad
704 2351 811 2393 eorum
835 2335 993 2393 maliciam
1016 2336 1258 2393 convincendam
1283 2338 1367 2411 ipsos
1390 2337 1484 2396 inira·

220 2443 351 2517 scriptos
374 2444 457 2501 cives
478 2450 508 2500 et
531 2444 631 2517 ipsam
657 2442 873 2509 universatem,
907 2441 1061 2514 populum
1093 2449 1123 2497 et
1153 2457 1319 2500 commune
1346 2444 1385 2500 de
1416 2445 1485 2517 ipso

220 2548 316 2622 opido
338 2549 452 2606 montis
475 2548 638 2606 Grecensis
661 2563 717 2620 per
739 2553 859 2604 nostras
874 2547 949 2604 certi
967 2548 1082 2604 tenoris
1099 2548 1216 2605 litteras
1239 2549 1327 2606 citari
1345 2548 1481 2619 fecimus,

221 2663 255 2710 ut
278 2655 308 2711 in
331 2661 415 2711 certo
447 2654 587 2723 terminu,
620 2655 650 2710 in
682 2653 749 2726 ipsa
779 2652 926 2710 citacione
956 2652 1079 2726 prefixo
1109 2660 1139 2710 et
1168 2653 1244 2726 ipsis
1274 2657 1483 2728 peremptorie

220 2761 382 2832 assignato
405 2760 554 2817 deberent
575 2759 724 2831 Zagrabie
747 2774 852 2816 coram
876 2758 965 2816 nobis
989 2759 1019 2816 in
1048 2759 1169 2832 palacio
1191 2776 1244 2816 seu
1268 2761 1298 2817 in
1322 2762 1408 2818 curia
1432 2776 1485 2818 no·

221 2872 282 2923 stre
306 2867 508 2924 habitacionis
530 2881 711 2939 comparere
741 2864 780 2922 ad
812 2864 1022 2922 excusandum
1046 2880 1079 2920 se
1102 2864 1141 2922 de
1166 2866 1325 2938 premissis
1347 2872 1377 2922 et
1400 2867 1486 2924 audi-

221 2972 335 3029 endum
360 2988 392 3028 se
416 2972 612 3045 pronunciari
646 2971 978 3028 excommunicacionis
1001 2977 1031 3027 et
1054 2970 1208 3042 sacrilegii
1232 2987 1344 3044 penam
1367 2980 1397 3030 et
1419 2989 1486 3031 sen·

222 3078 353 3135 tenciam
377 3076 528 3147 incidisse,
551 3077 591 3135 ad
615 3077 795 3134 instanciam
819 3074 928 3133 sindici
951 3091 1004 3132 seu
1022 3077 1230 3149 procuratoris
1245 3079 1373 3150 capituli
1390 3081 1486 3137 nostri

221 3184 428 3255 zagrabiensis
450 3189 480 3240 et
503 3183 700 3241 dominorum
724 3182 763 3239 de
786 3182 933 3255 capitulo,
956 3181 1089 3239 fratrum
1118 3187 1296 3240 nostrorum
1319 3191 1349 3240 et
1373 3200 1483 3258 procu-

222 3291 332 3347 ratoris
354 3291 451 3348 nostri
472 3289 675 3347 certificantes
698 3304 758 3355 eos,
782 3287 866 3361 quod
889 3289 955 3346 sive
971 3289 1001 3345 in
1017 3288 1100 3345 dicto
1115 3288 1247 3346 termino
1264 3289 1385 3363 prefixo
1401 3306 1485 3348 corn-

221 3403 349 3470 pareant
371 3399 437 3455 sive
460 3413 529 3465 non,
553 3411 608 3454 nos
631 3394 669 3452 ad
693 3393 962 3470 pronunciandum
981 3408 1033 3451 eos
1048 3396 1330 3453 excommunicatos
1346 3406 1377 3454 et
1392 3399 1484 3455 sacri·

222 3504 308 3575 legos
331 3510 361 3560 et
383 3504 422 3561 ad
447 3502 662 3561 subiciendum
685 3503 786 3576 ipsam
817 3502 1058 3571 universitatem,
1089 3501 1242 3574 populum
1269 3508 1299 3558 et
1322 3518 1486 3560 commune

221 3616 251 3666 et
274 3610 377 3682 ipsum
399 3609 529 3683 opidum
553 3609 667 3667 montis
682 3608 845 3666 Grecensis
867 3607 1074 3664 ecclesiastico
1094 3607 1256 3664 interdicto
1282 3607 1485 3680 procedemus

222 3715 341 3773 iusticia
365 3714 527 3772 mediante.
557 3714 628 3787 Quo
659 3715 790 3772 termino
821 3712 1011 3782 adveniente,
1042 3713 1110 3785 ipsa
1133 3713 1325 3783 universitas,
1350 3714 1486 3786 populus

222 3827 252 3877 et
275 3835 438 3879 commune
461 3828 491 3878 et
514 3822 573 3893 ipsi
594 3821 677 3878 cives
700 3835 756 3877 nec
786 3835 842 3893 per
873 3835 914 3889 se,
944 3834 1000 3875 nec
1030 3834 1087 3891 per
1117 3823 1333 3891 procuratores
1360 3819 1486 3877 idoneos

222 3941 328 3984 coram
350 3927 440 3984 nobis
463 3942 644 3999 comparere
666 3931 821 3994 curarunt,
846 3929 974 3998 propter
990 3923 1074 3996 quod
1089 3924 1174 3998 ipsos
1189 3931 1378 3997 reputamus,
1395 3931 1488 3998 prout

223 4039 309 4089 erant
334 4034 453 4103 merito,
477 4039 680 4089 contumaces.
704 4032 740 4088 Et
763 4031 873 4088 iterato
896 4047 934 4087 ex
958 4029 1150 4087 habundanti
1172 4031 1272 4104 ipsam
1304 4031 1487 4088 universita-

224 4144 296 4207 tem,
320 4138 473 4211 populum
497 4145 527 4195 et
549 4153 713 4195 commune
737 4141 766 4193 et
789 4136 874 4210 ipsos
896 4135 980 4193 cives
1002 4133 1042 4191 ad
1066 4135 1246 4193 instanciam
1262 4135 1359 4208 ipsius
1378 4135 1488 4194 sindici

222 4248 252 4298 et
276 4244 484 4315 procuratoris
507 4244 604 4317 ipsius
627 4244 756 4317 capituli
778 4249 808 4299 et
831 4242 926 4299 nostri
942 4242 1029 4299 citari
1055 4257 1111 4315 per
1133 4247 1254 4299 nostras
1273 4243 1347 4299 certi
1372 4242 1487 4298 tenoris

223 4351 341 4406 litteras
364 4349 501 4421 fecimus,
525 4357 559 4407 ut
583 4350 613 4406 in
637 4356 721 4407 certo
751 4348 883 4405 termino
914 4348 945 4404 in
976 4348 1044 4421 ipsa
1075 4347 1223 4403 citacione
1250 4346 1372 4420 prefixo
1394 4346 1487 4404 debe·

222 4463 291 4514 rent
314 4471 494 4530 comparere
516 4455 555 4512 ad
578 4454 751 4512 videndum
774 4470 807 4511 se
829 4453 1168 4523 excommunicacionis,
1192 4453 1346 4525 sacrilegii
1373 4468 1485 4527 penam

223 4571 253 4621 et
275 4565 461 4622 sentenciam
484 4562 626 4620 incidisse
648 4567 678 4618 et
701 4561 785 4634 ipsos
808 4559 1090 4618 excommunicatos
1112 4564 1143 4615 et
1165 4558 1331 4630 sacrilegos
1354 4557 1429 4625 iore,
1457 4564 1487 4617 et

223 4669 261 4727 ad
285 4668 498 4727 subiciendum
523 4669 624 4742 ipsam
648 4666 890 4735 universitatem,
915 4665 1068 4738 populum
1091 4670 1120 4721 et
1143 4678 1307 4749 commune
1330 4670 1361 4721 et
1384 4665 1487 4737 ipsum

223 4775 353 4850 opidum
376 4775 491 4833 montis
514 4774 676 4833 Grecensis
699 4771 906 4830 ecclesiastico
937 4770 1107 4828 interdicto.
1139 4768 1210 4842 Quo
1240 4769 1372 4827 termino
1395 4768 1488 4829 adve-
