3488 5242
682 344 755 402 Duc.
780 355 844 418 151.
872 376 909 385 -
934 345 990 400 An.
1015 357 1107 421 1329.
1465 358 1522 417 135

257 543 335 599 lium
370 542 485 598 civium
520 548 697 598 nostrorum
732 541 771 598 de
805 541 928 598 civitate
962 541 1152 612 zagrabiensi
1190 556 1243 597 seu
1275 539 1442 613 Grecyensi
1469 557 1526 614 per

258 647 419 704 dominum
443 646 558 716 helam,
582 646 712 704 condam
743 661 848 718 regem
880 646 1046 718 Hungarie‚
1079 646 1160 702 clare
1189 646 1347 716 memorie,
1371 645 1525 703 mediante

258 753 423 825 privilegio
447 768 502 808 suo
525 753 569 809 eis
592 767 742 822 concessa,
766 760 796 807 et
820 767 875 824 per
898 767 953 808 nos
977 751 1093 808 eisdem
1125 766 1183 824 pro
1214 752 1354 824 ipsorum
1386 751 1524 808 serviciis

258 859 423 915 meritoriis
448 858 629 915 confirmata
651 859 710 915 hoc
733 859 878 930 requirat,
903 857 986 929 quod
1018 857 1090 913 dicti
1121 858 1204 914 cives
1236 864 1267 914 et
1290 856 1327 913 ad
1352 872 1404 914 eos
1428 856 1523 929 perti·

260 971 366 1021 nentes
390 965 440 1020 vel
464 965 577 1036 aliquis
601 981 638 1020 ex
662 964 778 1021 eisdem
800 980 859 1020 non
883 964 922 1020 ad
947 972 1084 1021 nostram
1107 964 1157 1020 vel
1187 963 1365 1036 aliquorum
1389 964 1525 1021 aliorum

259 1070 393 1127 iudicum
410 1077 462 1126 aut
483 1070 720 1126 iusticiariorum
737 1071 823 1141 regni
837 1071 941 1138 nostri,
952 1076 1152 1142 preterquam
1168 1070 1196 1126 in
1214 1078 1302 1126 antea
1317 1068 1454 1126 iudicum
1471 1085 1524 1126 seu

258 1177 435 1233 villicorum
460 1174 597 1231 eiusdem
621 1176 753 1232 civitatis
777 1177 863 1232 citari
886 1175 1000 1231 debent
1022 1176 1230 1248 presenciam;
1250 1174 1303 1231 sed
1328 1175 1432 1231 solum
1447 1174 1525 1232 iudi·

258 1298 324 1339 cem
348 1290 400 1337 aut
424 1281 605 1337 iusticiarios
629 1280 709 1338 dicte
737 1282 869 1338 civitatis
894 1297 951 1355 pro
975 1296 1019 1351 eo,
1054 1282 1080 1338 si
1107 1282 1251 1354 cuiquam
1274 1283 1304 1338 in
1328 1286 1417 1337 antea
1440 1281 1524 1337 iusti·

257 1390 336 1445 ciam
362 1386 461 1443 facere
484 1386 682 1458 denegaverit
706 1388 755 1444 vel
780 1364 958 1460 neglexerit,
979 1387 1018 1444 ad
1043 1396 1180 1444 nostram
1212 1387 1403 1461 presenciam
1432 1386 1524 1444 debet

258 1495 387 1550 evocari.
411 1493 483 1549 Ideo
507 1500 608 1549 vestre
633 1493 774 1551 fidelitati
806 1494 996 1566 precipimus
1024 1492 1156 1550 firmiter
1179 1510 1235 1567 per
1260 1498 1424 1565 presentes,
1449 1508 1524 1564 qua·

258 1606 344 1655 tenus
367 1599 555 1670 quicumque
579 1599 697 1655 litteras
727 1605 847 1656 nostras
878 1600 1031 1656 citatorias
1066 1598 1117 1655 vel
1140 1600 1276 1656 aliorum
1311 1598 1524 1671 quorumlibet

259 1704 396 1761 iudicum
420 1706 506 1777 regni
529 1707 626 1762 nostri
649 1714 754 1763 contra
778 1706 932 1779 predictos
956 1706 1039 1762 cives
1062 1711 1182 1762 nostros
1206 1712 1236 1762 et
1258 1705 1298 1762 ad
1314 1703 1439 1761 eosdem
1454 1718 1524 1776 per·

258 1812 387 1867 tinentes
409 1811 459 1867 vel
483 1811 620 1883 aliquem
644 1827 681 1868 ex
705 1812 780 1884 ipsis
803 1812 894 1868 vobis
918 1811 1113 1868 exhibuerint
1145 1811 1364 1880 testimonium,
1387 1825 1441 1866 seu
1472 1825 1523 1866 ve·

257 1922 356 1973 strum
380 1918 541 1973 hominum
565 1916 603 1973 ad
629 1916 793 1987 citandum,
818 1918 892 1990 ipsis
916 1917 1154 1990 postulantibus,
1178 1917 1228 1972 vel
1252 1917 1390 1988 aliquem
1407 1932 1444 1972 ex
1465 1915 1522 1973 eis-

257 2021 336 2091 dem,
362 2028 559 2095 preterquam
582 2022 620 2079 ad
646 2022 801 2080 citandum
834 2022 966 2080 iudicem
1000 2024 1149 2096 ipsorum,
1182 2029 1216 2080 ut
1239 2023 1437 2097 premittitur,
1462 2023 1524 2079 cui-

259 2129 342 2201 piam
375 2129 405 2186 in
436 2135 523 2185 antea
555 2128 628 2186 dare
659 2145 712 2186 seu
744 2130 952 2186 transmittere
982 2130 1158 2186 nullatenus
1190 2129 1335 2200 debeatiS,
1367 2130 1445 2186 sicut
1467 2144 1523 2186 nos

257 2236 413 2292 offendere
436 2235 611 2292 formidatis
635 2235 719 2292 aliud
744 2251 804 2292 non
835 2235 954 2293 facturi.
978 2235 1092 2293 Datum
1123 2237 1155 2293 in
1185 2235 1354 2307 Vysegrad,
1378 2236 1409 2292 in
1433 2236 1521 2308 quin-

257 2339 343 2397 denis
367 2342 448 2398 beati
471 2342 579 2424 Jacobi
602 2343 742 2414 apostoli.
767 2344 856 2399 Anno
879 2341 997 2398 domini
1020 2340 1188 2399 MCCCXX
1212 2356 1300 2399 nono.

347 2458 487 2522 Originale
506 2459 532 2507 in
552 2459 709 2507 membrana.
730 2459 760 2507 In
779 2459 878 2508 archiv.
899 2459 979 2507 Acad
999 2457 1094 2509 Seient
1114 2458 1184 2510 Slav.
1206 2458 1298 2507 merid.

854 2671 929 2736 151.

363 2815 438 2861 Anno
460 2821 534 2874 1329,
555 2819 576 2864 7.
596 2811 755 2861 novembris.
770 2812 924 2875 Zagrabiae.

264 2939 427 3012 Capitulum
449 2940 633 3010 zagrubz'ense
658 2940 771 2998 litteras
794 2940 883 2995 Belua
903 2940 959 2996 IV.
983 2942 1067 3014 regis,
1089 2942 1295 2997 immunitatem
1318 2960 1338 2996 a
1361 2941 1475 2998 tributas
1497 2949 1526 2998 et

301 3045 441 3101 tricesima
465 3045 572 3100 arvitus
594 3043 801 3101 Grcclvcnst'bus
824 3047 968 3115 collatam,
990 3065 1064 3120 quae
1086 3047 1249 3119 respiciunt,
1272 3047 1474 3103 transsummt't.

347 3188 408 3244 Nos
432 3190 602 3260 capitulum
627 3190 753 3245 ecclesie
777 3191 989 3261 zagrabiensis.
1020 3186 1249 3267 (significamus
1273 3195 1377 3247 tenore
1399 3206 1522 3263 presen-

258 3296 339 3351 cium
364 3295 477 3367 quibus
499 3288 636 3371 expedit)
661 3296 820 3365 universis,
846 3295 929 3367 quod
960 3297 1143 3353 Iamblinus
1173 3294 1266 3352 iudex
1290 3296 1422 3352 civitatis
1446 3294 1522 3353 Gre-

257 3403 363 3470 censis,
395 3401 527 3471 hiarkus,
560 3401 696 3458 Francha
727 3407 756 3457 et
786 3402 900 3458 Micula
930 3403 1013 3459 cives
1044 3401 1082 3458 de
1113 3400 1222 3458 eadem
1253 3408 1316 3458 tam
1339 3416 1403 3472 suo,
1427 3416 1522 3474 quam

258 3500 405 3583 (nomine)
429 3507 508 3563 dicte
534 3507 665 3563 civitatis
682 3506 719 3563 ad
738 3515 875 3564 nostram
892 3509 1095 3581 personaliter
1110 3502 1300 3583 (accedentes
1323 3508 1521 3580 presenciam.

262 3607 479 3687 exhibuerunt)
511 3613 599 3669 nobis
631 3614 748 3668 litteras
782 3613 994 3685 privilegiales
1028 3614 1213 3670 serenissimi
1248 3613 1404 3686 principis,
1439 3612 1522 3670 clare

258 3720 406 3776 memorie
430 3719 548 3776 domini
571 3719 649 3788 Bele,
674 3721 755 3790 regis
779 3720 947 3791 Hungarie,
971 3724 1108 3793 petentes
1124 3734 1195 3775 cum
1219 3719 1365 3775 instancia
1390 3712 1435 3796 (ut
1458 3710 1521 3794 eas)

259 3826 458 3881 transsummi
482 3831 510 3881 et
537 3825 698 3881 transcribi
723 3825 880 3897 sigillique
903 3827 999 3882 nostri
1015 3820 1223 3901 (apposicione
1247 3825 1420 3897 consignari
1443 3823 1522 3881 iace·

257 3926 380 4005 remus).
403 3930 543 4002 Quarum
567 3931 692 4002 quidem
716 3937 802 3988 tenor
826 3932 896 3988 talis
919 3940 980 3988 est:
1008 3927 1081 4009 (vid.
1112 3948 1155 3988 nr.
1189 3945 1237 3998 50.
1260 3929 1298 3987 de
1313 3945 1401 3992 ,anno
1428 3929 1520 4001 12617,

260 4052 307 4108 23.
332 4036 498 4111 februarii).
524 4037 586 4093 Nos
607 4044 709 4094 autem
732 4038 870 4110 ipsorum
895 4038 982 4095 iustis
1005 4045 1034 4093 et
1058 4036 1216 4109 condignis
1246 4036 1449 4109 peticionibus
1472 4050 1521 4092 ac-

257 4145 454 4215 quiescentes,
479 4145 613 4199 maxime
646 4144 719 4213 quia
751 4143 832 4216 ipsas
866 4144 983 4200 litteras
1013 4143 1187 4200 invenimus
1218 4157 1276 4198 non
1301 4141 1436 4212 abrasas,
1460 4156 1520 4198 non

257 4249 440 4305 cancellatas
463 4266 518 4305 nec
541 4250 570 4305 in
595 4250 700 4321 aliqua
723 4250 770 4305 sui
795 4256 881 4322 parte
898 4249 1033 4318 viciataS,
1050 4249 1132 4321 ipsas
1149 4246 1187 4303 de
1203 4248 1300 4305 verbo
1322 4246 1362 4303 ad
1387 4248 1520 4304 verbum

257 4356 452 4426 presentibus
477 4355 654 4411 transscribi
678 4356 836 4426 nostrique
859 4356 955 4427 sigilli
979 4349 1178 4432 (appensione
1200 4360 1293 4428 prout
1315 4346 1451 4429 anobis)
1468 4369 1520 4427 pe-

256 4462 380 4529 cierant,
403 4461 532 4517 fecimus
555 4462 735 4531 consignari.
766 4461 883 4517 Datum
914 4460 991 4518 feria
1021 4461 1114 4517 tercia
1144 4461 1288 4534 proxima
1314 4467 1386 4533 post
1406 4459 1520 4517 festum

256 4565 402 4622 Omnium
427 4571 610 4622 sanctorum.
637 4567 724 4622 Anno
747 4566 864 4623 domini
886 4565 1055 4623 MCCCXX
1077 4581 1166 4624 n0n0.

345 4699 484 4766 Originale
495 4701 521 4750 in
534 4701 693 4757 membrana,
704 4701 827 4758 lacerum,
841 4703 962 4750 caerulea
975 4701 1073 4751 sericea
1085 4716 1150 4750 zona
1160 4703 1292 4767 appendet
1308 4701 1408 4764 absque
1420 4699 1519 4767 sigillo.

258 4789 286 4838 In
306 4790 376 4838 arch.
395 4789 442 4838 lib.
462 4805 516 4853 reg.
537 4789 586 4838 civ.
609 4789 712 4853 zagrab.
