3488 5242
655 341 728 399 Duc.
747 354 824 418 394.
851 374 888 384 -
911 342 966 399 An.
991 337 1080 419 1396.
1441 361 1500 420 375

240 538 359 596 Thorne
391 539 533 612 apostoli,
564 555 644 596 nunc
674 540 867 612 preteritum,
898 539 937 596 ad
969 540 1141 613 predictam
1172 540 1330 598 civitatem
1360 540 1505 599 videlicet

238 645 342 701 vicum
376 644 637 714 Theutonicalem
669 645 855 702 suburbium
885 644 965 703 dicte
995 646 1137 716 civitatis,
1169 645 1323 717 irruendo
1351 646 1504 719 quosdam

239 750 322 807 cives
345 749 545 808 detinuissent
567 758 596 807 et
620 751 699 807 alios
730 766 785 823 per
816 751 893 807 ictus
923 751 1105 823 sagittarum
1132 751 1304 808 miserabili
1327 768 1400 809 nece
1424 753 1505 810 tradi

238 864 268 912 et
291 856 447 913 vulnerari
470 870 506 912 ac
539 856 666 929 spoliari
698 854 848 927 fecissent,
880 857 1008 929 propria
1040 872 1147 914 eorum
1176 858 1316 930 potencia
1340 857 1503 930 mediante,

238 961 269 1018 in
292 961 498 1034 preiudicium
531 960 712 1018 eorumdem
744 962 858 1019 civium
890 961 983 1019 valde
1014 978 1163 1035 magnum
1171 981 1178 1032 ;
1212 963 1266 1020 lite
1296 970 1399 1022 tamen
1426 965 1505 1023 inter

240 1082 292 1124 eos
316 1066 475 1140 pendente.
500 1066 615 1122 Datum
639 1065 797 1137 Zagrabie‚
822 1067 853 1125 in
875 1068 984 1140 vigilia
1014 1067 1083 1126 festi
1112 1068 1195 1126 beati
1218 1068 1338 1127 Thome
1360 1071 1501 1144 apostoli,

241 1174 401 1247 prenotati.
425 1174 514 1229 Anno
537 1171 655 1229 domini
679 1173 847 1230 millesimo
870 1173 948 1230 CCC
971 1145 1171 1246 nonagesimo
1194 1180 1287 1232 sexto.

326 1306 466 1372 Originale
484 1307 510 1356 in
530 1307 628 1366 charta,
647 1322 661 1356 a
683 1313 758 1373 tergo
778 1307 890 1374 vestigia
909 1308 990 1359 trium
1008 1308 1168 1375 sigillorum.
1188 1308 1219 1360 ln
1245 1309 1354 1361 archivo
1379 1311 1426 1361 lib.
1447 1326 1501 1377 reg.

238 1396 288 1446 civ.
308 1397 412 1461 zagrab.

824 1610 916 1677 394.

344 1753 421 1801 Anno
443 1753 516 1814 1396.
537 1762 577 1801 21.
598 1751 751 1801 decembris.
771 1752 924 1817 Zagrabiae.

241 1877 393 1935 Μακέντης
409 1879 488 1936 Ders
509 1880 666 1948 zu'cebunus,
689 1879 825 1953 quomodo
847 1880 955 1936 dontint'
975 1881 1010 1937 dc
1031 1883 1156 1954 capitulo
1178 1900 1240 1938 cum
1263 1882 1323 1938 suis
1344 1881 1504 1939 homenibus

240 1983 459 2056 deputaverim
479 1985 580 2058 aquua
601 1984 761 2041 molendina
784 1992 813 2042 et
828 1986 1015 2058 posscsstuncs
1036 1986 1141 2042 ethium
1171 1986 1395 2044 Grecltensium:
1424 1985 1504 2044 Gra-

584 2091 661 2157 tiam,
685 2089 793 2147 Dedic't'
812 2098 841 2147 et
867 2071 1040 2161 Chomara,
1062 2092 1160 2166 refert.

328 2233 390 2289 Nos
415 2234 562 2305 magister
583 2234 733 2292 Martinus
756 2235 835 2292 Ders
859 2235 1026 2292 vicebanus
1049 2241 1079 2292 et
1102 2251 1205 2292 comes
1228 2236 1443 2307 zagrabiensis,
1466 2252 1502 2293 ac

239 2339 355 2396 iudices
386 2338 539 2395 nobilium
570 2339 709 2396 eiusdem
740 2340 910 2397 comitatus.
943 2341 1091 2398 liemorie
1126 2341 1387 2412 commendamus,
1419 2342 1504 2414 quod

238 2460 309 2501 cum
334 2460 389 2501 nos
413 2443 450 2500 ad
476 2444 638 2501 instantem
663 2447 848 2519 peticionem
871 2445 1075 2519 providorum
1103 2447 1243 2504 virorum
1267 2447 1363 2504 Marci
1386 2447 1503 2512 iudicis.

238 2551 410 2608 iuratorum
434 2557 463 2607 et
487 2551 703 2608 universorum
736 2552 851 2609 civium
883 2552 1015 2609 civitatis
1043 2552 1156 2609 montis
1180 2551 1364 2610 Grechensis
1388 2551 1426 2610 de
1449 2552 1504 2610 Za·

236 2655 354 2728 grabia,
378 2655 461 2725 ioan,
486 2654 588 2712 filiurn
611 2656 755 2727 Gregorii
777 2664 807 2714 et
828 2657 963 2719 Petrum.
988 2656 1090 2715 filium
1114 2657 1270 2731 Stephani,
1295 2656 1372 2714 duos
1387 2657 1504 2715 scilicet

237 2777 274 2817 ex
296 2761 386 2818 nohis
410 2760 564 2818 iudicibus
587 2761 740 2818 nobilium
764 2762 803 2819 ad
827 2761 1056 2835 infrascriptam
1079 2763 1313 2835 inquisicionem
1330 2761 1504 2820 faciendam

238 2866 376 2938 legitime
399 2865 654 2935 destinassemus;
678 2867 800 2924 tandem
826 2867 919 2925 iidem
944 2867 1054 2925 exinde
1076 2867 1116 2925 ad
1139 2884 1195 2925 nos
1215 2869 1331 2926 reversi
1347 2869 1437 2926 nobis
1456 2885 1504 2927 re·

238 2972 375 3029 tulerunt
400 2972 458 3028 isto
482 2971 584 3042 modu,
608 2972 692 3044 quod
716 2974 774 3046 ipsi
798 2974 838 3031 ab
862 2975 1006 3031 omnibus
1026 2975 1140 3046 quibus
1157 2974 1307 3032 decuisset
1322 2981 1351 3032 et
1367 2974 1504 3032 licuisset

238 3079 344 3152 palam
368 3084 398 3134 et
421 3079 540 3135 occulte
564 3078 729 3150 diligenter
753 3079 937 3152 inquirendo
960 3083 1038 3139 hanc
1061 3081 1100 3138 de
1124 3081 1329 3154 infrascriptis
1344 3081 1504 3138 scivissent

238 3199 357 3240 meram
381 3190 411 3241 et
435 3183 647 3241 omnimodam
671 3186 843 3255 veritatem,
867 3185 952 3258 quod
974 3187 1129 3269 Johannes
1153 3186 1281 3259 Crispus
1302 3185 1341 3243 de
1357 3184 1501 3257 Kemlulr‚

237 3288 408 3361 Gregorius
431 3289 614 3360 dubicensis‚
630 3291 784 3372 Johannes
806 3289 844 3348 de
861 3291 1017 3362 Vrbouch‚
1033 3291 1150 3364 Symon
1166 3291 1204 3348 de
1220 3291 1332 3362 Vaska,
1347 3292 1503 3374 Johannes

239 3395 384 3465 Barkasii,
416 3394 613 3466 kathedralis,
645 3395 787 3454 Hinchko
817 3397 1013 3468 chasmensis,
1037 3396 1211 3472 Stephanus
1245 3397 1450 3454 varasdiensis
1473 3403 1504 3454 et

236 3499 407 3573 Gregorius
431 3501 469 3557 de
493 3500 595 3570 Bexin,
619 3501 843 3571 archidiaconi;
867 3504 950 3574 item,
965 3505 1120 3587 Johannes
1137 3503 1304 3573 Lanceioti‚
1321 3501 1501 3559 Benedictus

237 3607 275 3663 de
300 3608 449 3676 Mon0210‚
474 3606 643 3679 Gregorius
667 3606 705 3664 de
729 3608 835 3678 Varas,
859 3608 1005 3666 Nicolaus
1028 3617 1058 3666 et
1080 3610 1159 3666 alter
1183 3608 1328 3666 Nicotaus
1349 3608 1497 3680 Hungari,

237 3713 385 3770 Martinus
409 3728 547 3784 magnus,
572 3713 727 3770 Barnabas
751 3714 891 3783 Milonis,
923 3714 1103 3772 Benedictus
1138 3714 1254 3785 manse,
1293 3712 1436 3770 Nicolaus
1464 3712 1503 3770 de

236 3818 374 3888 Kassina,
397 3817 533 3875 Thomas
564 3834 661 3891 nepos
688 3818 831 3890 custodis,
864 3819 983 3877 Blasius
1006 3826 1116 3891 custos,
1140 3819 1307 3892 Dyonisius
1330 3818 1369 3875 de
1391 3818 1502 3893 Crisi0,

235 3924 408 3997 Stephanus
431 3925 597 3997 Hungarus
619 3931 648 3983 et
664 3926 772 3983 Petrus
795 3926 907 4000 Crispi,
923 3927 1069 3996 canonici,
1086 3940 1192 3998 ymmo
1209 3929 1308 3982 totum
1325 3925 1498 3998 capitulum

235 4031 363 4088 ecclesie
397 4032 603 4103 zagrabiensis
634 4032 772 4090 uramini
802 4032 931 4090 consilio
961 4033 1040 4089 inter
1070 4033 1155 4106 ipsos
1186 4030 1275 4102 facto,
1299 4030 1358 4088 deo
1381 4034 1411 4088 et
1434 4031 1500 4089 eius
1590 4008 1595 4021 ’

237 4137 357 4194 iusticia
379 4137 420 4194 ab
443 4138 559 4195 occulis
582 4152 689 4195 eorum
713 4138 902 4213 postpositis,
918 4137 1085 4210 dyabolica
1099 4143 1165 4195 arte
1187 4137 1358 4209 instigante,
1375 4150 1502 4208 congre·

239 4243 317 4314 gatis
340 4242 493 4315 Gregorio
516 4242 659 4315 officiale,
685 4245 821 4302 litterato
844 4250 874 4301 et
896 4244 1048 4302 universis
1073 4242 1281 4301 familiaribus
1303 4258 1339 4299 ac
1362 4242 1499 4315 iobagio-

238 4349 330 4405 nibus
353 4350 493 4422 ipsorum
522 4349 561 4406 ad
592 4365 703 4407 sonum
733 4351 859 4408 maioris
885 4365 1034 4424 campane
1065 4365 1182 4422 eorum,
1206 4349 1349 4407 manibus
1372 4348 1501 4405 armatis

234 4461 270 4510 et
293 4454 497 4527 potenciariis,
522 4469 609 4512 more
632 4455 745 4525 hostili,
770 4453 846 4512 feria
869 4455 1003 4513 secunda
1025 4455 1170 4528 proxima
1193 4461 1263 4512 ante
1287 4453 1400 4511 festum
1420 4453 1503 4511 beati

236 4561 356 4618 Thome
380 4561 522 4634 apostoli,
546 4577 626 4618 nunc
649 4562 840 4635 preteritum,
864 4562 1008 4619 universa
1031 4559 1207 4618 molendina
1231 4561 1371 4633 ipsorum
1386 4559 1503 4617 civium

235 4668 266 4724 in
291 4667 446 4724 territorio
477 4666 557 4724 dicte
589 4667 722 4724 civitatis
752 4667 859 4725 habita
880 4666 996 4724 destrui
1020 4673 1049 4725 et
1072 4666 1233 4724 anichilari
1257 4682 1293 4724 ac
1315 4680 1425 4723 sexum
1459 4664 1502 4722 fe-

237 4773 374 4830 mineum
399 4773 429 4830 in
452 4772 569 4830 eisdem
593 4771 779 4831 molendinis
802 4780 970 4848 repertum,
992 4778 1203 4847 pregnantem,
1220 4788 1291 4831 cum
1307 4771 1502 4845 prectoribus
