3488 5242
251 312 314 374 394
669 299 743 356 Doc.
764 311 838 375 409·
865 332 902 341 -
927 293 1101 377 Aa1398.

340 490 453 549 Civitas,
472 506 530 541 cum
549 491 670 556 sigillum
688 492 715 543 vi
735 497 855 557 ereptum
874 498 941 543 esset
967 498 993 543 et
1018 508 1151 556 nunquam
1170 493 1313 553 redditum,
1333 494 1404 545 idem
1422 510 1519 546 novum

251 578 347 627 excudi
371 577 488 637 curavit;
516 580 561 628 sed
588 586 663 629 antea
684 581 735 629 iam
761 588 786 630 et
809 580 917 644 quidem
943 596 1011 631 anno
1040 582 1113 643 1384
1134 581 1320 633 immutaverat
1343 582 1456 633 sormam
1475 599 1519 634 an·

253 665 320 729 tiqui
340 665 426 730 sigilli
445 673 556 732 propter
581 666 710 725 falsarios,
736 668 783 731 qui
809 670 842 718 ad
867 668 975 718 fraudes
999 683 1049 734 ope
1073 668 1226 735 sigillorum
1252 670 1452 721 committendas
1474 678 1519 722 aut

252 767 321 802 nova
339 752 491 803 adulterina
503 753 672 811 adhibebant,
691 760 737 805 aut
749 755 864 821 genuina
876 755 1040 806 documentis
1053 755 1172 807 indubiis
1186 758 1363 823 decerpebant
1375 760 1520 823 eademque

253 841 351 892 litteris
370 839 468 907 spuriis
493 849 519 892 et
542 843 728 894 commentitiis
750 843 927 909 applicabant.
955 844 1043 895 Huius
1068 845 1166 896 abusus
1189 845 1288 896 mentio
1313 844 1343 896 fit
1367 845 1394 896 in
1421 846 1520 897 tabulis

255 928 403 979 iudiciariis
422 930 463 980 his
482 931 586 981 verbis:
784 938 788 943 '

345 1022 437 1078 „Anno
461 1019 562 1070 domini
586 1019 843 1070 MCCCLXXXIII.
863 1020 936 1079 Item,
957 1023 1029 1086 quod
1055 1022 1118 1086 quia
1137 1023 1207 1072 cirea
1227 1024 1339 1075 Paulum
1360 1022 1516 1082 litteratum,

255 1109 340 1158 filium
366 1108 516 1166 Clementis,
542 1108 594 1158 tria
618 1108 684 1158 falsa
702 1109 793 1182 sigilla
813 1108 959 1159 invenimus
978 1115 1004 1160 et
1023 1126 1083 1160 cum
1102 1110 1168 1175 ipsis
1185 1110 1284 1176 sigillis
1302 1112 1399 1161 multas
1419 1111 1518 1161 salsita-

256 1206 294 1248 tes
319 1197 389 1248 idem
412 1197 503 1247 iecisse
529 1204 567 1247 est
590 1204 718 1263 repertus,
744 1198 803 1248 ideo
829 1198 916 1263 ipsum
941 1199 1053 1248 cremari
1072 1198 1182 1249 fecimus
1201 1206 1227 1249 et
1245 1199 1365 1251 comburi
1384 1216 1417 1250 ne
1435 1201 1469 1251 ab
1490 1215 1520 1251 eo

256 1286 343 1336 forent
360 1286 528 1351 exemplati.¹‘

345 1374 391 1434 „In
416 1375 521 1424 nomine
540 1375 647 1425 domini.
666 1377 758 1424 Amen.
778 1375 856 1424 Feria
875 1375 968 1439 quinta
987 1375 1111 1440 proxima
1129 1381 1188 1425 ante
1208 1375 1303 1425 festum
1322 1376 1521 1441 purificacionis

256 1462 331 1512 beate
361 1462 481 1529 virginis,
500 1479 568 1513 anno
594 1463 694 1513 domini
715 1463 923 1513 MCCCLXXX
942 1470 1046 1527 quarto.
1066 1465 1122 1514 Nos
1141 1463 1278 1520 Miklinus‚
1297 1463 1368 1513 filius
1386 1464 1521 1530 Johannis,
1559 1467 1562 1473 '

256 1550 345 1609 iudex,
360 1551 448 1608 iurati,
467 1551 613 1601 consiliarii
633 1557 657 1601 et
678 1552 795 1602 universi
814 1551 885 1602 cives
904 1552 1001 1602 montis
1024 1551 1188 1602 Grechensis.
1208 1551 1380 1602 Notificamus
1400 1552 1523 1602 omnibus

256 1644 404 1702 presentem
429 1639 565 1690 katernam
594 1640 758 1705 inspecturis,
783 1639 909 1704 quoniam
928 1640 1036 1693 malicia
1053 1640 1168 1690 maxime
1186 1641 1360 1705 gubernabat,
1379 1647 1405 1690 et
1424 1657 1455 1690 ne
1475 1656 1523 1705 per

259 1727 343 1792 ipsius
362 1728 466 1777 malicie
485 1729 708 1793 gubernacionem
727 1728 754 1778 in
774 1729 975 1779 conservacione
994 1728 1094 1779 iuriam
1112 1729 1380 1794 possessionariorum
1393 1729 1420 1779 in
1433 1737 1524 1780 nostra
1599 1736 1600 1741 ’

258 1816 365 1867 civitate
384 1823 410 1867 et
429 1817 484 1867 eius
504 1817 641 1868 territorio
661 1817 833 1868 existencium
846 1817 956 1882 aliquod
969 1817 1068 1882 nephas
1086 1832 1132 1867 seu
1145 1818 1296 1867 scandalum
1314 1817 1449 1884 gignetur,
1469 1824 1524 1868 tum

258 1906 341 1956 eciam
359 1923 409 1972 pro
431 1906 528 1956 tuciori
547 1906 749 1957 conservacione
768 1905 888 1971 ipsorum
909 1905 1008 1955 iurium
1027 1905 1295 1971 possessionariorum
1315 1905 1342 1956 in
1366 1907 1525 1956 communali

258 2001 349 2046 nostro
362 1995 474 2046 consilio
489 1995 605 2045 unanimi
618 2001 644 2044 et
657 1994 717 2060 pari
736 1997 872 2046 voluntate
891 1995 957 2045 hanc
976 1999 1123 2060 presentem
1141 2000 1258 2044 nostram
1277 1994 1414 2045 katernam
1432 1993 1525 2045 iecisse

258 2091 284 2135 et
296 2084 415 2150 sigillum
429 2090 517 2134 nostre
537 2082 731 2133 communitatis
745 2082 771 2133 in
791 2082 951 2146 quibusdam
968 2082 1034 2133 locis
1048 2097 1187 2134 renovasse
1200 2082 1366 2133 decrevimus
1384 2088 1410 2132 et
1430 2083 1521 2132 statui·

259 2189 316 2224 mus
341 2188 372 2224 eo
395 2174 483 2230 modo,
509 2177 537 2222 ut
565 2170 687 2222 universe
712 2170 801 2221 littere
826 2170 894 2221 iacta
912 2170 1120 2236 possessionaria
1139 2170 1302 2224 continentes
1326 2176 1379 2221 tam
1406 2177 1525 2236 tempore

259 2262 343 2314 nostri
368 2261 507 2319 iudicatus,
527 2275 607 2324 quam
625 2259 709 2310 eciam
728 2266 846 2325 tempore
866 2259 982 2310 aliorum
1000 2259 1120 2310 iudicum
1138 2266 1290 2311 nostrorum
1308 2259 1526 2325 predecessorum

259 2350 384 2409 coniecte,
404 2357 430 2401 et
449 2350 531 2400 eciam
551 2356 668 2414 tempore
688 2348 806 2398 iudicum
825 2347 852 2398 in
871 2348 991 2399 futurum
1016 2347 1259 2399 constituendorum
1278 2346 1447 2406 conficiende‚
1466 2347 1525 2412 ipso

259 2441 351 2506 sigillo
376 2446 502 2491 renovato
527 2437 676 2503 consignari
703 2443 728 2488 et
753 2437 779 2487 in
804 2437 888 2502 ipsam
914 2438 1048 2488 katernam
1073 2436 1182 2486 inscribi
1208 2437 1327 2486 debeant.
1353 2435 1526 2499 Quecumque

260 2547 324 2581 vero
337 2531 426 2581 littere
445 2529 517 2578 dicto
536 2527 628 2593 sigillo
646 2534 773 2578 renovato
793 2544 808 2577 a
827 2528 888 2577 data
907 2526 1073 2592 presencium
1091 2542 1139 2591 per
1158 2527 1225 2576 duos
1244 2540 1324 2575 annos
1336 2524 1455 2590 integros
1474 2540 1526 2574 non

260 2620 479 2685 consignarentur
498 2623 523 2668 et
543 2617 569 2667 in
589 2622 736 2682 presentem
755 2616 892 2666 katcrnam
911 2631 963 2666 non
982 2615 1197 2671 inscriberentur,
1216 2614 1263 2664 has
1281 2613 1386 2663 litteras
1404 2614 1526 2664 volumus

260 2725 315 2760 esse
334 2707 437 2758 viribus
456 2721 547 2757 earum
566 2704 696 2755 carituras
715 2711 741 2755 et
760 2704 849 2754 inanes
867 2719 897 2753 ac
916 2720 1008 2754 corum
1026 2702 1225 2755 exhibitoribus
1242 2702 1401 2753 nocituras.“

845 3022 940 3088 409.

368 3188 444 3236 Anno
467 3185 540 3245 1398,
563 3193 601 3232 lo.
621 3183 758 3232 februarii.
779 3182 901 3248 Bachyie.

264 3334 464 3410 Segismundus
499 3333 676 3405 Hungariae
705 3339 752 3387 etc.
791 3348 854 3399 rex,
876 3329 1006 3403 fundum
1045 3330 1143 3384 currite
1175 3330 1206 3384 in
1236 3335 1327 3384 movete
1363 3327 1529 3395 Grcclrensi,

262 3441 451 3501 molendinum
475 3457 509 3495 ac
531 3440 661 3495 balneum
685 3438 715 3493 in
740 3437 800 3493 cius
826 3435 968 3505 suburbio,
990 3453 1063 3508 quae
1078 3435 1208 3508 fuerunt
1227 3433 1369 3507 quondam
1390 3431 1532 3504 Stephani

264 3549 334 3606 dz'cti
363 3546 462 3618 Vrdug
489 3545 523 3601 dc
546 3541 702 3601 Prodanic‘
728 3542 856 3616 „notorii
885 3541 1021 3613 aemult'“‚
1050 3538 1221 3596 Eberhardo
1251 3539 1376 3611 e’pzscopo
1410 3538 1527 3611 zagrab.

836 3646 955 3721 confert.

353 3814 416 3872 Nos
440 3811 656 3886 sigismundus
678 3810 728 3868 dei
750 3810 854 3882 gracia
877 3825 932 3866 rex
959 3807 1123 3879 Hungarie,
1143 3806 1313 3875 Dalmacie,
1330 3804 1457 3863 Croacie
1475 3811 1530 3863 etc.

266 3923 465 3994 marchioque
488 3917 805 3990 Brandemburgensis
829 3921 884 3973 etc.
905 3915 1054 3973 Memorie
1070 3911 1324 3970 commendamus
1340 3919 1445 3968 tenore
1461 3927 1530 3985 pre-

266 4031 402 4088 sencium
427 4027 633 4099 significantes
657 4024 770 4098 quibus
793 4021 920 4095 expedit
942 4021 1109 4078 universis:
1134 4017 1217 4090 quod
1241 4033 1297 4074 nos
1320 4032 1378 4090 pro
1398 4016 1531 4074 fidelita-

266 4139 349 4196 tibus
380 4142 410 4193 et
440 4134 597 4206 obsequiis
629 4130 731 4189 fidelis
769 4130 865 4186 nostri
897 4127 1010 4197 dilecti,
1039 4123 1201 4182 reverendi
1230 4124 1260 4180 in
1287 4122 1412 4181 Christo
1436 4124 1531 4196 patris

266 4243 385 4301 domini
407 4239 580 4298 Eberhardi
602 4238 692 4295 electi
715 4242 746 4294 et
769 4233 942 4292 confirmati
967 4232 1094 4289 ecclesie
1115 4229 1328 4303 zagrabiensis,
1353 4246 1410 4303 per
1429 4230 1531 4302 ipsum

266 4350 325 4407 sub
349 4347 527 4405 diversitate
549 4346 690 4401 locorum
716 4349 745 4399 et
769 4348 955 4414 temporum,
979 4353 1040 4396 non
1063 4335 1218 4410 parcendo
1241 4337 1335 4392 rebus
1355 4342 1386 4393 et
1400 4350 1531 4408 persone

267 4457 338 4526 suis
362 4459 466 4511 nostre
490 4450 665 4509 celsitudini
688 4448 835 4507 exhibitis
859 4453 888 4504 et
911 4445 1068 4519 impensis,
1096 4442 1196 4501 eidem
1220 4441 1377 4514 quendam
1400 4439 1533 4497 fundum

268 4562 352 4619 curie
375 4560 405 4618 in
429 4564 534 4616 monte
556 4556 702 4615 Grecensi
725 4570 779 4612 seu
802 4554 926 4611 civitate
950 4550 1139 4623 zagrabiensi
1172 4564 1209 4605 ac
1232 4546 1389 4620 quoddam
1415 4546 1533 4604 molen·

269 4667 377 4725 dinum
401 4680 519 4723 necnon
540 4665 688 4721 balneum
710 4662 741 4719 in
760 4659 916 4718 suburbio
939 4657 1014 4714 dicti
1037 4655 1151 4713 montis
1174 4654 1317 4712 habitum
1346 4657 1376 4709 et
1391 4651 1533 4709 existens,

269 4788 328 4846 que
352 4771 486 4831 condam
509 4767 665 4843 Stephani,
690 4766 764 4825 dicti
790 4764 901 4838 Vrdug
924 4763 963 4820 de
987 4761 1155 4834 Prodanyz‚
1181 4760 1280 4818 nostri
1302 4757 1415 4817 notorii
1438 4756 1535 4815 emuli
