3488 5242
268 345 423 406 CCXVIII
797 351 984 421 Argumenta.

1435 560 1532 616 namna.

344 625 377 674 de
394 625 506 690 Simigio
524 634 682 677 conventum
701 634 768 680 orat,
787 635 817 677 ut
836 634 927 678 contra
946 628 1065 678 facinora
1083 630 1210 692 quaedam
1225 645 1240 680 a
1254 633 1371 697 capitulo
1385 648 1425 684 za-

344 714 420 779 grab.
445 713 472 764 in
497 715 706 779 possessionibus
732 717 854 774 Gradani,
880 715 976 765 Dedici
995 723 1021 766 et
1042 704 1193 767 Cruomerci
1213 727 1367 784 perpetrata
1385 722 1423 772 in·

345 801 443 864 quirat.
452 827 1418 847 ·······················································
1478 810 1529 867 387

263 916 324 966 402.
342 909 419 956 Anno
441 915 524 969 1397,
547 917 585 957 11.
606 907 743 961 februarii,
766 909 919 974 Zagrabiae.
946 909 1057 958 Carolus
1078 911 1192 960 Petrucii
1212 913 1336 976 publicus
1356 927 1418 978 apo·

342 997 451 1045 stolicus
470 1002 496 1045 et
515 996 662 1060 imperialis
680 997 800 1053 notarius
820 998 850 1045 ad
870 1012 960 1061 preces
973 1000 1149 1048 nonnulorum
1163 1001 1360 1065 capitularium,
1375 1018 1421 1068 pu·

342 1083 421 1133 blicis
439 1084 538 1143 litteris
558 1092 677 1141 testatur,
696 1085 767 1134 cives
793 1085 954 1134 Greeheuscs
974 1086 1001 1134 in
1020 1088 1082 1135 eccl.
1103 1088 1252 1137 cathedrali
1271 1104 1420 1140 excommu-

342 1171 444 1221 uicatos
463 1171 563 1221 luisse·
666 1199 1420 1218 ··········································
1479 1179 1530 1238 388

263 1287 323 1337 403.
344 1279 420 1327 Auno
449 1286 531 1340 1397,
558 1288 596 1337 tr.
622 1278 761 1329 februarii.
780 1279 896 1344 Simigii.
917 1280 1067 1330 Conventus
1086 1297 1105 1331 s.
1125 1282 1239 1331 Adriani
1257 1283 1289 1332 de
1309 1283 1421 1346 simigio

343 1366 454 1416 Detrico
475 1367 567 1416 Ilubelr
588 1369 662 1423 bano,
682 1366 782 1418 nefarie
801 1378 859 1417 acta
879 1383 926 1433 per
944 1368 1092 1433 capitulum
1111 1370 1216 1435 zagrab.
1237 1370 1264 1420 in
1282 1371 1422 1438 possessio·

343 1455 419 1504 nibus
440 1455 555 1504 civitatis
576 1456 740 1510 Grecltcusis,
760 1470 821 1505 vera
840 1472 902 1512 esse,
923 1457 1004 1506 resert
1020 1483 1416 1500 ·······················

263 1570 322 1620 404.
342 1563 419 1609 Anno
433 1570 495 1622 1397
509 1600 514 1618 ,
525 1571 566 1610 21.
576 1561 1123 1627 martii,Quinqueeccssesiis.sigismundus
1135 1565 1287 1629 lluugariae
1299 1571 1348 1616 etc.
1362 1582 1418 1625 rex,

344 1649 413 1697 cives
432 1649 600 1701 Greeheuscs.
620 1665 651 1698 ne
670 1656 782 1714 propter
800 1664 920 1699 excessus
940 1664 954 1699 a
974 1651 1096 1712 quolibet
1115 1653 1203 1701 iudice
1216 1655 1420 1704 molestarentur

343 1736 474 1802 prohibet,
499 1751 594 1800 eosque
613 1737 640 1785 iu
657 1739 779 1786 tutellam
804 1737 939 1787 assummit
947 1763 1415 1780 ···························

263 1851 322 1903 405.
345 1847 420 1892 Anno
451 1852 531 1905 1397..
552 1853 592 1900 25.
612 1842 711 1892 martii.
737 1842 987 1905 Quinqueecclesiis.
1007 1843 1193 1908 Sigismundus
1212 1846 1352 1910 Hungarie
1371 1853 1420 1897 etc.

345 1947 400 1989 rex,
420 1931 546 1996 episcopo
565 1940 591 1981 et
610 1932 730 1996 capitulo
749 1931 863 1996 zagrab,
884 1932 985 1980 civibus
1006 1933 1201 1982 Greehensibus
1215 1933 1316 1991 ltindos,
1330 1934 1420 1984 vineas

345 2027 393 2069 etc.
413 2033 478 2082 quas
497 2019 598 2069 ratione
617 2018 810 2068 discordiarum
831 2027 1032 2084 occupaverant,
1051 2021 1128 2069 reddi
1148 2021 1222 2071 iubet
1229 2047 1412 2060 ···········
1474 2033 1527 2086 390

264 2107 325 2166 406.
345 2110 421 2157 Anno
445 2117 527 2169 1397„
550 2118 589 2157 12.
609 2108 710 2172 aprilis.
734 2107 889 2172 Zagrabiae.
916 2107 1096 2157 Commoditas
1115 2109 1212 2158 montis
1231 2109 1387 2160 Greeheusis
1406 2125 1422 2159 1

343 2209 426 2259 poena
445 2195 723 2252 excommunicationis
741 2204 767 2244 et
787 2195 920 2244 interdicti
940 2210 954 2244 a
974 2194 1074 2257 Joaune
1093 2196 1172 2261 episc.
1192 2198 1298 2263 zagrab.
1319 2198 1420 2248 inflicta

334 2283 490 2333 absolvitur.
499 2308 1412 2324 ···················································

263 2399 324 2451 407.
345 2393 420 2439 Anno
444 2400 525 2451 1397..
546 2391 570 2439 8.
589 2390 660 2439 111111.
680 2389 834 2455 Zagrabiae.
846 2389 970 2439 Nicolaus
990 2391 1023 2438 de
1042 2390 1113 2440 Gara
1131 2391 1221 2450 banus,
1235 2386 1339 2442 civibus
1353 2392 1418 2441 Gre-

343 2479 481 2528 ehensibus
507 2478 647 2528 terminum
666 2478 693 2528 iu
712 2493 796 2536 causa,
816 2493 896 2541 quam
921 2479 1034 2542 agebant
1053 2485 1145 2528 contra
1164 2479 1293 2542 quosdam
1311 2481 1418 2529 colonos

346 2569 379 2617 de
398 2567 478 2624 Odra,
501 2575 630 2632 prorogat
645 2593 827 2605 ··········
840 2603 846 2612 .
858 2592 1414 2606 ································

263 2675 324 2734 408.
343 2675 419 2722 Auno
447 2682 529 2734 13912,
555 2686 640 2720 meuse
664 2672 814 2736 septembri.
842 2671 997 2736 Zagrabiae,
1027 2673 1207 2723 Commoditas
1232 2672 1328 2723 montis
1354 2675 1418 2723 Gre-

343 2761 444 2810 eheusis
463 2761 564 2810 abolito
583 2760 675 2824 sigillo
694 2760 777 2809 reteri
797 2775 894 2809 novum
913 2761 998 2825 sculpi
1018 2761 1122 2810 curavit
1140 2761 1279 2824 eidemque
1301 2762 1418 2823 11111111-

341 2866 434 2916 gorem
452 2850 548 2900 tribuit
574 2875 1414 2889 ················································

261 2961 418 3020 409,Α11110
441 2957 522 3018 1398..
546 2966 584 3006 1ο.
605 2956 741 3005 februarii.
768 2955 891 3021 Bacbyie.
919 2955 1102 3020 sigismundus
1120 2956 1274 3021 Hungariac
1293 2967 1342 3006 etc.
1361 2973 1416 3015 rex,

340 3045 451 3096 fundum
479 3045 568 3094 curiae
594 3045 619 3092 iu
645 3053 733 3093 moute
755 3044 905 3094 Greeheusi.
924 3044 1104 3093 molendinum
1122 3058 1152 3092 ac
1172 3045 1294 3093 balneum
1313 3045 1340 3093 iu
1359 3047 1416 3095 eius

340 3133 477 3191 suburbio,
502 3148 569 3195 quac
595 3133 700 3182 suerunt
725 3133 858 3195 quondam
882 3128 1100 3196 Stepltani'dicti
1121 3132 1216 3196 Vrdug
1235 3133 1267 3180 de
1287 3133 1417 3182 Prodauic

334 3222 449 3282 „notorii
468 3221 601 3276 aemulii“,
622 3221 778 3269 Eberhardo
797 3220 921 3285 episcopo
940 3220 1043 3284 rugtab.
1064 3219 1167 3269 confert
1174 3246 1412 3258 ··············

261 3338 320 3387 410¹
342 3331 416 3378 Anno
439 3328 523 3391 1398.,
542 3338 583 3377 22.
604 3328 704 3392 aprilis.
723 3326 753 3376 In
772 3327 880 3392 Wylak.
905 3327 1088 3389 Sigismundus
1108 3326 1261 3388 ilungariae
1280 3333 1338 3383 etc,
1358 3341 1413 3384 rex,

341 3432 372 3465 ue
391 3417 461 3465 cives
480 3416 642 3465 Greeheuscs
660 3430 675 3463 a
694 3415 844 3464 castellanis
863 3415 896 3462 de
915 3422 1002 3463 castro
1021 3414 1134 3463 Medued
1155 3416 1211 3465 ullo
1228 3417 1306 3464 modo
1319 3429 1413 3480 aggra-

341 3510 465 3553 varentur
485 3505 527 3554 vel
546 3505 758 3560 molestarentur,
777 3502 899 3567 prohibet
906 3528 1410 3542 ·····························

170 3635 172 3639 ¹
261 3621 321 3672 411.
341 3614 416 3661 rinno
440 3611 522 3672 1398,
546 3619 586 3669 14,
606 3609 675 3658 maii.
694 3609 848 3673 Zagrabiae.
863 3608 959 3657 Coram
972 3606 1090 3671 Johanue
1104 3610 1230 3658 vicebano
1243 3617 1269 3659 et
1282 3609 1415 3659 iudicibus

340 3699 477 3755 nobilium,
498 3697 670 3747 communitas
688 3697 784 3746 montis
804 3696 960 3746 Greehensis
979 3697 1012 3744 ad
1033 3695 1094 3744 fidei
1113 3696 1256 3746 iussionem
1274 3702 1300 3745 et
1319 3712 1417 3746 recom-

340 3784 520 3851 pensationem
546 3786 710 3840 damnorum,
730 3785 796 3833 duos
816 3782 925 3833 crimine
947 3792 1079 3848 suspectos
1098 3784 1217 3833 subditos
1237 3784 1417 3834 vicecastella·

339 3908 432 3943 uorum
452 3893 484 3941 de
503 3892 624 3950 liedved
643 3907 657 3941 e
677 3891 827 3940 carceribus
846 3890 945 3939 liberat
958 3915 1408 3929 ··························

296 3993 319 4031 2.
339 3984 415 4030 Anno
438 3982 512 4043 1398.
534 3991 575 4030 21.
595 3978 761 4045 septembris
781 3978 934 4044 Zagrabiae.
953 3978 1122 4028 Eberhardus
1145 3979 1225 4044 episc.
1245 3982 1353 4046 zagrab.
1369 3981 1416 4042 qui

338 4069 444 4118 sinistre
465 4068 620 4117 informatus
640 4067 744 4117 cuidam
763 4067 875 4116 Nicolao
905 4068 1017 4117 Pravdid
1047 4074 1099 4117 tres
1117 4068 1244 4117 sessiones
1263 4067 1344 4131 Banja
1362 4071 1416 4117 sela

339 4172 368 4207 ac
387 4157 477 4207 vineas
496 4170 613 4218 arvaque
631 4155 792 4210 abstulisset,
813 4156 919 4221 cognita
938 4156 1057 4213 veritate,
1076 4155 1161 4206 eidem
1181 4156 1298 4205 restituit
1319 4182 1409 4194 ······

259 4275 319 4326 413.
340 4267 416 4314 Auno
439 4273 512 4325 1399.
531 4263 555 4312 ἃ
575 4262 646 4312 maii.
675 4262 828 4327 Zagrabiae.
859 4263 984 4312 Nicolaus
1009 4265 1041 4311 de
1066 4263 1138 4311 Gara
1156 4262 1245 4319 banus,
1276 4263 1415 4313 terminum
1474 4265 1476 4271 '

339 4354 365 4403 in
385 4367 469 4402 causa.
489 4366 568 4413 quam
587 4350 657 4400 cives
668 4351 826 4400 Greeheuscs
846 4359 938 4401 contra
952 4351 1051 4400 incolas
1064 4353 1096 4399 de
1109 4350 1184 4400 Odra
1196 4351 1317 4414 agebant,
1328 4353 1414 4401 denuo

338 4448 468 4506 prorogat
485 4464 1410 4480 ·····················································

259 4541 320 4591 414.
339 4531 415 4578 Anno
437 4537 510 4591 1399.
531 4528 572 4581 26.
591 4525 672 4590 Junii.
696 4527 847 4592 Zagrabiae.
874 4527 970 4577 Coram
989 4524 1108 4589 Jobaune
1127 4526 1252 4576 viccbano
1271 4533 1296 4577 ct
1316 4527 1409 4577 iudici·

338 4616 388 4665 bus
407 4614 539 4666 nobilium
558 4615 730 4665 communitas
748 4616 844 4665 montis
864 4615 1021 4666 Greeheusis
1048 4616 1080 4664 de
1105 4615 1240 4681 occupatis
1267 4630 1315 4679 per
1344 4614 1413 4666 filios

338 4703 409 4753 Toth
428 4705 460 4752 de
478 4702 629 4767 Susedgrad
648 4701 868 4767 possessionibus:
897 4703 1044 4760 Petrovina,
1069 4703 1178 4766 Hrastja
1197 4708 1223 4752 et
1240 4688 1413 4768 Siljakovina,

338 4797 501 4854 protestatur
517 4816 1410 4832 ··················································
1467 4802 1523 4856 399
