3488 5242
597 325 670 382 Doc.
688 338 763 401 301.
781 338 857 401 3⁰2·
885 358 921 367 —
947 326 1003 385 An.
1027 321 1119 402 1380.

816 520 902 585 301.

330 645 407 694 Anno
429 643 502 701 1380.
523 651 564 701 23.
584 642 687 708 aprilis.
708 641 861 708 Zagrabiae.

264 771 386 848 ludices
408 771 543 827 nobilium
566 771 713 828 comitatus
736 771 852 844 zograb.
876 770 1021 827 Ludooico
1043 771 1108 843 regi
1127 771 1306 844 Hungorioc
1327 772 1360 828 a'c
1383 791 1446 829 nece

654 878 776 950 Georgii
793 878 907 948 sutoris,
930 878 1067 952 referunt.

313 1004 580 1062 Excellentissimo
603 1004 729 1062 domino
754 1018 862 1060 eorum
892 1003 1058 1075 Iodouico,
1083 1003 1131 1062 dei
1162 1007 1266 1077 gracia
1297 1006 1404 1063 inclito
1425 1007 1490 1078 regi

226 1111 391 1182 Hungarie,
416 1110 550 1178 polonie,
574 1110 735 1167 Dalmacie
767 1115 822 1167 etc.
851 1108 976 1191 Judices
1007 1109 1160 1167 nobilium
1192 1111 1355 1167 comitatus
1385 1126 1490 1182 zagra-

226 1217 340 1274 biensis
373 1216 608 1273 inclinacionem
638 1230 710 1272 cum
735 1220 884 1287 perpetua
915 1213 1072 1272 fidelitate.
1104 1215 1233 1272 Noverit
1259 1221 1361 1273 vestra
1393 1215 1489 1272 subli-

226 1323 318 1380 mitas
339 1337 395 1380 nos
419 1323 572 1394 recepisse
596 1322 713 1378 litteras
737 1321 877 1392 magistri
902 1319 1021 1377 Nicolai
1044 1320 1083 1377 de
1108 1321 1221 1391 Virtus,
1239 1322 1360 1379 comitis
1384 1337 1487 1394 zagra-

226 1428 339 1485 biensis
363 1435 392 1485 et
408 1429 567 1485 castellani
583 1427 621 1484 de
634 1426 783 1497 Medwed,
797 1427 877 1482 hunc
890 1434 1027 1483 tenorem
1043 1427 1243 1485 continentes:
1260 1426 1332 1496 (vid.
1346 1443 1389 1484 nr.
1406 1418 1490 1502 300.)

225 1534 289 1591 Nos
312 1536 415 1607 itaque
434 1534 639 1608 peticionibus
657 1534 754 1606 ipsius
775 1533 915 1604 magistri
936 1531 1055 1589 Nicolai
1076 1531 1114 1588 de
1128 1533 1234 1589 Virtus
1249 1533 1371 1590 comitis
1386 1549 1490 1605 zagra-

226 1641 340 1698 biensis
356 1647 522 1698 annuentes
545 1645 579 1696 ut
596 1646 743 1709 tenemur,
760 1639 838 1696 duos
857 1654 895 1695 ex
911 1638 1009 1708 nobis,
1026 1638 1171 1696 videlicet
1186 1638 1371 1711 Gregorium
1389 1638 1489 1696 filium

226 1747 359 1804 Irethlen
376 1755 406 1804 et
417 1747 598 1830 Jobannem,
615 1745 715 1802 filium
729 1744 863 1817 Georgii,
880 1743 996 1802 iudices
1011 1745 1164 1802 nobilium
1181 1746 1343 1802 comitatus
1360 1745 1491 1818 predicti

226 1853 432 1925 zagrabiensis
456 1852 494 1909 ad
519 1852 667 1925 premissa
691 1850 873 1924 inquirenda
896 1866 953 1924 pro
977 1851 1152 1907 testimonio
1176 1849 1321 1908 duximus
1338 1851 1492 1907 transmit·

225 1943 341 2028 tendoS,
365 1960 418 2032 qui
442 1957 566 2015 tandem
589 1957 627 2014 ad
652 1973 708 2014 nos
731 1956 841 2014 exinde
864 1958 981 2013 reversi
997 1958 1087 2013 nobis
1102 1955 1295 2013 concorditer
1311 1957 1490 2027 retulerunt,

225 2064 308 2138 quod
334 2065 392 2138 ipsi
416 2064 554 2137 predicta
586 2062 663 2120 feria
686 2064 793 2135 quinta
816 2061 966 2135 Zagrabie
990 2061 1184 2135 procedendo
1208 2063 1312 2134 palam
1336 2070 1366 2118 et
1389 2063 1490 2119 oculte

226 2170 440 2243 investigando
455 2171 496 2227 ab
513 2170 658 2227 omnibus
674 2185 691 2225 a
708 2169 822 2241 quibus
839 2167 989 2224 decuisset
1005 2173 1035 2224 et
1051 2168 1184 2224 licuisset
1206 2168 1310 2240 palam
1327 2174 1356 2224 et
1372 2169 1491 2225 occulte

227 2278 470 2349 investigassent,
494 2276 610 2333 scilicet
634 2291 651 2331 a
673 2274 833 2332 nobilibus
856 2280 886 2330 et
910 2273 1109 2345 ignobilibus,
1134 2274 1254 2331 clericis
1277 2280 1308 2331 et
1323 2274 1418 2345 laycis
1435 2275 1491 2330 sci·

206 2383 349 2451 sissent,
374 2381 456 2454 quod
481 2398 537 2454 per
569 2380 748 2437 mandatum
781 2379 911 2453 predicti
941 2379 1067 2453 capituli
1097 2384 1126 2436 et
1149 2359 1399 2436 commissionem
1423 2395 1491 2452 spe·

225 2488 336 2546 cialem
360 2488 528 2545 familiares
552 2488 771 2559 magistrorum
797 2485 918 2543 Andree
942 2492 971 2542 et
988 2486 1101 2542 Mathei
1117 2485 1405 2543 archidiaconorum
1422 2501 1492 2558 pre·

227 2594 286 2652 fate
302 2594 510 2667 zagrabiensis
525 2593 661 2662 ecclesie,
682 2592 856 2666 predictum
873 2590 1043 2664 Georgium
1056 2599 1192 2649 sutorem
1209 2593 1238 2648 in
1256 2593 1306 2649 via
1323 2597 1491 2663 receptum,

224 2702 308 2757 clara
333 2701 409 2770 luce,
440 2700 607 2757 crudeliter
630 2706 659 2756 et
690 2698 847 2755 lethaliter
870 2699 1070 2755 winerassent
1100 2704 1131 2755 et
1161 2699 1205 2755 sic
1237 2698 1422 2754 wlneratum
1446 2712 1492 2753 se-

224 2807 377 2863 mivivum
408 2807 612 2879 reliquissent.
636 2806 690 2878 qui
714 2804 837 2862 tandem
863 2803 939 2861 seria
961 2805 1054 2862 tercia
1079 2804 1218 2878 predicta
1242 2804 1325 2860 viam
1350 2804 1492 2861 universe

224 2913 323 2970 carnis
346 2919 391 2970 est
414 2913 577 2984 ingressus,
601 2912 695 2968 nullis
718 2912 818 2984 culpis
834 2912 897 2968 suis
913 2911 1107 2983 exigentibus
1123 2911 1297 2983 aliquibus;
1315 2909 1368 2966 lite
1384 2914 1486 2966 tamen

226 3017 378 3090 pendente
410 3019 488 3075 inter
521 3017 675 3092 predictos
707 3017 789 3074 cives
820 3025 849 3073 et
880 3017 1052 3089 capitulum
1084 3023 1272 3073 annotatum.
1296 3015 1412 3072 Datum
1436 3015 1490 3071 Za·

223 3124 339 3194 grabie‚
371 3123 447 3181 teria
477 3123 611 3180 secunda
644 3123 788 3195 proxima
817 3128 887 3180 ante
918 3122 1091 3196 predictum
1123 3123 1235 3180 festum
1261 3122 1342 3179 beati
1365 3121 1492 3193 Georgii

224 3231 367 3287 martiris
391 3232 481 3287 Anno
505 3229 623 3286 domini
649 3235 801 3287 annotato.

311 3366 385 3430 Joan.
406 3364 573 3429 Kukuljevie.
592 3364 679 3414 Arkiv
698 3379 726 3413 za
746 3364 850 3429 poviest
867 3365 997 3430 jugoslav.
1018 3366 1034 3412 l.
1055 3363 1101 3412 111.
1122 3380 1146 3428 p.
1166 3365 1207 3414 88.

813 3542 904 3607 302.

329 3668 406 3715 Anno
429 3666 501 3724 1380.
523 3675 563 3723 23.
583 3665 684 3730 aprilis.
704 3665 857 3730 Zagrabiae.

217 3793 338 3868 judices
369 3794 505 3850 arabilium
535 3795 683 3851 comitatus
714 3794 831 3866 zagrob.
860 3793 1035 3851 Ludooicum
1057 3813 1150 3865 regem
1173 3795 1350 3867 Huogoriac
1372 3795 1406 3852 de
1428 3813 1492 3852 occe

551 3901 691 3974 Gregorii
711 3901 849 3974 inquilini
868 3902 1013 3958 certiorem
1036 3901 1168 3958 reddunt.

311 4027 577 4085 llxcellentissimo
607 4028 734 4085 domino
765 4043 873 4084 eorum
906 4028 1069 4097 Lodouico,
1093 4027 1142 4084 dei
1165 4028 1269 4099 gracia
1291 4027 1400 4084 inclito
1423 4028 1489 4099 regi

223 4133 389 4205 ilungarie,
421 4133 555 4203 polonie,
586 4135 746 4191 Dalmacie
776 4141 831 4191 etc.
862 4133 977 4191 iudices
1008 4132 1161 4190 nobilium
1194 4133 1356 4190 comitatus
1384 4148 1490 4203 zagra-

223 4240 337 4297 biensis
368 4240 601 4296 inclinacionem
633 4256 704 4297 cum
737 4248 887 4313 perpetua
917 4237 1074 4295 fidelitate.
1107 4238 1235 4294 Noverit
1266 4244 1368 4294 vestra
1392 4239 1490 4295 subli-

223 4346 323 4414 mitas,
348 4360 402 4401 nos
426 4346 577 4418 recepisse
602 4346 719 4402 litteras
744 4347 883 4417 magistri
910 4346 1028 4403 Nicolai
1051 4346 1090 4403 de
1113 4346 1228 4413 Virtus
1245 4345 1367 4401 comitis
1382 4360 1487 4416 zagra-

223 4451 337 4508 biensis
360 4458 389 4507 et
413 4451 572 4508 castellani
595 4451 633 4507 de
657 4450 806 4521 Medwed,
831 4451 912 4509 hunc
932 4460 1070 4510 tenorem
1093 4453 1297 4509 continentes:
1322 4445 1396 4528 (vid.
1419 4463 1489 4524 295.

223 4572 303 4613 anno
330 4557 420 4629 1380.
449 4573 494 4631 ¹4-
518 4551 647 4631 aprilis.)
679 4557 742 4614 Nos
774 4559 876 4630 itaque
907 4558 1110 4630 peticionibus
1141 4563 1171 4614 et
1205 4556 1358 4613 mandatis
1392 4556 1489 4629 ipsius

223 4663 363 4734 magistri
388 4662 506 4719 Nicolai
529 4662 568 4719 de
585 4663 691 4719 Virtus
712 4664 834 4720 comitis
849 4664 1056 4736 zagrabiensis
1072 4669 1102 4720 et
1117 4662 1277 4720 castellani
1292 4661 1331 4718 de
1346 4660 1487 4719 Medwed

221 4776 396 4836 annuentes,
420 4768 498 4824 duos
521 4783 559 4823 ex
582 4768 681 4838 nobis,
705 4767 858 4841 videlicet,
882 4769 1077 4842 Gregorium,
1102 4770 1202 4827 filium
1228 4768 1362 4827 Irethlen
1384 4773 1415 4824 et
1437 4767 1489 4848 Jo-
