3488 5242
612 323 685 380 Doc.
707 335 777 400 274.
800 333 868 399 275.
896 353 931 362 -
950 321 1006 378 An.
1028 330 1114 398 1377.

826 516 913 583 274.

343 659 419 706 Anno
441 665 514 716 1377,
539 665 577 711 17.
597 658 721 713 octobris.
741 657 895 722 Zagrabiae.

235 784 356 860 Judr‘ces
379 785 514 841 nobilium
536 788 684 843 comitatus
706 787 822 859 zagrab.
847 805 938 859 regem
961 786 1137 843 ludovicum
1155 787 1298 862 facinora
1327 805 1347 842 u
1377 789 1503 861 copimlo

338 891 454 964 aagrob.
478 892 509 947 iu
531 893 605 950 ciues
631 892 805 951 Greclreuses
828 901 903 962 octo,
925 911 983 949 csse
1005 910 1084 962 uera,
1110 894 1255 950 certiorem
1278 893 1406 950 reddunt.

327 1035 593 1094 Excellentissimo
618 1037 744 1094 domino
768 1052 876 1094 eorum
908 1037 1073 1107 Lodouico‚
1097 1036 1146 1094 dei
1168 1037 1271 1109 gracia
1299 1037 1414 1094 illustri
1437 1038 1503 1110 regi

182 1180 184 1185 -
235 1141 400 1212 Hungarie,
423 1140 606 1215 Stephanus,
629 1142 714 1200 filius
737 1143 877 1215 Mykech,
901 1142 1080 1215 Gregorius,
1096 1143 1180 1200 filius
1198 1143 1317 1213 lretlen,
1332 1143 1496 1224 Johannes,

235 1246 318 1303 filius
340 1247 467 1319 Georgii
497 1253 525 1305 et
558 1248 696 1322 Mykech,
724 1249 808 1306 filius
842 1249 992 1318 Cerhenlr,
1016 1247 1131 1306 iudices
1157 1249 1309 1305 nobilium
1334 1249 1497 1306 comitatus

236 1353 450 1424 zagrabiensis,
475 1354 601 1412 domino
632 1355 771 1428 ipsorum
802 1356 935 1413 naturali
965 1355 1199 1413 inclinacionem
1224 1356 1400 1412 continuam
1426 1370 1496 1412 cunr

236 1464 386 1531 perpetua
410 1458 565 1517 fidelitate.
590 1460 717 1518 Noverit
740 1467 843 1518 vestra
866 1463 1012 1520 serenitas
1034 1476 1090 1519 nos
1114 1462 1264 1535 recepisse
1287 1462 1406 1519 litteras
1433 1477 1498 1519 ma·

236 1565 323 1636 gistri
347 1563 468 1621 Nicolai
491 1564 529 1621 de
553 1566 674 1637 Vertus,
698 1568 820 1624 comitis
843 1568 1057 1639 zagrabiensis,
1083 1568 1199 1624 honore
1215 1567 1400 1637 condecenti,
1417 1568 1498 1625 hunc

239 1677 376 1727 tenorem
399 1671 603 1729 continentes:
628 1665 700 1750 (vid.
725 1690 769 1730 nr.
796 1687 865 1746 273.
889 1689 935 1730 an.
957 1687 1047 1745 1377,
1072 1690 1099 1747 9.
1116 1666 1271 1749 octobris).
1295 1672 1358 1729 Nos
1374 1688 1498 1746 quoque

237 1777 442 1850 peticionibus
465 1778 562 1851 ipsius
579 1778 718 1850 magistri
736 1778 853 1837 Nicolai
871 1779 992 1836 comitis
1008 1779 1214 1851 zagrabiensis
1229 1783 1405 1848 annuentes
1421 1777 1499 1836 duos

197 1880 199 1884 ”
237 1898 274 1938 ex
299 1882 388 1939 nobis
412 1883 557 1940 videlicet
577 1882 772 1956 Gregorium‚
790 1884 890 1941 lilium
914 1884 1024 1941 [retlen
1040 1890 1070 1941 et
1087 1882 1224 1955 Mykech,
1240 1883 1341 1940 filium
1359 1883 1502 1942 Cerhenk

237 1987 275 2044 ad
317 1989 466 2061 premissa
498 1987 655 2045 rescienda
685 2004 743 2062 pro
770 1990 945 2047 testimonio
975 1988 1120 2047 duximus
1159 1989 1418 2059 transmittendos,
1448 1990 1525 2062 qui<

238 2091 364 2149 demum
388 2093 425 2150 ad
452 2109 506 2150 nos
529 2095 645 2151 reversi
669 2095 758 2152 nobis
781 2095 973 2152 concorditer
988 2096 1168 2167 retulerunt,
1185 2095 1268 2169 quod
1292 2096 1352 2169 ipsi
1376 2096 1502 2154 infesto

238 2200 319 2255 beati
344 2198 428 2256 Galli
452 2199 635 2257 confessoris
658 2200 697 2257 ad
728 2200 900 2275 predictam
931 2202 1088 2259 civitatem
1115 2201 1300 2260 Grccensem
1325 2209 1354 2260 et
1377 2201 1416 2260 ad
1440 2203 1502 2260 alia

238 2306 306 2362 loca
329 2306 499 2362 necessaria
523 2306 741 2379 processissent
772 2312 801 2364 et
834 2308 1055 2365 consciensiose
1084 2308 1124 2365 ab
1147 2308 1292 2366 omnibus
1315 2309 1429 2380 quibus
1451 2308 1504 2366 de·

239 2411 350 2468 cuisset
373 2417 402 2468 et
426 2411 561 2469 licuisset
577 2412 683 2485 palam
701 2419 730 2469 et
746 2414 848 2471 oculte
869 2413 1083 2485 investigando
1106 2414 1266 2477 scivissent
1289 2414 1504 2472 omnimodam

135 2548 140 2553 ·
240 2519 410 2588 veritatem,
435 2524 467 2575 ut
489 2523 534 2576 est
558 2519 587 2576 in
620 2519 730 2576 litteris
761 2519 907 2593 predictis
939 2519 1036 2593 ipsius
1068 2519 1206 2591 magistri
1240 2519 1359 2576 Nicolai
1383 2521 1505 2578 comitis

241 2624 449 2696 zagrabiensis
473 2624 511 2680 de
536 2625 632 2681 verbo
655 2625 692 2681 ad
718 2626 850 2682 verbum
872 2641 1062 2698 expressum,
1091 2632 1269 2695 asserentes,
1293 2625 1375 2698 quod
1401 2624 1505 2699 fruges

241 2731 271 2786 in
294 2745 406 2802 magna
437 2731 606 2802 quantitate
637 2730 766 2788 fuissent
794 2731 964 2801 combuste,
995 2731 1047 2788 sed
1080 2730 1118 2788 de
1150 2747 1280 2789 numero
1311 2733 1506 2805 capeciarum

240 2836 378 2908 ipsarum
403 2835 526 2908 frugum
562 2837 683 2909 penitus
706 2853 870 2894 numerum
892 2836 958 2895 iore
982 2838 1179 2910 ignorassent.
1208 2837 1323 2895 Datum
1349 2837 1506 2909 Zagrabie,

241 2943 372 2999 sabbato
396 2943 540 3016 proximo
564 2948 634 3016 post
657 2943 833 3016 predictum
855 2943 969 3001 festum
993 2944 1075 3001 beati
1098 2943 1183 3002 Galli
1207 2943 1397 3001 confessoris.
1416 2944 1505 3001 Anno

244 3047 361 3105 domini
385 3049 526 3121 superius
550 3048 639 3106 dicto.

332 3165 472 3231 Originale
486 3165 512 3214 in
527 3166 624 3225 charta,
639 3182 654 3215 a
668 3172 743 3232 tergo
757 3167 809 3216 tria
822 3167 948 3232 impressa
962 3167 1052 3232 sigilla
1065 3167 1095 3216 In
1108 3167 1206 3217 archiv.
1218 3166 1263 3216 lib.
1278 3181 1332 3231 reg.
1344 3166 1393 3216 civ.
1403 3166 1501 3232 zagrab

835 3417 918 3485 275.

330 3540 406 3588 Anno
429 3546 502 3597 1377,
523 3549 561 3597 31.
583 3540 706 3589 octobris.
726 3541 800 3590 Zelii.

242 3666 406 3723 Lodouicus
428 3668 605 3739 Hungariae
627 3676 674 3725 etc.
698 3688 751 3725 rex
774 3670 805 3726 in
828 3670 909 3725 ciuili
928 3670 1100 3727 dissensione
1122 3672 1199 3726 tuter
1219 3672 1375 3744 episcopum
1389 3670 1507 3744 zugrob.

288 3773 402 3846 eiusque
424 3774 580 3845 copiurlum
603 3781 631 3830 ct
651 3775 724 3832 ciues
754 3774 936 3844 Greclaeenscs,
958 3794 1004 3831 cos
1024 3775 1069 3833 ud
1080 3783 1183 3849 pacem
1205 3793 1340 3833 reuocare
1361 3777 1459 3833 studet.

332 3917 505 3974 Lodouicus
528 3917 578 3975 dei
601 3919 705 4002 gracia
728 3934 782 3975 rex
806 3919 972 3991 Hungarie,
996 3918 1131 3989 Palania,
1155 3919 1314 3976 Dalmacie
1338 3924 1392 3976 etc.
1409 3919 1508 3977 Fideli

244 4039 300 4081 suo
332 4023 446 4080 dilecto
479 4024 650 4080 venerabili
682 4025 713 4081 in
744 4023 868 4082 Christo
898 4026 988 4098 patri,
1021 4024 1147 4083 domino
1171 4025 1338 4096 Demetrio,
1362 4026 1508 4099 episcopo

244 4129 442 4201 zagrabiensi,
477 4130 547 4185 aule
575 4145 629 4186 sue
660 4145 807 4202 sumpmo
834 4131 1027 4202 cancellario,
1051 4131 1183 4188 salutem
1207 4139 1237 4189 et
1259 4132 1403 4203 graciam.
1425 4132 1509 4189 Licet

245 4234 353 4292 fideles
376 4235 458 4292 cives
482 4239 512 4291 et
537 4236 673 4308 hospites
696 4237 792 4294 nostri
816 4235 1006 4294 Grechenses
1029 4236 1068 4293 de
1090 4235 1242 4309 Zagrabia
1265 4242 1372 4294 contra
1393 4252 1450 4294 vos
1478 4243 1509 4294 et

245 4341 415 4414 capitulum
449 4348 588 4398 vestrum
619 4351 648 4399 et
678 4358 694 4397 e
726 4335 875 4399 converso
910 4342 1035 4400 discreti
1068 4343 1128 4400 viri
1159 4342 1279 4400 Blasius
1310 4349 1340 4399 et
1370 4341 1509 4400 Andreas

246 4446 452 4503 archidiaconi
488 4446 615 4503 ecclesie
651 4447 866 4518 zagrabiensis,
901 4453 1004 4508 vestra
1030 4452 1060 4505 et
1083 4448 1181 4522 ipsius
1211 4448 1340 4523 capituli
1369 4447 1510 4522 personis

246 4557 351 4608 contra
381 4552 566 4609 alterutrum
596 4568 707 4625 graves
737 4553 931 4625 porrexerint
965 4554 1107 4626 querelas
1136 4569 1230 4628 super
1260 4553 1391 4611 diversis
1422 4552 1510 4611 lactis

246 4662 276 4714 et
299 4657 418 4713 actibus
449 4658 659 4730 potenciariis;
691 4665 793 4716 tamen
823 4659 897 4732 quia
927 4658 1115 4717 confidentes
1145 4659 1184 4717 de
1214 4665 1317 4717 vestra
1351 4658 1509 4729 fidelitate,

247 4767 282 4820 ut
304 4762 420 4821 tactum
444 4763 623 4822 huiusmodi
650 4763 819 4824 reformare
843 4770 873 4824 et
895 4765 935 4823 ad
957 4765 1088 4840 pristine
1109 4765 1195 4840 pacis
1217 4764 1363 4824 unionem
1385 4764 1510 4823 reduce·
