3488 5242
607 330 681 388 Dac.
700 342 775 407 391.
792 342 869 406 392.
889 361 926 371 -
952 328 1008 386 Aa.
1033 324 1124 405 1396.

823 523 907 590 391.

340 668 415 717 Anno
437 668 511 729 1396,
533 676 571 725 13.
591 665 715 716 octobris.
735 665 888 731 Zagrabiae.

238 795 376 851 Detricus
405 790 506 853 Bubck
535 794 627 850 banus
649 794 680 849 in
702 810 791 849 causa
816 810 891 866 quae
920 792 954 848 de
975 792 1152 865 possessione
1179 791 1328 867 Hrastlrja
1351 791 1500 863 agebatur,

527 900 677 957 laminam
704 898 888 971 cataparendi
900 897 1038 971 partibus
1054 904 1207 971 prorogat.

323 1044 386 1102 Nos
408 1044 552 1102 Detricus
575 1043 690 1111 Bubek,
713 1043 799 1115 regni
822 1040 985 1101 Sclauonie
1008 1042 1114 1099 banus.
1130 1041 1250 1098 Damus
1265 1056 1324 1115 pro
1340 1042 1499 1111 memoria,

234 1149 318 1222 quod
342 1165 474 1220 causam,
498 1165 594 1222 quam
616 1150 718 1220 iudex,
745 1149 845 1219 iurati,
877 1147 1045 1206 consiliarii
1067 1154 1096 1205 et
1120 1148 1257 1207 universi
1279 1148 1363 1204 cives
1387 1148 1500 1205 montis

235 1255 426 1326 Grechensis,
457 1273 515 1331 pro
547 1257 661 1330 quibus
691 1255 802 1314 Gallus
831 1256 998 1327 Hungarus
1028 1270 1100 1311 cum
1132 1253 1353 1327 procuratoriis
1387 1254 1499 1311 litteris

234 1360 416 1419 eorumdem
448 1362 543 1419 astitit
573 1367 679 1418 contra
705 1359 897 1435 Stephanum
920 1366 950 1417 et
974 1359 1164 1430 ladizlaum,
1188 1357 1270 1416 filios
1295 1357 1448 1416 Benedicti
1470 1364 1501 1417 et

235 1466 431 1538 Gregorium,
463 1467 564 1524 filium
596 1467 766 1539 ilychaelis
796 1466 834 1523 de
865 1464 957 1536 Odra,
989 1480 1047 1539 pro
1077 1464 1191 1538 quibus
1222 1463 1393 1535 ladizlaus,
1428 1480 1499 1522 cum

234 1574 454 1648 procuratoriis
483 1573 592 1630 litteris
615 1573 728 1631 nostris
758 1572 941 1645 comparuit,
968 1572 1052 1628 iuxta
1076 1570 1298 1629 continenciam
1323 1570 1499 1629 litterarum

237 1686 411 1736 nostrarum
451 1679 746 1752 prorogatoriarum,
784 1694 878 1750 super
916 1676 997 1734 facto
1031 1676 1292 1747 contradiccionis,
1323 1676 1501 1735 statucionis

238 1784 399 1841 cuiusdam
423 1785 632 1858 possessionis,
660 1784 798 1842 Hrascha
820 1792 936 1855 vocate,
961 1783 990 1840 in
1014 1783 1131 1840 octavis
1154 1783 1236 1840 beati
1261 1782 1429 1855 Mychaelis
1452 1799 1499 1841 ar·

238 1890 380 1961 changeii
412 1905 539 1948 movere
569 1891 725 1948 habebant
752 1905 855 1948 coram
886 1890 984 1960 nobis,
1016 1888 1054 1945 de
1085 1889 1226 1963 parcium
1264 1894 1499 1962 procuratorum

236 1995 395 2053 voluntate
417 1995 456 2052 ad
481 2003 606 2053 octavas
630 1996 699 2054 festi
723 1997 805 2054 beati
827 1995 953 2067 Georgii
977 1995 1121 2065 martiris,
1146 2010 1226 2051 nunc
1243 1998 1396 2066 venturas,
1413 1993 1500 2052 duxi·

236 2116 306 2158 mus
337 2101 574 2173 prorogandam.
608 2102 766 2160 Presentes
796 2109 899 2161 autem
926 2101 1025 2173 sigilis
1054 2101 1166 2158 nostris
1194 2100 1373 2157 absentibus
1396 2099 1501 2172 sigillo

237 2207 378 2278 magistri
403 2208 526 2265 Martini
557 2208 636 2265 Ders
659 2208 800 2266 vicebani
823 2215 853 2266 et
876 2208 998 2265 comitis
1021 2206 1118 2263 nostri
1141 2205 1348 2278 zagrabiensis
1372 2203 1501 2263 fecimus

238 2313 417 2384 consignari.
451 2314 566 2371 Datum
591 2314 748 2386 Zagrabie,
779 2320 889 2372 octavo
921 2313 970 2371 die
1000 2312 1124 2370 termini
1148 2312 1309 2386 prenotati.
1334 2312 1424 2369 Anno
1448 2310 1501 2368 do·

239 2419 314 2475 mini
339 2418 448 2476 MCCC
471 2421 671 2493 nonagesimo
694 2426 788 2478 sexto.

327 2553 467 2617 Originale
487 2554 513 2604 in
532 2555 631 2613 charta,
651 2570 666 2605 a
686 2562 762 2620 tergo
781 2556 923 2622 vestigium
942 2556 1064 2622 impressi
1078 2555 1170 2621 sigilli.
1184 2554 1214 2604 ln
1227 2554 1297 2605 arch.
1311 2555 1391 2604 Acad.
1405 2553 1500 2605 Scient.

238 2643 307 2693 Slav.
328 2641 420 2691 merid.

825 2840 914 2906 392.

341 3000 416 3047 Anno
439 2997 512 3059 1396,
535 3007 558 3055 3.
579 2997 733 3048 decembris.
753 2998 906 3064 Zagrabiae.

243 3123 323 3182 (ioca
353 3125 526 3182 Grcrlrcnsas
548 3143 643 3182 caram
664 3126 800 3182 Martiam
822 3126 911 3195 Ders,
935 3125 1077 3189 virebant),
1099 3131 1313 3199 cartqtceruntur
1335 3123 1501 3200 contrusa

234 3230 358 3287 hannem
380 3231 415 3288 de
439 3231 537 3301 Zeech,
558 3232 672 3305 erasque
692 3231 879 3289 castellanam
904 3232 1058 3289 Miahrum
1081 3232 1170 3299 Heer,
1192 3232 1246 3304 qui
1263 3231 1379 3304 aliquas
1386 3237 1497 3303 passes-

236 3337 327 3393 siones
349 3337 474 3410 pisarum
490 3344 583 3394 castra
600 3316 683 3394 Zeleia
698 3338 897 3411 appropriare,
912 3355 947 3395 ac
962 3337 1104 3394 ‹luodcct'm
1119 3337 1192 3394 cives
1208 3336 1331 3393 detincre
1345 3335 1497 3393 nitebatur.

324 3497 386 3555 Nos
417 3498 564 3570 magister
587 3500 735 3557 Martinus
758 3500 837 3558 Ders
861 3500 1028 3558 vicebanus
1051 3505 1081 3557 et
1103 3515 1207 3556 comes
1226 3497 1440 3571 zagrabiensis,
1463 3513 1499 3555 ac

235 3604 350 3661 iudices
366 3604 520 3660 nobilium
536 3604 675 3662 eiusdem
691 3606 863 3663 comitatus.
880 3605 1030 3663 hlemorie
1046 3604 1308 3672 commendamus,
1329 3601 1501 3675 quodcum

235 3725 291 3765 nos
314 3708 351 3765 ad
379 3709 544 3766 instantem
567 3711 753 3783 peticionem
776 3711 981 3783 providorum
1015 3711 1164 3780 virorum,
1188 3709 1306 3779 iudicis,
1330 3708 1503 3766 iuratorum

236 3822 266 3871 et
290 3814 506 3871 universorum
529 3815 646 3871 civium
669 3816 803 3873 civitatis
826 3817 940 3873 montis
958 3815 1121 3874 Grecensis
1137 3815 1175 3874 de
1191 3815 1351 3887 Zagrabia,
1368 3815 1502 3886 Petrum,

236 3919 337 3977 filium
362 3918 519 3993 Stephani,
543 3936 639 3978 unum
662 3937 701 3978 ex
724 3922 822 3992 nobis,
845 3921 962 3980 scilicet
991 3921 1146 3980 iudicibus
1177 3921 1330 3979 nobilium
1353 3927 1384 3979 et
1406 3920 1503 3993 magi·

236 4031 337 4083 strum
362 4023 525 4082 Nicolaum
550 4025 730 4097 litteratum,
761 4028 1032 4100 prothonotarium
1062 4027 1143 4085 sedis
1166 4026 1373 4101 zagrabiensis
1395 4025 1435 4084 ad
1458 4027 1503 4083 in·

237 4130 401 4204 trascripta
425 4131 600 4203 peragenda
622 4147 695 4190 cum
719 4133 830 4191 litteris
852 4134 964 4192 nostris
986 4133 1233 4191 destinassemus.
1253 4131 1392 4190 Tandem
1407 4131 1504 4190 iidem

236 4235 346 4293 exinde
369 4235 408 4293 ad
432 4250 488 4292 nos
510 4237 627 4294 reversi
653 4238 742 4295 nobis
766 4237 959 4297 concorditer
981 4239 1162 4311 retulerunt,
1186 4237 1271 4311 quod
1294 4252 1366 4294 cum
1388 4237 1449 4310 ipsi
1472 4237 1503 4294 in

238 4341 316 4399 festo
339 4341 422 4399 beati
446 4340 569 4399 Andree
592 4344 734 4418 apostoli,
758 4344 901 4416 proxime
924 4345 1116 4418 preteritum,
1137 4343 1177 4402 ad
1200 4343 1365 4402 Nicolaum
1385 4342 1504 4401 dictum

238 4447 329 4517 Heer,
353 4446 555 4504 castellanum
580 4448 719 4521 magistri
748 4448 906 4530 johannis,
937 4450 996 4508 filii
1025 4448 1158 4508 condam
1188 4449 1309 4508 Nicolai
1335 4448 1374 4507 de
1397 4448 1502 4519 Zeech,

238 4551 276 4610 de
300 4550 403 4624 Selyn,
427 4553 640 4611 transivissent
662 4561 693 4612 et
715 4553 848 4612 eundem
878 4556 977 4614 verbo
1008 4561 1114 4614 nostro
1143 4569 1296 4630 supereo
1318 4554 1501 4627 requisitum

237 4658 434 4717 habuissent:
458 4675 513 4716 cur
535 4659 602 4732 ipse
624 4658 776 4733 quasdam
806 4663 1014 4735 possessiones
1044 4661 1226 4721 eorumdem
1260 4661 1377 4720 civium
1399 4659 1504 4718 Petro·

239 4764 311 4822 uina
333 4770 363 4821 et
387 4764 528 4822 Hrascha
549 4766 674 4824 vocatas
696 4781 849 4841 occupare
871 4773 903 4825 et
921 4783 960 4827 ex
975 4766 1091 4827 eisdem
1106 4767 1228 4840 aliquos
1247 4765 1384 4825 detinere
1399 4764 1497 4823 vellet
