3488 5242
656 342 729 399 Duc.
754 355 820 417 191.
848 375 884 384 —
910 343 966 399 An.
991 356 1079 419 1343·

828 552 906 618 191.

339 697 416 745 Anno
437 703 511 755 1343,
530 694 554 745 8.
573 693 696 760 Augusti.
717 692 804 743 Crisii.

269 824 410 882 meolam
432 823 523 879 banus
546 822 631 879 totius
655 821 812 879 Slaaoninc
835 820 866 880 in
887 823 1021 895 generali
1042 823 1126 895 regni
1146 823 1362 895 congregatione
1385 821 1473 878 Crisii

385 929 526 986 celebrata
548 928 660 984 triadum
684 929 817 1001 exigendi
837 929 1007 985 tricesimam
1030 929 1185 1000 regziiolcm
1200 928 1349 1002 prcrcfigt't.

323 1073 386 1130 Nos
409 1072 555 1129 Nicolaus
580 1073 677 1129 banus
702 1073 798 1130 tocius
821 1071 990 1130 Sclauonie.
1017 1073 1164 1130 Memoria
1185 1071 1438 1129 commendantes
1459 1078 1501 1128 te·

236 1195 309 1237 nore
332 1179 527 1253 presencium
559 1177 777 1250 significamus,
809 1179 923 1250 quibus
955 1177 1079 1251 expedit
1110 1178 1277 1234 universis:
1312 1177 1404 1249 quod,
1429 1193 1501 1234 cum

235 1301 316 1343 anno
340 1284 457 1342 domini
481 1283 647 1340 itiCCCXL
670 1284 773 1355 terci0,
805 1284 834 1340 in
865 1283 1028 1356 quindenis
1062 1284 1143 1340 beati
1166 1283 1274 1365 Jacobi
1302 1283 1445 1356 apostoli,
1469 1283 1499 1338 in

236 1391 336 1449 Crisio
359 1390 553 1447 universitati
576 1389 729 1446 nobilium
753 1390 839 1462 regni
863 1387 1026 1447 Sclauonie
1049 1390 1324 1461 congregacionem
1348 1389 1499 1445 celebras-

236 1511 340 1553 semus
363 1495 550 1567 generalem,
581 1494 611 1551 in
643 1493 751 1551 eadem
780 1501 884 1551 nostra
916 1495 1156 1566 congregacione
1184 1492 1358 1566 Stephanus
1382 1498 1412 1550 et
1436 1495 1500 1564 My-

237 1600 326 1674 kych,
351 1599 481 1657 condam
505 1598 621 1657 iudices
652 1599 690 1657 de
721 1600 845 1658 civitate
875 1599 1030 1669 Grecensi,
1059 1600 1264 1672 personaliter
1287 1598 1501 1670 consurgendo

237 1706 276 1764 ad
302 1713 442 1763 nostrum
465 1705 612 1763 adeuntes
634 1710 842 1779 conspectum,
875 1703 1079 1762 exhibuerunt
1110 1706 1199 1762 nobis
1229 1705 1347 1762 litteras
1371 1706 1500 1762 honora-

238 1813 311 1870 bilis
334 1812 463 1886 capituli
494 1812 700 1884 zagrabiensis
731 1812 867 1882 ecclesie,
891 1818 1039 1885 patentes,
1069 1818 1098 1868 et
1129 1811 1206 1867 alias
1234 1811 1352 1868 domini
1377 1810 1501 1882 Duymi,

238 1919 360 1975 comitis
382 1918 488 1989 Vegle‚
512 1916 657 1974 Modruse
681 1923 711 1975 et
734 1917 857 1989 Pasage,
881 1917 1024 1975 similiter
1047 1923 1194 1989 patentes,
1220 1933 1315 1990 super
1338 1919 1501 1974 exaccione

237 2024 462 2081 tricesimarum
486 2023 611 2081 domine
637 2023 742 2095 regine
772 2038 829 2096 per
861 2022 989 2079 eandem
1022 2022 1146 2079 domine
1173 2023 1277 2094 regine
1301 2023 1502 2079 clemenciam

237 2131 326 2188 nobis
357 2130 469 2186 rescire
499 2130 530 2186 in
560 2144 616 2186 suo
648 2129 775 2186 transitu
808 2129 889 2184 ultra
920 2135 1024 2201 partes
1061 2127 1231 2184 maritimas
1260 2125 1384 2184 adeunti
1419 2143 1502 2184 com-

238 2237 412 2306 missarum,
436 2236 550 2293 tenoris
576 2233 774 2308 infrascripti,
799 2239 936 2308 petentes
960 2236 1057 2315 verbo
1080 2235 1209 2308 proprio
1233 2240 1261 2291 et
1286 2235 1501 2291 universorum

237 2342 350 2400 civium
377 2340 415 2397 de
439 2341 562 2398 civitate
584 2339 723 2413 predicta
739 2338 893 2410 Grecensi,
918 2346 950 2396 ut
974 2340 1154 2397 earumdem
1179 2346 1316 2397 tenorem
1341 2340 1379 2396 de
1404 2341 1502 2396 verbo

237 2447 275 2504 ad
301 2448 433 2504 verbum
458 2448 651 2521 presentibus
682 2447 913 2519 transsumpmi,
938 2451 968 2503 et
997 2446 1035 2502 ad
1068 2446 1217 2502 maiorem
1248 2447 1400 2503 cautelam
1428 2448 1503 2503 iuris

237 2555 356 2613 iusticie
372 2555 520 2627 ipsorum,
537 2554 633 2610 eciam
651 2553 691 2609 ab
707 2553 859 2610 universis
882 2553 1040 2609 nobilibus
1056 2559 1086 2609 et
1103 2553 1292 2623 ignobilibus
1316 2554 1400 2624 regni
1418 2551 1502 2609 Scla-

239 2660 336 2729 uonie‚
361 2660 445 2716 iuxta
468 2667 605 2716 tenorem
628 2657 808 2715 earumdem
832 2658 1005 2714 litterarum
1033 2658 1180 2714 sciscitari
1205 2659 1365 2715 veritatem
1396 2657 1503 2730 digna·

238 2781 351 2823 remur.
379 2765 473 2823 Cuius
510 2765 636 2837 quidem
668 2765 798 2839 patentis
833 2765 934 2822 littere
969 2765 1097 2837 capituli
1132 2764 1338 2835 zagrabiensis
1368 2766 1502 2826 ecclesie.

240 2878 326 2929 tenor
350 2872 420 2929 talis
443 2879 504 2929 est:
529 2867 613 2946 (vide
636 2888 680 2929 nr.
709 2887 777 2946 190,
801 2886 880 2929 anno
911 2885 998 2946 1343.
1023 2870 1073 2928 die
1099 2887 1123 2927 2.
1159 2864 1309 2945 Augusti.)
1341 2871 1503 2943 Tenorque

239 2979 412 3036 litterarum
438 2977 568 3051 predicti
592 2977 713 3061 comitis
736 2977 861 3048 Duymi,
879 2978 950 3034 talis
966 2983 1026 3034 est:
1048 2972 1132 3053 (vide
1155 2994 1199 3034 nr.
1221 2978 1288 3050 189,
1305 2993 1384 3035 anno
1413 2992 1502 3051 1343,

239 3083 289 3140 die
313 3101 340 3157 4.
364 3077 459 3164 Julii).
484 3083 546 3140 Nos
571 3084 673 3155 itaque
697 3084 850 3156 perceptis
874 3083 1032 3139 tenoribus
1064 3085 1305 3157 prescriptarum
1331 3085 1502 3141 litterarum

240 3188 393 3246 dictorum
418 3189 546 3260 capituli
570 3197 600 3244 ct
623 3189 744 3244 comitis
768 3188 892 3259 Duymi,
925 3204 994 3244 cum
1026 3190 1066 3244 ab
1098 3188 1214 3245 eisdem
1243 3190 1393 3245 universis
1417 3190 1503 3245 nobi·

240 3295 323 3352 libus
346 3296 431 3366 regni
455 3293 616 3352 Sclauonie
651 3295 812 3350 nobiscum
837 3295 866 3351 in
890 3301 995 3351 nostra
1016 3296 1256 3366 congregacione
1276 3295 1503 3364 adherentibus,

240 3410 273 3457 ut
297 3401 394 3457 eciam
415 3416 453 3457 cx
476 3401 608 3472 reginali
632 3401 819 3472 benignitate
841 3400 931 3456 nobis
956 3401 1125 3457 iniunctum
1143 3401 1293 3469 extiterat,
1317 3399 1354 3456 de
1376 3401 1503 3472 premis·

240 3522 344 3564 sarum
369 3508 595 3563 tricesimarum
627 3507 789 3563 exaccione
821 3506 946 3562 uberius
978 3515 1007 3562 et
1039 3506 1170 3562 lucidius
1194 3507 1400 3562 voluissemus
1424 3507 1503 3563 veri·

241 3619 333 3670 tatem
360 3612 505 3684 indagare
528 3619 557 3669 et
581 3613 621 3669 ab
645 3613 721 3683 ipsis
745 3612 999 3683 quesivissemus;
1029 3611 1152 3668 tandem
1176 3611 1269 3667 iidem
1294 3612 1414 3667 nobiles
1439 3614 1504 3668 uni·

242 3718 405 3775 versaliter
426 3717 647 3789 consurgendo
679 3718 757 3774 inter
780 3731 812 3772 se
837 3721 957 3773 matura
978 3717 1204 3773 deliberacione
1236 3717 1405 3788 prehabita.
1431 3733 1501 3773 una·

241 3825 365 3881 nimiter
388 3829 417 3881 et
440 3825 470 3881 in
501 3839 561 3880 una
594 3838 667 3879 voce
700 3822 797 3879 dictas
828 3823 998 3879 tricesimas
1030 3824 1113 3878 iuxta
1147 3821 1279 3878 formam
1313 3831 1341 3878 et
1366 3830 1502 3879 tenorem

242 3931 304 3986 iam
328 3928 480 3986 dictarum
512 3930 685 3986 litterarum
716 3928 843 4000 capituli
875 3935 905 3983 et
936 3929 1057 3985 comitis
1088 3928 1212 3999 Duymi,
1241 3930 1281 3984 ab
1305 3943 1341 3984 co
1364 3935 1504 4000 tempore

241 4035 327 4091 cuius
351 4035 500 4091 memoria
524 4035 576 4090 vix
600 4034 751 4103 existeret,
775 4034 898 4105 exigere
928 4035 1063 4090 extitisse
1087 4039 1276 4102 consuetum,
1300 4032 1503 4089 affirmarunt.

241 4139 330 4199 Unde
353 4155 409 4197 nos
432 4140 543 4197 auditis
579 4141 737 4197 tenoribus
761 4145 823 4197 tam
857 4141 1100 4214 prescriptarum
1132 4141 1314 4209 litterarum,
1339 4156 1433 4211 quam
1457 4157 1503 4196 re-

243 4247 415 4304 lacionibus
438 4247 653 4303 universorum
678 4245 830 4303 nobilium
855 4246 941 4318 regni
965 4246 1135 4313 Sclauonie‚
1160 4245 1313 4320 predictas
1336 4246 1504 4301 tricesimas

242 4368 294 4408 seu
320 4352 471 4408 tributum
496 4351 689 4420 tricesimale,
711 4350 818 4406 eodem
845 4351 983 4407 modoet
1000 4351 1058 4406 sub
1075 4350 1183 4407 eadem
1202 4350 1310 4418 forma,
1328 4358 1359 4406 ut
1384 4360 1504 4406 tenores

241 4459 305 4514 iam
329 4461 570 4514 memoratarum
603 4458 776 4513 litterarum
806 4457 934 4529 capituli
965 4463 994 4513 et
1024 4457 1145 4514 comitis
1177 4457 1291 4527 Duymi
1324 4456 1425 4512 lucide
1454 4473 1504 4512 ex-

243 4564 429 4637 primuntur,
461 4563 640 4619 auctoritate
671 4563 767 4619 nostri
800 4563 929 4619 banatus
961 4570 991 4619 ct
1021 4565 1117 4620 eciam
1150 4563 1278 4633 reginali
1303 4564 1505 4619 sublimitatis

242 4668 409 4726 clemencia
441 4667 530 4724 nobis
560 4683 711 4736 concessa,
744 4674 894 4740 perpetuo
924 4669 1047 4740 exigere
1078 4670 1308 4738 committimus,
1329 4678 1358 4724 et
1389 4668 1504 4725 eisdem

243 4774 363 4833 civibus
386 4782 417 4830 et
448 4773 517 4830 aliis
548 4774 683 4831 cuiusvis
714 4782 810 4830 status
841 4775 1019 4832 hominibus
1051 4774 1089 4832 de
1119 4790 1214 4848 regno
1242 4774 1411 4842 Sclauonie‚
1437 4791 1505 4848 pre·
