3488 5242
612 359 871 434 Doc.291.292.
902 392 937 401 —
964 346 1020 416 Aa
1045 356 1136 436 1380.

837 553 920 620 291.

348 679 424 726 Auno
446 677 521 735 1380,
540 686 563 734 3.
583 675 720 726 februarii.
740 675 892 740 Zagrabiae.

240 786 347 844 Petrus
374 765 458 843 C‘irlee
481 786 631 843 viccbairus
654 786 765 842 litteras
786 775 904 858 reginae
918 785 1077 856 Elisabeth,
1091 786 1125 843 de
1141 787 1365 860 possessibnibus
1385 789 1506 846 Donate

696 891 855 960 reddendis,
878 893 1050 949 transcribit.

328 1020 393 1077 Nos
417 1019 525 1076 Petrus
548 1018 662 1076 Chirke
686 1019 853 1076 vicebanus
878 1020 964 1091 regni
988 1018 1151 1077 Sclauonie
1174 1029 1203 1076 et
1227 1036 1330 1078 comes
1347 1022 1506 1079 crisiensis

242 1126 391 1184 Memorie
426 1124 689 1195 commendamus,
725 1124 808 1197 quod
840 1125 994 1197 Myclinus
1025 1124 1143 1182 iuratus
1174 1126 1250 1182 civis
1284 1127 1397 1182 montis
1431 1126 1507 1185 Gre-

241 1232 361 1289 chensis
385 1231 416 1288 in
438 1246 494 1287 sua
518 1245 554 1287 ac
577 1229 694 1300 iudicis
726 1230 898 1287 iuratorum
929 1235 959 1287 et
990 1230 1206 1287 universorum
1235 1233 1351 1288 civium
1375 1248 1427 1289 seu
1453 1233 1507 1289 ho·

241 1339 359 1412 spitum
382 1336 462 1394 dicte
486 1337 619 1394 civitatis
641 1336 756 1393 montis
780 1335 964 1394 Grechensis
988 1335 1026 1393 de
1050 1336 1201 1408 Zagrabia
1224 1338 1262 1395 ad
1285 1344 1420 1395 nostram
1439 1355 1507 1412 pcr-

242 1443 390 1501 sonaliter
413 1441 560 1499 accedens
584 1442 774 1515 presenciam
800 1442 939 1499 exhibuit
970 1449 1000 1500 et
1031 1444 1221 1515 presentavit
1242 1444 1332 1501 nobis
1356 1444 1507 1517 quasdam

242 1548 359 1605 litteras
383 1553 522 1620 patentes
545 1546 738 1603 serenissime
762 1546 944 1620 principisse
971 1547 1096 1604 domine
1127 1548 1305 1620 Elyzabeth,
1329 1547 1378 1606 dei
1402 1551 1506 1621 gracia

244 1653 347 1725 regine
370 1652 537 1724 Hungarie‚
561 1651 695 1721 Polonie,
720 1651 880 1708 Dalmacie
903 1660 966 1722 etc,
998 1653 1062 1709 eius
1085 1653 1190 1725 sigillo
1214 1654 1244 1710 in
1268 1655 1407 1726 margine
1431 1653 1506 1711 inl-

243 1760 319 1816 riori
342 1759 540 1831 conscriptas,
563 1766 671 1831 petens
694 1772 749 1815 uos
773 1757 878 1815 debita
901 1774 971 1815 cum
990 1759 1146 1829 instancia,
1163 1765 1196 1816 ut
1212 1760 1337 1817 easdem
1353 1761 1391 1818 de
1407 1762 1507 1818 verbo

244 1865 282 1921 ad
308 1866 440 1921 verbum
464 1863 627 1920 transcribi
650 1869 680 1920 et
703 1864 901 1937 apposicione
916 1864 1012 1921 nostri
1036 1864 1132 1936 sigilli
1149 1864 1319 1921 laceremus
1335 1866 1510 1938 consignari

244 1970 284 2028 ad
308 1969 469 2027 cautelam.
493 1968 634 2041 Quarum
657 1977 744 2026 tenor
768 1969 839 2026 talis
862 1976 922 2027 est:
946 1964 1020 2047 (vid.
1044 1987 1088 2028 nr.
1112 1969 1182 2040 288,
1197 1985 1277 2027 anno
1297 1984 1388 2045 1379,
1410 1988 1437 2045 9.
1454 1986 1507 2028 no

246 2068 405 2152 vembris).
428 2074 492 2132 Nos
515 2075 609 2147 igitur
633 2075 837 2148 peticionibus
859 2075 957 2148 ipsius
988 2076 1114 2147 Myclini
1138 2082 1313 2147 annuentes
1337 2075 1433 2134 dictas
1457 2077 1506 2134 lit·

246 2192 326 2240 teras
349 2182 388 2239 de
411 2183 509 2238 verbo
532 2181 572 2238 ad
593 2181 726 2238 verbum
750 2181 912 2239 transcribi
943 2185 973 2237 et
1000 2182 1198 2255 apposicione
1220 2183 1316 2239 nostri
1340 2182 1436 2254 sigilli
1461 2183 1503 2240 f·

246 2289 345 2345 cimus
368 2287 548 2359 consignari.
573 2287 689 2343 Datum
712 2285 870 2359 Zagrabie‚
894 2286 925 2343 in
946 2285 1024 2343 festo
1041 2287 1123 2344 beati
1138 2287 1232 2344 Blasii
1249 2288 1392 2346 martiris.
1417 2289 1506 2346 Anno

244 2393 362 2451 domini
385 2390 618 2450 MCCCLXXX.

333 2491 473 2557 Originale
492 2490 520 2542 in
538 2491 636 2550 charta,
655 2507 670 2540 a
690 2497 767 2558 tergo
780 2491 937 2558 impressum
949 2497 988 2543 est
1000 2492 1126 2558 sigillum.
1140 2492 1170 2543 In
1184 2493 1254 2543 arch.
1268 2495 1284 2542 l.
1300 2509 1320 2544 r.
1339 2493 1388 2544 civ.
1404 2495 1509 2560 zagrab.

834 2672 921 2739 292.

351 2797 427 2845 Anno
449 2796 524 2854 1380,
541 2794 619 2845 initio
638 2796 733 2846 mensis
751 2795 848 2846 martii.
867 2797 965 2847 Budae.

273 2905 436 2963 ludovicus
458 2905 634 2977 Hungariac
656 2913 703 2962 etc.
726 2925 789 2975 rex,
811 2926 929 2963 anteana
952 2915 985 2964 ut
1005 2915 1090 2964 extre
1115 2908 1240 2981 confinia
1263 2910 1348 2980 regni
1375 2908 1510 2966 Creatiae

730 3013 870 3070 evellatur
883 3013 1024 3087 prohibet.

335 3136 509 3193 Lodouicus
532 3136 582 3194 dei
604 3138 708 3209 gracia
731 3154 787 3194 rex
810 3139 976 3210 Hungarie‚
1001 3139 1135 3209 Polonie,
1158 3139 1318 3197 Dalmacie
1343 3147 1397 3197 etc.
1421 3140 1509 3196 Fide·

248 3243 333 3299 libus
363 3243 426 3298 suis
450 3241 551 3313 iudici,
582 3243 690 3300 iuratis
718 3250 747 3300 et
779 3244 929 3300 universis
960 3244 1081 3301 civibus
1111 3261 1164 3300 seu
1197 3246 1371 3317 hospitibus
1399 3246 1511 3302 nostris

248 3346 554 3418 montisGrecensis,
578 3349 762 3405 salutemet
786 3349 932 3420 graciam.
963 3350 1041 3406 Cum
1074 3365 1129 3406 nos
1159 3367 1196 3407 ex
1229 3351 1319 3407 certis
1343 3352 1442 3407 causis
1463 3367 1510 3407 ra-

250 3452 456 3510 cionabilibus
479 3452 597 3509 dudum
623 3454 884 3526 prohibuerimus,
909 3460 941 3511 ut
964 3456 1068 3512 nullus
1084 3457 1210 3512 omnino
1229 3457 1390 3513 hominum
1408 3456 1511 3526 fruges

248 3574 301 3616 seu
326 3558 420 3615 blada
442 3574 479 3615 ac
494 3558 556 3615 alia
571 3575 766 3632 quecumque
782 3574 973 3617 annonarum
990 3577 1102 3632 genera
1117 3567 1204 3618 extra
1225 3563 1379 3632 terminos,
1398 3562 1511 3618 limites

249 3674 279 3723 et
302 3664 434 3722 confinia
458 3665 544 3737 regni
567 3666 664 3722 nostri
687 3665 802 3723 deffere
825 3667 877 3723 vel
899 3667 1007 3724 defleri
1031 3660 1155 3743 (lacere)
1180 3675 1394 3739 presumpmat
1418 3668 1513 3723 modo

249 3770 395 3842 aliquali;
430 3770 572 3828 fidelitati
603 3779 703 3829 vestre
734 3770 866 3829 firmiter
895 3772 1100 3846 precipiendo
1135 3772 1328 3841 mandamus
1360 3780 1510 3844 quatenus

250 3891 462 3948 quoscumque
485 3882 672 3933 mercatores
695 3883 725 3934 et
747 3877 882 3934 forenses
907 3871 954 3954 (ac
970 3870 1059 3953 alios)
1076 3878 1211 3935 cuiusvis
1227 3883 1323 3934 status
1346 3884 1376 3934 et
1400 3879 1509 3952 prehe-

249 3983 400 4041 minencie
426 3983 574 4052 homines,
599 3983 702 4055 fruges
723 4000 775 4041 seu
801 3983 894 4041 blada
917 4000 952 4041 ac
975 3984 1037 4041 alia
1061 3984 1170 4056 quevis
1191 3999 1382 4040 annonarum
1398 4000 1511 4055 genera

247 4095 334 4146 extra
355 4089 451 4161 ipsius
467 4082 580 4164 (vestre
596 4083 741 4165 civitatis)
758 4090 905 4147 terminos
920 4106 955 4147 ac
970 4089 1102 4147 confinia
1117 4090 1204 4161 regni
1225 4091 1321 4146 nostri
1339 4089 1510 4147 deserentes

249 4210 302 4251 seu
319 4192 433 4251 deferri
449 4192 594 4251 facientes
618 4195 754 4268 reperire
773 4195 922 4268 poteritis,
939 4197 994 4252 hos
1009 4197 1039 4252 in
1056 4196 1217 4252 ablacione
1234 4190 1357 4273 (talium
1374 4189 1512 4271 frugum)

248 4316 301 4356 seu
327 4299 492 4356 bladorum
514 4315 549 4356 ac
565 4300 697 4357 aliarum
716 4302 899 4373 quarumvis
915 4316 1106 4358 annonarum
1122 4317 1271 4373 generum
1287 4301 1509 4374 dampnificare

249 4405 404 4474 debeatis;
427 4413 457 4462 et
480 4405 565 4462 aliud
588 4421 649 4463 non
674 4405 793 4464 facturi.
817 4403 894 4483 (Hec
917 4399 1032 4482 omnia)
1049 4412 1153 4470 autem
1177 4407 1327 4480 premissa
1353 4407 1468 4479 ubique
1484 4407 1513 4462 in

248 4511 326 4568 locis
348 4509 483 4584 publicis
507 4511 612 4587 palam
635 4510 735 4569 facere
767 4513 964 4585 proclamari.
996 4513 1110 4569 Datum
1135 4511 1228 4582 Bude‚
1257 4512 1333 4569 feria
1357 4557 1514 4569 ......

250 4609 343 4693 (ante)
366 4615 554 4674 dominicam
578 4617 694 4675 Letare.
718 4619 808 4674 Anno
832 4618 950 4676 domini
974 4617 1206 4676 MCCCLXXX.

339 4713 479 4781 Originale
497 4713 524 4766 in
543 4714 641 4774 charta,
660 4715 789 4775 attritum,
809 4721 914 4783 atergo
927 4731 1081 4782 oppressum
1100 4722 1139 4767 est
1157 4716 1278 4783 sigillum
1291 4731 1414 4782 magnum
1434 4716 1514 4781 regis.

250 4801 282 4852 In
300 4802 400 4854 archiv.
420 4803 500 4854 Acad
519 4802 614 4856 Scient
628 4804 697 4856 Slav.
716 4803 809 4855 merid.
