<?xml version="1.0" encoding="UTF-8"?>
<!DOCTYPE html PUBLIC "-//W3C//DTD XHTML 1.0 Transitional//EN"
    "http://www.w3.org/TR/xhtml1/DTD/xhtml1-transitional.dtd">
<html xmlns="http://www.w3.org/1999/xhtml" xml:lang="en" lang="en">
 <head>
  <title>
</title>
<meta http-equiv="Content-Type" content="text/html;charset=utf-8" />
  <meta name='ocr-system' content='tesseract 3.04.00' />
  <meta name='ocr-capabilities' content='ocr_page ocr_carea ocr_par ocr_line ocrx_word'/>
</head>
<body>
  <div class='ocr_page' id='page_1' title='image "./monumentahistor11laszgoog_0328.png"; bbox 0 0 3488 5242; ppageno 0'>
   <div class='ocr_carea' id='block_1_1' title="bbox 663 327 1506 409">
    <p class='ocr_par' dir='ltr' id='par_1_1' title="bbox 663 327 1506 409">
     <span class='ocr_line' id='line_1_1' title="bbox 663 327 1506 409; baseline -0.008 -18"><span class='ocrx_word' id='word_1_1' title='bbox 663 334 736 391; x_wconf 74' lang='lat' dir='ltr'>Dec.</span> <span class='ocrx_word' id='word_1_2' title='bbox 761 327 831 389; x_wconf 81' lang='lat'><em>108.</em></span> <span class='ocrx_word' id='word_1_3' title='bbox 867 327 1089 408; x_wconf 77' lang='lat' dir='ltr'><em>-An.1318.</em></span> <span class='ocrx_word' id='word_1_4' title='bbox 1467 350 1506 409; x_wconf 78' lang='lat'>93</span> 
     </span>
    </p>
   </div>
   <div class='ocr_carea' id='block_1_2' title="bbox 519 437 1510 445">
    <p class='ocr_par' dir='ltr' id='par_1_2' title="bbox 519 437 1510 445">
     <span class='ocr_line' id='line_1_2' title="bbox 519 437 1510 445; baseline -0.001 0"><span class='ocrx_word' id='word_1_5' title='bbox 519 439 607 445; x_wconf 79' lang='lat'><em>.-.-..</em></span> <span class='ocrx_word' id='word_1_6' title='bbox 654 438 853 444; x_wconf 59' lang='lat'>„....—.——</span> <span class='ocrx_word' id='word_1_7' title='bbox 876 438 1131 443; x_wconf 80' lang='grc'>---------</span> <span class='ocrx_word' id='word_1_8' title='bbox 1151 437 1510 445; x_wconf 52' lang='grc' dir='ltr'>Ἡ*-</span> 
     </span>
    </p>
   </div>
   <div class='ocr_carea' id='block_1_3' title="bbox 243 531 1512 1983">
    <p class='ocr_par' dir='ltr' id='par_1_3' title="bbox 243 531 1512 1983">
     <span class='ocr_line' id='line_1_3' title="bbox 243 531 1508 606; baseline -0.003 -14"><span class='ocrx_word' id='word_1_9' title='bbox 243 540 272 592; x_wconf 91' lang='lat' dir='ltr'>et</span> <span class='ocrx_word' id='word_1_10' title='bbox 295 541 399 592; x_wconf 88' lang='lat' dir='ltr'>nostro</span> <span class='ocrx_word' id='word_1_11' title='bbox 422 534 622 605; x_wconf 89' lang='lat' dir='ltr'>dignaremur</span> <span class='ocrx_word' id='word_1_12' title='bbox 653 533 819 606; x_wconf 85' lang='lat' dir='ltr'>privilegio</span> <span class='ocrx_word' id='word_1_13' title='bbox 850 531 1041 589; x_wconf 87' lang='lat' dir='ltr'>confirmare.</span> <span class='ocrx_word' id='word_1_14' title='bbox 1073 532 1213 604; x_wconf 76' lang='lat' dir='ltr'>Quarum</span> <span class='ocrx_word' id='word_1_15' title='bbox 1242 537 1330 589; x_wconf 89' lang='lat' dir='ltr'>tenor</span> <span class='ocrx_word' id='word_1_16' title='bbox 1352 531 1423 589; x_wconf 88' lang='lat' dir='ltr'>talis</span> <span class='ocrx_word' id='word_1_17' title='bbox 1445 535 1508 587; x_wconf 88' lang='lat' dir='ltr'>est:</span> 
     </span>
     <span class='ocr_line' id='line_1_4' title="bbox 245 631 1510 717; baseline -0.002 -21"><span class='ocrx_word' id='word_1_18' title='bbox 245 635 318 717; x_wconf 92' lang='lat' dir='ltr'>(vid.</span> <span class='ocrx_word' id='word_1_19' title='bbox 343 657 386 696; x_wconf 83' lang='lat' dir='ltr'>nr.</span> <span class='ocrx_word' id='word_1_20' title='bbox 412 640 460 713; x_wconf 85' lang='lat'>98.</span> <span class='ocrx_word' id='word_1_21' title='bbox 485 640 523 696; x_wconf 91' lang='lat' dir='ltr'>de</span> <span class='ocrx_word' id='word_1_22' title='bbox 546 654 626 696; x_wconf 90' lang='lat' dir='ltr'>anno</span> <span class='ocrx_word' id='word_1_23' title='bbox 653 655 664 695; x_wconf 92' lang='lat' dir='ltr'>r</span> <span class='ocrx_word' id='word_1_24' title='bbox 673 653 744 712; x_wconf 84' lang='lat'>310,</span> <span class='ocrx_word' id='word_1_25' title='bbox 773 652 818 710; x_wconf 82' lang='lat'>¹3·</span> <span class='ocrx_word' id='word_1_26' title='bbox 843 631 994 712; x_wconf 82' lang='lat' dir='ltr'>januarii).</span> <span class='ocrx_word' id='word_1_27' title='bbox 1019 637 1081 694; x_wconf 91' lang='lat' dir='ltr'>Nos</span> <span class='ocrx_word' id='word_1_28' title='bbox 1105 638 1209 710; x_wconf 90' lang='lat' dir='ltr'>itaque</span> <span class='ocrx_word' id='word_1_29' title='bbox 1227 637 1431 711; x_wconf 81' lang='lat' dir='ltr'>peticionibus</span> <span class='ocrx_word' id='word_1_30' title='bbox 1447 636 1510 695; x_wconf 90' lang='lat' dir='ltr'>dic-</span> 
     </span>
     <span class='ocr_line' id='line_1_5' title="bbox 245 741 1510 816; baseline -0.002 -14"><span class='ocrx_word' id='word_1_31' title='bbox 245 752 347 803; x_wconf 90' lang='lat' dir='ltr'>torum</span> <span class='ocrx_word' id='word_1_32' title='bbox 368 746 484 803; x_wconf 89' lang='lat' dir='ltr'>civium</span> <span class='ocrx_word' id='word_1_33' title='bbox 508 746 593 816; x_wconf 86' lang='lat' dir='ltr'>regio</span> <span class='ocrx_word' id='word_1_34' title='bbox 618 744 753 801; x_wconf 88' lang='lat' dir='ltr'>inclinati</span> <span class='ocrx_word' id='word_1_35' title='bbox 777 759 848 800; x_wconf 89' lang='lat' dir='ltr'>cum</span> <span class='ocrx_word' id='word_1_36' title='bbox 873 743 979 800; x_wconf 87' lang='lat' dir='ltr'>favore</span> <span class='ocrx_word' id='word_1_37' title='bbox 1007 750 1036 800; x_wconf 88' lang='lat' dir='ltr'>et</span> <span class='ocrx_word' id='word_1_38' title='bbox 1065 743 1149 815; x_wconf 89' lang='lat' dir='ltr'>ipsos</span> <span class='ocrx_word' id='word_1_39' title='bbox 1173 743 1202 799; x_wconf 94' lang='lat' dir='ltr'>in</span> <span class='ocrx_word' id='word_1_40' title='bbox 1228 741 1367 816; x_wconf 91' lang='lat' dir='ltr'>predicta</span> <span class='ocrx_word' id='word_1_41' title='bbox 1391 757 1510 815; x_wconf 86' lang='lat' dir='ltr'>posses-</span> 
     </span>
     <span class='ocr_line' id='line_1_6' title="bbox 244 846 1511 922; baseline -0.002 -15"><span class='ocrx_word' id='word_1_42' title='bbox 244 853 329 909; x_wconf 88' lang='lat' dir='ltr'>sione</span> <span class='ocrx_word' id='word_1_43' title='bbox 350 850 474 922; x_wconf 85' lang='lat' dir='ltr'>Kobyla</span> <span class='ocrx_word' id='word_1_44' title='bbox 498 855 631 920; x_wconf 88' lang='lat' dir='ltr'>eatenus,</span> <span class='ocrx_word' id='word_1_45' title='bbox 656 856 807 922; x_wconf 91' lang='lat' dir='ltr'>quatenus</span> <span class='ocrx_word' id='word_1_46' title='bbox 822 848 952 906; x_wconf 89' lang='lat' dir='ltr'>eandem</span> <span class='ocrx_word' id='word_1_47' title='bbox 976 864 994 905; x_wconf 91' lang='lat' dir='ltr'>a</span> <span class='ocrx_word' id='word_1_48' title='bbox 1018 848 1138 921; x_wconf 78' lang='lat' dir='ltr'>prefato</span> <span class='ocrx_word' id='word_1_49' title='bbox 1152 864 1225 920; x_wconf 88' lang='lat' dir='ltr'>rege</span> <span class='ocrx_word' id='word_1_50' title='bbox 1245 847 1398 917; x_wconf 89' lang='lat' dir='ltr'>Ladizlao,</span> <span class='ocrx_word' id='word_1_51' title='bbox 1416 846 1511 905; x_wconf 80' lang='lat' dir='ltr'>fratre</span> 
     </span>
     <span class='ocr_line' id='line_1_7' title="bbox 245 954 1511 1029; baseline -0.003 -14"><span class='ocrx_word' id='word_1_52' title='bbox 245 963 350 1015; x_wconf 90' lang='lat' dir='ltr'>nostro</span> <span class='ocrx_word' id='word_1_53' title='bbox 373 957 541 1026; x_wconf 90' lang='lat' dir='ltr'>carissim0,</span> <span class='ocrx_word' id='word_1_54' title='bbox 562 957 732 1029; x_wconf 81' lang='lat' dir='ltr'>optinuisse</span> <span class='ocrx_word' id='word_1_55' title='bbox 756 964 785 1013; x_wconf 89' lang='lat' dir='ltr'>et</span> <span class='ocrx_word' id='word_1_56' title='bbox 816 955 961 1012; x_wconf 88' lang='lat' dir='ltr'>habuisse</span> <span class='ocrx_word' id='word_1_57' title='bbox 992 954 1200 1024; x_wconf 90' lang='lat' dir='ltr'>dinoscuntur,</span> <span class='ocrx_word' id='word_1_58' title='bbox 1225 954 1416 1011; x_wconf 87' lang='lat' dir='ltr'>inmobiliter</span> <span class='ocrx_word' id='word_1_59' title='bbox 1440 968 1511 1011; x_wconf 93' lang='lat' dir='ltr'>con·</span> 
     </span>
     <span class='ocr_line' id='line_1_8' title="bbox 245 1058 1510 1136; baseline -0.002 -16"><span class='ocrx_word' id='word_1_60' title='bbox 245 1080 368 1121; x_wconf 86' lang='lat' dir='ltr'>servare</span> <span class='ocrx_word' id='word_1_61' title='bbox 393 1062 591 1131; x_wconf 71' lang='lat' dir='ltr'>intendentes</span> <span class='ocrx_word' id='word_1_62' title='bbox 616 1061 770 1136; x_wconf 88' lang='lat' dir='ltr'>predictas</span> <span class='ocrx_word' id='word_1_63' title='bbox 794 1061 913 1119; x_wconf 87' lang='lat' dir='ltr'>litteras</span> <span class='ocrx_word' id='word_1_64' title='bbox 936 1060 1083 1134; x_wconf 82' lang='lat' dir='ltr'>Stephani</span> <span class='ocrx_word' id='word_1_65' title='bbox 1108 1061 1180 1118; x_wconf 85' lang='lat' dir='ltr'>bani</span> <span class='ocrx_word' id='word_1_66' title='bbox 1204 1060 1241 1117; x_wconf 92' lang='lat' dir='ltr'>de</span> <span class='ocrx_word' id='word_1_67' title='bbox 1266 1061 1363 1117; x_wconf 88' lang='lat' dir='ltr'>verbo</span> <span class='ocrx_word' id='word_1_68' title='bbox 1386 1058 1425 1116; x_wconf 90' lang='lat' dir='ltr'>ad</span> <span class='ocrx_word' id='word_1_69' title='bbox 1442 1076 1510 1118; x_wconf 87' lang='lat' dir='ltr'>ver-</span> 
     </span>
     <span class='ocr_line' id='line_1_9' title="bbox 246 1165 1509 1242; baseline -0.002 -16"><span class='ocrx_word' id='word_1_70' title='bbox 246 1170 320 1226; x_wconf 92' lang='lat' dir='ltr'>bum</span> <span class='ocrx_word' id='word_1_71' title='bbox 345 1169 540 1242; x_wconf 79' lang='lat' dir='ltr'>presentibus</span> <span class='ocrx_word' id='word_1_72' title='bbox 564 1167 655 1225; x_wconf 91' lang='lat' dir='ltr'>inseri</span> <span class='ocrx_word' id='word_1_73' title='bbox 685 1165 837 1231; x_wconf 78' lang='lat' dir='ltr'>iacientes,</span> <span class='ocrx_word' id='word_1_74' title='bbox 869 1166 1066 1237; x_wconf 82' lang='lat' dir='ltr'>ratificamus,</span> <span class='ocrx_word' id='word_1_75' title='bbox 1090 1167 1304 1239; x_wconf 84' lang='lat' dir='ltr'>approbamus</span> <span class='ocrx_word' id='word_1_76' title='bbox 1326 1172 1356 1222; x_wconf 90' lang='lat' dir='ltr'>et</span> <span class='ocrx_word' id='word_1_77' title='bbox 1379 1167 1509 1223; x_wconf 89' lang='lat' dir='ltr'>auctori·</span> 
     </span>
     <span class='ocr_line' id='line_1_10' title="bbox 247 1273 1510 1348; baseline -0.003 -15"><span class='ocrx_word' id='word_1_78' title='bbox 247 1282 306 1333; x_wconf 89' lang='lat' dir='ltr'>tate</span> <span class='ocrx_word' id='word_1_79' title='bbox 330 1276 523 1348; x_wconf 88' lang='lat' dir='ltr'>presencium</span> <span class='ocrx_word' id='word_1_80' title='bbox 548 1273 778 1331; x_wconf 85' lang='lat' dir='ltr'>confirmamus.</span> <span class='ocrx_word' id='word_1_81' title='bbox 802 1273 835 1330; x_wconf 93' lang='lat' dir='ltr'>ln</span> <span class='ocrx_word' id='word_1_82' title='bbox 866 1275 952 1330; x_wconf 93' lang='lat' dir='ltr'>cuius</span> <span class='ocrx_word' id='word_1_83' title='bbox 984 1274 1027 1330; x_wconf 89' lang='lat' dir='ltr'>rei</span> <span class='ocrx_word' id='word_1_84' title='bbox 1059 1273 1242 1329; x_wconf 87' lang='lat' dir='ltr'>memoriam</span> <span class='ocrx_word' id='word_1_85' title='bbox 1265 1278 1510 1346; x_wconf 86' lang='lat' dir='ltr'>perpetuamque</span> 
     </span>
     <span class='ocr_line' id='line_1_11' title="bbox 246 1378 1511 1456; baseline -0.002 -17"><span class='ocrx_word' id='word_1_86' title='bbox 246 1384 425 1440; x_wconf 87' lang='lat' dir='ltr'>firmitatem</span> <span class='ocrx_word' id='word_1_87' title='bbox 451 1387 606 1456; x_wconf 86' lang='lat' dir='ltr'>presentes</span> <span class='ocrx_word' id='word_1_88' title='bbox 629 1382 835 1438; x_wconf 91' lang='lat' dir='ltr'>concessimus</span> <span class='ocrx_word' id='word_1_89' title='bbox 860 1381 977 1438; x_wconf 89' lang='lat' dir='ltr'>litteras</span> <span class='ocrx_word' id='word_1_90' title='bbox 1010 1378 1144 1453; x_wconf 90' lang='lat' dir='ltr'>duplicis</span> <span class='ocrx_word' id='word_1_91' title='bbox 1175 1379 1271 1450; x_wconf 83' lang='lat' dir='ltr'>sigilli</span> <span class='ocrx_word' id='word_1_92' title='bbox 1295 1381 1390 1436; x_wconf 88' lang='lat' dir='ltr'>nostri</span> <span class='ocrx_word' id='word_1_93' title='bbox 1413 1380 1511 1437; x_wconf 89' lang='lat' dir='ltr'>muni·</span> 
     </span>
     <span class='ocr_line' id='line_1_12' title="bbox 247 1485 1512 1566; baseline -0.002 -21"><span class='ocrx_word' id='word_1_94' title='bbox 247 1489 328 1545; x_wconf 92' lang='lat' dir='ltr'>mine</span> <span class='ocrx_word' id='word_1_95' title='bbox 352 1485 518 1545; x_wconf 90' lang='lat' dir='ltr'>roboratas.</span> <span class='ocrx_word' id='word_1_96' title='bbox 543 1487 657 1543; x_wconf 89' lang='lat' dir='ltr'>Datum</span> <span class='ocrx_word' id='word_1_97' title='bbox 684 1503 739 1558; x_wconf 90' lang='lat' dir='ltr'>per</span> <span class='ocrx_word' id='word_1_98' title='bbox 763 1502 872 1544; x_wconf 90' lang='lat' dir='ltr'>manus</span> <span class='ocrx_word' id='word_1_99' title='bbox 896 1485 1018 1543; x_wconf 84' lang='lat' dir='ltr'>discreti</span> <span class='ocrx_word' id='word_1_100' title='bbox 1044 1485 1101 1542; x_wconf 88' lang='lat' dir='ltr'>viri</span> <span class='ocrx_word' id='word_1_101' title='bbox 1127 1485 1265 1554; x_wconf 82' lang='lat' dir='ltr'>magistri</span> <span class='ocrx_word' id='word_1_102' title='bbox 1289 1485 1445 1566; x_wconf 74' lang='lat' dir='ltr'>johannis,</span> <span class='ocrx_word' id='word_1_103' title='bbox 1467 1486 1512 1542; x_wconf 91' lang='lat' dir='ltr'>al·</span> 
     </span>
     <span class='ocr_line' id='line_1_13' title="bbox 247 1590 1512 1665; baseline -0.002 -15"><span class='ocrx_word' id='word_1_104' title='bbox 247 1595 349 1651; x_wconf 90' lang='lat' dir='ltr'>bensis</span> <span class='ocrx_word' id='word_1_105' title='bbox 373 1594 499 1650; x_wconf 87' lang='lat' dir='ltr'>ecclesie</span> <span class='ocrx_word' id='word_1_106' title='bbox 524 1593 682 1665; x_wconf 86' lang='lat' dir='ltr'>prepositi,</span> <span class='ocrx_word' id='word_1_107' title='bbox 709 1592 778 1649; x_wconf 88' lang='lat' dir='ltr'>aule</span> <span class='ocrx_word' id='word_1_108' title='bbox 802 1598 905 1649; x_wconf 90' lang='lat' dir='ltr'>nostre</span> <span class='ocrx_word' id='word_1_109' title='bbox 933 1591 1186 1660; x_wconf 86' lang='lat' dir='ltr'>vicecancellarii,</span> <span class='ocrx_word' id='word_1_110' title='bbox 1210 1590 1417 1648; x_wconf 89' lang='lat' dir='ltr'>archidiaconi</span> <span class='ocrx_word' id='word_1_111' title='bbox 1440 1591 1512 1648; x_wconf 88' lang='lat' dir='ltr'>Kw·</span> 
     </span>
     <span class='ocr_line' id='line_1_14' title="bbox 248 1696 1511 1770; baseline 0 -15"><span class='ocrx_word' id='word_1_112' title='bbox 248 1699 417 1763; x_wconf 80' lang='lat' dir='ltr'>kulliensis,</span> <span class='ocrx_word' id='word_1_113' title='bbox 442 1698 545 1755; x_wconf 90' lang='lat' dir='ltr'>dilecti</span> <span class='ocrx_word' id='word_1_114' title='bbox 570 1706 600 1754; x_wconf 91' lang='lat' dir='ltr'>et</span> <span class='ocrx_word' id='word_1_115' title='bbox 625 1698 727 1755; x_wconf 86' lang='lat' dir='ltr'>fidelis</span> <span class='ocrx_word' id='word_1_116' title='bbox 746 1698 850 1755; x_wconf 86' lang='lat' dir='ltr'>nostri.</span> <span class='ocrx_word' id='word_1_117' title='bbox 870 1701 957 1770; x_wconf 78' lang='lat' dir='ltr'>Anno</span> <span class='ocrx_word' id='word_1_118' title='bbox 973 1696 1092 1755; x_wconf 90' lang='lat' dir='ltr'>domini</span> <span class='ocrx_word' id='word_1_119' title='bbox 1108 1696 1216 1752; x_wconf 74' lang='lat' dir='ltr'>MCCC</span> <span class='ocrx_word' id='word_1_120' title='bbox 1233 1696 1354 1754; x_wconf 89' lang='lat' dir='ltr'>decimo</span> <span class='ocrx_word' id='word_1_121' title='bbox 1370 1699 1511 1770; x_wconf 88' lang='lat' dir='ltr'>septimo,</span> 
     </span>
     <span class='ocr_line' id='line_1_15' title="bbox 247 1802 1512 1872; baseline 0.002 -12"><span class='ocrx_word' id='word_1_122' title='bbox 247 1804 295 1860; x_wconf 94' lang='lat' dir='ltr'>lll.</span> <span class='ocrx_word' id='word_1_123' title='bbox 330 1803 476 1861; x_wconf 83' lang='lat' dir='ltr'>kalendas</span> <span class='ocrx_word' id='word_1_124' title='bbox 508 1803 690 1861; x_wconf 84' lang='lat' dir='ltr'>decembris</span> <span class='ocrx_word' id='word_1_125' title='bbox 723 1804 818 1872; x_wconf 87' lang='lat' dir='ltr'>Regni</span> <span class='ocrx_word' id='word_1_126' title='bbox 850 1810 954 1860; x_wconf 90' lang='lat' dir='ltr'>autem</span> <span class='ocrx_word' id='word_1_127' title='bbox 985 1803 1081 1859; x_wconf 90' lang='lat' dir='ltr'>nostri</span> <span class='ocrx_word' id='word_1_128' title='bbox 1113 1818 1192 1859; x_wconf 90' lang='lat' dir='ltr'>anno</span> <span class='ocrx_word' id='word_1_129' title='bbox 1223 1803 1367 1859; x_wconf 87' lang='lat' dir='ltr'>similiter</span> <span class='ocrx_word' id='word_1_130' title='bbox 1390 1802 1512 1862; x_wconf 90' lang='lat' dir='ltr'>decimo</span> 
     </span>
     <span class='ocr_line' id='line_1_16' title="bbox 249 1911 389 1983; baseline 0 -17"><span class='ocrx_word' id='word_1_131' title='bbox 249 1911 389 1983; x_wconf 77' lang='lat' dir='ltr'>septimo,</span> 
     </span>
    </p>
   </div>
   <div class='ocr_carea' id='block_1_4' title="bbox 248 2042 1515 2195">
    <p class='ocr_par' dir='ltr' id='par_1_4' title="bbox 248 2042 1515 2195">
     <span class='ocr_line' id='line_1_17' title="bbox 263 2042 1515 2108; baseline 0.002 -16"><span class='ocrx_word' id='word_1_132' title='bbox 263 2059 264 2063; x_wconf 50' lang='lat'>¹</span> <span class='ocrx_word' id='word_1_133' title='bbox 337 2043 476 2108; x_wconf 87' lang='lat' dir='ltr'>Originale</span> <span class='ocrx_word' id='word_1_134' title='bbox 497 2043 523 2092; x_wconf 88' lang='lat' dir='ltr'>in</span> <span class='ocrx_word' id='word_1_135' title='bbox 542 2043 699 2093; x_wconf 86' lang='lat' dir='ltr'>membrana.</span> <span class='ocrx_word' id='word_1_136' title='bbox 719 2043 839 2106; x_wconf 79' lang='lat' dir='ltr'>sigillum</span> <span class='ocrx_word' id='word_1_137' title='bbox 859 2061 872 2091; x_wconf 86' lang='lat' dir='ltr'>e</span> <span class='ocrx_word' id='word_1_138' title='bbox 892 2058 977 2092; x_wconf 84' lang='lat' dir='ltr'>crassa</span> <span class='ocrx_word' id='word_1_139' title='bbox 998 2042 1079 2092; x_wconf 82' lang='lat' dir='ltr'>viridi</span> <span class='ocrx_word' id='word_1_140' title='bbox 1098 2058 1170 2098; x_wconf 83' lang='lat' dir='ltr'>zona,</span> <span class='ocrx_word' id='word_1_141' title='bbox 1193 2043 1330 2107; x_wconf 88' lang='lat' dir='ltr'>pendebat.</span> <span class='ocrx_word' id='word_1_142' title='bbox 1352 2043 1381 2092; x_wconf 92' lang='lat' dir='ltr'>ln</span> <span class='ocrx_word' id='word_1_143' title='bbox 1405 2044 1515 2094; x_wconf 82' lang='lat' dir='ltr'>archivo</span> 
     </span>
     <span class='ocr_line' id='line_1_18' title="bbox 248 2130 712 2195; baseline 0.006 -16"><span class='ocrx_word' id='word_1_144' title='bbox 248 2130 295 2180; x_wconf 42' lang='lat' dir='ltr'>lib,</span> <span class='ocrx_word' id='word_1_145' title='bbox 316 2147 370 2194; x_wconf 77' lang='lat' dir='ltr'>reg.</span> <span class='ocrx_word' id='word_1_146' title='bbox 392 2131 508 2181; x_wconf 85' lang='lat' dir='ltr'>civitatis</span> <span class='ocrx_word' id='word_1_147' title='bbox 527 2131 712 2195; x_wconf 74' lang='lat' dir='ltr'>zagrabiensis</span> 
     </span>
    </p>
   </div>
   <div class='ocr_carea' id='block_1_5' title="bbox 839 2397 926 2464">
    <p class='ocr_par' dir='ltr' id='par_1_5' title="bbox 839 2397 926 2464">
     <span class='ocr_line' id='line_1_19' title="bbox 839 2397 926 2464; baseline 0 -2"><span class='ocrx_word' id='word_1_148' title='bbox 839 2397 926 2464; x_wconf 82' lang='lat'><strong>108.</strong></span> 
     </span>
    </p>
   </div>
   <div class='ocr_carea' id='block_1_6' title="bbox 355 2485 687 2550">
    <p class='ocr_par' dir='ltr' id='par_1_6' title="bbox 355 2485 687 2550">
     <span class='ocr_line' id='line_1_20' title="bbox 355 2485 687 2550; baseline 0.006 -18"><span class='ocrx_word' id='word_1_149' title='bbox 355 2487 431 2533; x_wconf 76' lang='lat' dir='ltr'>Anno</span> <span class='ocrx_word' id='word_1_150' title='bbox 455 2490 527 2542; x_wconf 77' lang='lat'>1318,</span> <span class='ocrx_word' id='word_1_151' title='bbox 548 2486 587 2535; x_wconf 77' lang='lat'>28.</span> <span class='ocrx_word' id='word_1_152' title='bbox 607 2485 687 2550; x_wconf 79' lang='lat' dir='ltr'>junii.</span> 
     </span>
    </p>
   </div>
   <div class='ocr_carea' id='block_1_7' title="bbox 251 2593 1515 2882">
    <p class='ocr_par' dir='ltr' id='par_1_7' title="bbox 251 2593 1515 2882">
     <span class='ocr_line' id='line_1_21' title="bbox 256 2593 1515 2672; baseline 0.006 -25"><span class='ocrx_word' id='word_1_153' title='bbox 256 2593 377 2650; x_wconf 66' lang='lat' dir='ltr'>torulus</span> <span class='ocrx_word' id='word_1_154' title='bbox 400 2594 577 2663; x_wconf 75' lang='lat' dir='ltr'>Hungarr&#39;cre</span> <span class='ocrx_word' id='word_1_155' title='bbox 597 2603 643 2651; x_wconf 81' lang='lat' dir='ltr'>etc.</span> <span class='ocrx_word' id='word_1_156' title='bbox 668 2614 721 2651; x_wconf 76' lang='lat' dir='ltr'>rex</span> <span class='ocrx_word' id='word_1_157' title='bbox 744 2596 880 2652; x_wconf 74' lang='lat' dir='ltr'>tributum</span> <span class='ocrx_word' id='word_1_158' title='bbox 908 2595 939 2650; x_wconf 83' lang='lat' dir='ltr'>in</span> <span class='ocrx_word' id='word_1_159' title='bbox 955 2596 1028 2668; x_wconf 79' lang='lat' dir='ltr'>fore</span> <span class='ocrx_word' id='word_1_160' title='bbox 1050 2597 1174 2653; x_wconf 75' lang='lat' dir='ltr'>civitatis</span> <span class='ocrx_word' id='word_1_161' title='bbox 1205 2597 1374 2654; x_wconf 72' lang='lat' dir='ltr'>Grrclreasr&#39;s</span> <span class='ocrx_word' id='word_1_162' title='bbox 1397 2617 1416 2652; x_wconf 83' lang='lat' dir='ltr'>a</span> <span class='ocrx_word' id='word_1_163' title='bbox 1439 2599 1515 2672; x_wconf 66' lang='lat' dir='ltr'>erpoi-</span> 
     </span>
     <span class='ocr_line' id='line_1_22' title="bbox 251 2699 1515 2775; baseline 0.004 -20"><span class='ocrx_word' id='word_1_164' title='bbox 251 2700 310 2755; x_wconf 80' lang='lat' dir='ltr'>tulo</span> <span class='ocrx_word' id='word_1_165' title='bbox 333 2699 513 2770; x_wconf 68' lang='lat' dir='ltr'>exigerrdum,</span> <span class='ocrx_word' id='word_1_166' title='bbox 536 2709 665 2773; x_wconf 71' lang='lat' dir='ltr'>eaumpta</span> <span class='ocrx_word' id='word_1_167' title='bbox 688 2703 829 2757; x_wconf 74' lang='lat' dir='ltr'>tricesima</span> <span class='ocrx_word' id='word_1_168' title='bbox 858 2702 974 2772; x_wconf 72' lang='lat' dir='ltr'>reginae</span> <span class='ocrx_word' id='word_1_169' title='bbox 1005 2709 1177 2773; x_wconf 64' lang='lat' dir='ltr'>cooperante,</span> <span class='ocrx_word' id='word_1_170' title='bbox 1211 2703 1297 2758; x_wconf 75' lang='lat' dir='ltr'>eidem</span> <span class='ocrx_word' id='word_1_171' title='bbox 1322 2704 1352 2758; x_wconf 79' lang='lat' dir='ltr'>in</span> <span class='ocrx_word' id='word_1_172' title='bbox 1371 2711 1515 2775; x_wconf 75' lang='lat' dir='ltr'>posterum</span> 
     </span>
     <span class='ocr_line' id='line_1_23' title="bbox 800 2808 957 2882; baseline -0.006 -18"><span class='ocrx_word' id='word_1_173' title='bbox 800 2808 957 2882; x_wconf 73' lang='lat' dir='ltr'>crrrrfirmcet.</span> 
     </span>
    </p>
   </div>
   <div class='ocr_carea' id='block_1_8' title="bbox 252 2963 1519 4843">
    <p class='ocr_par' dir='ltr' id='par_1_8' title="bbox 252 2963 1519 4843">
     <span class='ocr_line' id='line_1_24' title="bbox 341 2963 1517 3045; baseline 0.005 -23"><span class='ocrx_word' id='word_1_174' title='bbox 341 2967 474 3023; x_wconf 72' lang='lat' dir='ltr'>liarolus</span> <span class='ocrx_word' id='word_1_175' title='bbox 487 2967 536 3024; x_wconf 90' lang='lat' dir='ltr'>dei</span> <span class='ocrx_word' id='word_1_176' title='bbox 552 2969 654 3039; x_wconf 80' lang='lat' dir='ltr'>gracia</span> <span class='ocrx_word' id='word_1_177' title='bbox 668 2969 833 3038; x_wconf 87' lang='lat' dir='ltr'>llungarie‚</span> <span class='ocrx_word' id='word_1_178' title='bbox 847 2968 1016 3036; x_wconf 87' lang='lat' dir='ltr'>Dalmacie,</span> <span class='ocrx_word' id='word_1_179' title='bbox 1029 2968 1164 3038; x_wconf 69' lang='lat' dir='ltr'>croacie,</span> <span class='ocrx_word' id='word_1_180' title='bbox 1178 2963 1299 3045; x_wconf 75' lang='lat' dir='ltr'>(Reme)</span> <span class='ocrx_word' id='word_1_181' title='bbox 1312 2968 1427 3039; x_wconf 76' lang='lat' dir='ltr'>Serme,</span> <span class='ocrx_word' id='word_1_182' title='bbox 1442 2972 1517 3028; x_wconf 78' lang='lat' dir='ltr'>Gal·</span> 
     </span>
     <span class='ocr_line' id='line_1_25' title="bbox 252 3071 1516 3146; baseline 0.006 -19"><span class='ocrx_word' id='word_1_183' title='bbox 252 3072 329 3141; x_wconf 90' lang='lat' dir='ltr'>licie,</span> <span class='ocrx_word' id='word_1_184' title='bbox 344 3071 534 3137; x_wconf 70' lang='lat' dir='ltr'>Lodomerie„</span> <span class='ocrx_word' id='word_1_185' title='bbox 551 3074 700 3130; x_wconf 84' lang='lat' dir='ltr'>Cumanie</span> <span class='ocrx_word' id='word_1_186' title='bbox 717 3074 921 3146; x_wconf 83' lang='lat' dir='ltr'>Bulgariequc</span> <span class='ocrx_word' id='word_1_187' title='bbox 934 3089 996 3143; x_wconf 88' lang='lat' dir='ltr'>rex,</span> <span class='ocrx_word' id='word_1_188' title='bbox 1010 3074 1039 3130; x_wconf 91' lang='lat' dir='ltr'>in</span> <span class='ocrx_word' id='word_1_189' title='bbox 1055 3078 1249 3146; x_wconf 89' lang='lat' dir='ltr'>perpetuum.</span> <span class='ocrx_word' id='word_1_190' title='bbox 1264 3075 1317 3131; x_wconf 85' lang='lat' dir='ltr'>Rei</span> <span class='ocrx_word' id='word_1_191' title='bbox 1333 3078 1516 3134; x_wconf 90' lang='lat' dir='ltr'>memoriam</span> 
     </span>
     <span class='ocr_line' id='line_1_26' title="bbox 252 3177 1516 3257; baseline 0.006 -24"><span class='ocrx_word' id='word_1_192' title='bbox 252 3177 381 3248; x_wconf 86' lang='lat' dir='ltr'>dignum</span> <span class='ocrx_word' id='word_1_193' title='bbox 405 3186 450 3235; x_wconf 88' lang='lat' dir='ltr'>est</span> <span class='ocrx_word' id='word_1_194' title='bbox 474 3188 503 3236; x_wconf 89' lang='lat' dir='ltr'>et</span> <span class='ocrx_word' id='word_1_195' title='bbox 527 3181 641 3237; x_wconf 89' lang='lat' dir='ltr'>racioni</span> <span class='ocrx_word' id='word_1_196' title='bbox 666 3181 816 3249; x_wconf 85' lang='lat' dir='ltr'>convenit,</span> <span class='ocrx_word' id='word_1_197' title='bbox 840 3196 875 3236; x_wconf 90' lang='lat' dir='ltr'>ea</span> <span class='ocrx_word' id='word_1_198' title='bbox 899 3196 959 3252; x_wconf 83' lang='lat' dir='ltr'>que</span> <span class='ocrx_word' id='word_1_199' title='bbox 982 3180 1132 3252; x_wconf 86' lang='lat' dir='ltr'>legittime</span> <span class='ocrx_word' id='word_1_200' title='bbox 1156 3181 1319 3238; x_wconf 88' lang='lat' dir='ltr'>constituta</span> <span class='ocrx_word' id='word_1_201' title='bbox 1343 3190 1421 3250; x_wconf 91' lang='lat' dir='ltr'>sunt,</span> <span class='ocrx_word' id='word_1_202' title='bbox 1439 3184 1516 3257; x_wconf 85' lang='lat' dir='ltr'>regii</span> 
     </span>
     <span class='ocr_line' id='line_1_27' title="bbox 255 3284 1517 3362; baseline 0.005 -22"><span class='ocrx_word' id='word_1_203' title='bbox 255 3284 371 3341; x_wconf 82' lang='lat' dir='ltr'>favoris</span> <span class='ocrx_word' id='word_1_204' title='bbox 404 3288 572 3343; x_wconf 87' lang='lat' dir='ltr'>munimine</span> <span class='ocrx_word' id='word_1_205' title='bbox 600 3288 749 3357; x_wconf 86' lang='lat' dir='ltr'>roborari,</span> <span class='ocrx_word' id='word_1_206' title='bbox 778 3288 913 3344; x_wconf 88' lang='lat' dir='ltr'>maxime</span> <span class='ocrx_word' id='word_1_207' title='bbox 945 3303 1005 3359; x_wconf 84' lang='lat' dir='ltr'>que</span> <span class='ocrx_word' id='word_1_208' title='bbox 1028 3287 1134 3344; x_wconf 90' lang='lat' dir='ltr'>divino</span> <span class='ocrx_word' id='word_1_209' title='bbox 1157 3287 1254 3344; x_wconf 91' lang='lat' dir='ltr'>cultui</span> <span class='ocrx_word' id='word_1_210' title='bbox 1279 3287 1422 3344; x_wconf 88' lang='lat' dir='ltr'>videntur</span> <span class='ocrx_word' id='word_1_211' title='bbox 1446 3305 1517 3362; x_wconf 87' lang='lat' dir='ltr'>pro·</span> 
     </span>
     <span class='ocr_line' id='line_1_28' title="bbox 253 3389 1517 3466; baseline 0.006 -21"><span class='ocrx_word' id='word_1_212' title='bbox 253 3389 353 3460; x_wconf 87' lang='lat' dir='ltr'>ficere,</span> <span class='ocrx_word' id='word_1_213' title='bbox 378 3393 426 3448; x_wconf 93' lang='lat' dir='ltr'>cui</span> <span class='ocrx_word' id='word_1_214' title='bbox 453 3409 508 3448; x_wconf 90' lang='lat' dir='ltr'>nos</span> <span class='ocrx_word' id='word_1_215' title='bbox 532 3408 568 3449; x_wconf 89' lang='lat' dir='ltr'>eo</span> <span class='ocrx_word' id='word_1_216' title='bbox 593 3394 691 3464; x_wconf 85' lang='lat' dir='ltr'>magis</span> <span class='ocrx_word' id='word_1_217' title='bbox 714 3392 870 3450; x_wconf 85' lang='lat' dir='ltr'>debitores</span> <span class='ocrx_word' id='word_1_218' title='bbox 885 3392 1050 3462; x_wconf 89' lang='lat' dir='ltr'>credimus,</span> <span class='ocrx_word' id='word_1_219' title='bbox 1072 3408 1133 3464; x_wconf 79' lang='lat' dir='ltr'>quo</span> <span class='ocrx_word' id='word_1_220' title='bbox 1150 3393 1230 3450; x_wconf 91' lang='lat' dir='ltr'>bona</span> <span class='ocrx_word' id='word_1_221' title='bbox 1247 3394 1350 3449; x_wconf 92' lang='lat' dir='ltr'>omnia</span> <span class='ocrx_word' id='word_1_222' title='bbox 1366 3392 1404 3449; x_wconf 91' lang='lat' dir='ltr'>de</span> <span class='ocrx_word' id='word_1_223' title='bbox 1421 3395 1517 3466; x_wconf 84' lang='lat' dir='ltr'>ipsius</span> 
     </span>
     <span class='ocr_line' id='line_1_29' title="bbox 254 3495 1516 3571; baseline 0.008 -21"><span class='ocrx_word' id='word_1_224' title='bbox 254 3495 394 3566; x_wconf 88' lang='lat' dir='ltr'>largitlua</span> <span class='ocrx_word' id='word_1_225' title='bbox 411 3497 623 3555; x_wconf 88' lang='lat' dir='ltr'>benivolencia</span> <span class='ocrx_word' id='word_1_226' title='bbox 639 3499 853 3556; x_wconf 90' lang='lat' dir='ltr'>connoscimus</span> <span class='ocrx_word' id='word_1_227' title='bbox 870 3500 1051 3571; x_wconf 88' lang='lat' dir='ltr'>percepisse.</span> <span class='ocrx_word' id='word_1_228' title='bbox 1068 3497 1148 3556; x_wconf 87' lang='lat' dir='ltr'>Sane</span> <span class='ocrx_word' id='word_1_229' title='bbox 1160 3498 1363 3556; x_wconf 89' lang='lat' dir='ltr'>discretorum</span> <span class='ocrx_word' id='word_1_230' title='bbox 1378 3501 1516 3560; x_wconf 88' lang='lat' dir='ltr'>virorum</span> 
     </span>
     <span class='ocr_line' id='line_1_30' title="bbox 254 3604 1517 3677; baseline 0.006 -19"><span class='ocrx_word' id='word_1_231' title='bbox 254 3604 459 3671; x_wconf 85' lang='lat' dir='ltr'>zagrabiensis</span> <span class='ocrx_word' id='word_1_232' title='bbox 483 3605 609 3677; x_wconf 88' lang='lat' dir='ltr'>capituli</span> <span class='ocrx_word' id='word_1_233' title='bbox 634 3605 821 3662; x_wconf 86' lang='lat' dir='ltr'>dilectorum</span> <span class='ocrx_word' id='word_1_234' title='bbox 845 3613 873 3661; x_wconf 90' lang='lat' dir='ltr'>et</span> <span class='ocrx_word' id='word_1_235' title='bbox 902 3604 1042 3661; x_wconf 89' lang='lat' dir='ltr'>fidelium</span> <span class='ocrx_word' id='word_1_236' title='bbox 1066 3611 1244 3662; x_wconf 88' lang='lat' dir='ltr'>nostrorum</span> <span class='ocrx_word' id='word_1_237' title='bbox 1267 3605 1404 3662; x_wconf 83' lang='lat' dir='ltr'>exhibita</span> <span class='ocrx_word' id='word_1_238' title='bbox 1427 3608 1517 3667; x_wconf 92' lang='lat' dir='ltr'>nobis</span> 
     </span>
     <span class='ocr_line' id='line_1_31' title="bbox 255 3709 1517 3785; baseline 0.007 -22"><span class='ocrx_word' id='word_1_239' title='bbox 255 3710 367 3780; x_wconf 88' lang='lat' dir='ltr'>peticio</span> <span class='ocrx_word' id='word_1_240' title='bbox 391 3711 574 3775; x_wconf 74' lang='lat' dir='ltr'>continebat,</span> <span class='ocrx_word' id='word_1_241' title='bbox 598 3712 679 3783; x_wconf 87' lang='lat' dir='ltr'>quod</span> <span class='ocrx_word' id='word_1_242' title='bbox 706 3726 776 3767; x_wconf 89' lang='lat' dir='ltr'>cum</span> <span class='ocrx_word' id='word_1_243' title='bbox 800 3712 860 3784; x_wconf 90' lang='lat' dir='ltr'>ipsi</span> <span class='ocrx_word' id='word_1_244' title='bbox 883 3711 991 3767; x_wconf 89' lang='lat' dir='ltr'>tributi</span> <span class='ocrx_word' id='word_1_245' title='bbox 1015 3709 1073 3767; x_wconf 82' lang='lat' dir='ltr'>sori</span> <span class='ocrx_word' id='word_1_246' title='bbox 1097 3712 1193 3768; x_wconf 88' lang='lat' dir='ltr'>nostri</span> <span class='ocrx_word' id='word_1_247' title='bbox 1218 3711 1330 3767; x_wconf 91' lang='lat' dir='ltr'>montis</span> <span class='ocrx_word' id='word_1_248' title='bbox 1346 3710 1517 3785; x_wconf 76' lang='lat' dir='ltr'>(imoensis,</span> 
     </span>
     <span class='ocr_line' id='line_1_32' title="bbox 254 3814 1518 3890; baseline 0.005 -19"><span class='ocrx_word' id='word_1_249' title='bbox 254 3814 331 3871; x_wconf 86' lang='lat' dir='ltr'>duas</span> <span class='ocrx_word' id='word_1_250' title='bbox 355 3821 457 3887; x_wconf 89' lang='lat' dir='ltr'>partes</span> <span class='ocrx_word' id='word_1_251' title='bbox 481 3818 521 3873; x_wconf 85' lang='lat' dir='ltr'>ab</span> <span class='ocrx_word' id='word_1_252' title='bbox 557 3833 593 3873; x_wconf 91' lang='lat' dir='ltr'>eo</span> <span class='ocrx_word' id='word_1_253' title='bbox 625 3825 763 3890; x_wconf 88' lang='lat' dir='ltr'>tempore</span> <span class='ocrx_word' id='word_1_254' title='bbox 796 3819 882 3875; x_wconf 91' lang='lat' dir='ltr'>cuius</span> <span class='ocrx_word' id='word_1_255' title='bbox 915 3833 974 3874; x_wconf 91' lang='lat' dir='ltr'>non</span> <span class='ocrx_word' id='word_1_256' title='bbox 1003 3822 1085 3873; x_wconf 89' lang='lat' dir='ltr'>extat</span> <span class='ocrx_word' id='word_1_257' title='bbox 1110 3816 1268 3885; x_wconf 89' lang='lat' dir='ltr'>memoria,</span> <span class='ocrx_word' id='word_1_258' title='bbox 1293 3817 1419 3874; x_wconf 86' lang='lat' dir='ltr'>terciam</span> <span class='ocrx_word' id='word_1_259' title='bbox 1443 3835 1518 3877; x_wconf 84' lang='lat' dir='ltr'>vero</span> 
     </span>
     <span class='ocr_line' id='line_1_33' title="bbox 255 3922 1516 3996; baseline 0.006 -21"><span class='ocrx_word' id='word_1_260' title='bbox 255 3928 374 3991; x_wconf 89' lang='lat' dir='ltr'>partem</span> <span class='ocrx_word' id='word_1_261' title='bbox 398 3939 435 3977; x_wconf 84' lang='lat' dir='ltr'>ex</span> <span class='ocrx_word' id='word_1_262' title='bbox 460 3925 543 3994; x_wconf 85' lang='lat' dir='ltr'>regia</span> <span class='ocrx_word' id='word_1_263' title='bbox 567 3924 736 3981; x_wconf 87' lang='lat' dir='ltr'>collacione</span> <span class='ocrx_word' id='word_1_264' title='bbox 760 3924 960 3996; x_wconf 89' lang='lat' dir='ltr'>possederint,</span> <span class='ocrx_word' id='word_1_265' title='bbox 984 3930 1013 3980; x_wconf 86' lang='lat' dir='ltr'>et</span> <span class='ocrx_word' id='word_1_266' title='bbox 1036 3924 1080 3980; x_wconf 89' lang='lat' dir='ltr'>sic</span> <span class='ocrx_word' id='word_1_267' title='bbox 1104 3930 1202 3980; x_wconf 89' lang='lat' dir='ltr'>totum</span> <span class='ocrx_word' id='word_1_268' title='bbox 1226 3922 1344 3980; x_wconf 90' lang='lat' dir='ltr'>dictum</span> <span class='ocrx_word' id='word_1_269' title='bbox 1365 3924 1516 3983; x_wconf 91' lang='lat' dir='ltr'>tributum</span> 
     </span>
     <span class='ocr_line' id='line_1_34' title="bbox 256 4028 1517 4103; baseline 0.006 -23"><span class='ocrx_word' id='word_1_270' title='bbox 256 4041 351 4097; x_wconf 86' lang='lat' dir='ltr'>usque</span> <span class='ocrx_word' id='word_1_271' title='bbox 375 4028 467 4084; x_wconf 88' lang='lat' dir='ltr'>hodie</span> <span class='ocrx_word' id='word_1_272' title='bbox 490 4029 555 4085; x_wconf 88' lang='lat' dir='ltr'>sine</span> <span class='ocrx_word' id='word_1_273' title='bbox 579 4030 823 4087; x_wconf 89' lang='lat' dir='ltr'>contradiccione</span> <span class='ocrx_word' id='word_1_274' title='bbox 846 4031 1003 4103; x_wconf 88' lang='lat' dir='ltr'>optineant</span> <span class='ocrx_word' id='word_1_275' title='bbox 1027 4028 1155 4103; x_wconf 85' lang='lat' dir='ltr'>pacifice</span> <span class='ocrx_word' id='word_1_276' title='bbox 1178 4036 1207 4086; x_wconf 89' lang='lat' dir='ltr'>et</span> <span class='ocrx_word' id='word_1_277' title='bbox 1231 4029 1341 4100; x_wconf 85' lang='lat' dir='ltr'>quiete,</span> <span class='ocrx_word' id='word_1_278' title='bbox 1367 4036 1517 4102; x_wconf 90' lang='lat' dir='ltr'>quatenus</span> 
     </span>
     <span class='ocr_line' id='line_1_35' title="bbox 256 4132 1517 4210; baseline 0.006 -23"><span class='ocrx_word' id='word_1_279' title='bbox 256 4132 357 4203; x_wconf 88' lang='lat' dir='ltr'>ipsum</span> <span class='ocrx_word' id='word_1_280' title='bbox 382 4134 531 4191; x_wconf 86' lang='lat' dir='ltr'>tributum</span> <span class='ocrx_word' id='word_1_281' title='bbox 556 4135 695 4207; x_wconf 87' lang='lat' dir='ltr'>predicto</span> <span class='ocrx_word' id='word_1_282' title='bbox 718 4137 855 4209; x_wconf 89' lang='lat' dir='ltr'>capitulo</span> <span class='ocrx_word' id='word_1_283' title='bbox 877 4142 969 4209; x_wconf 86' lang='lat' dir='ltr'>atque</span> <span class='ocrx_word' id='word_1_284' title='bbox 988 4137 1180 4207; x_wconf 87' lang='lat' dir='ltr'>zagrabiensi</span> <span class='ocrx_word' id='word_1_285' title='bbox 1204 4135 1341 4205; x_wconf 82' lang='lat' dir='ltr'>ecclesie,</span> <span class='ocrx_word' id='word_1_286' title='bbox 1357 4152 1395 4192; x_wconf 90' lang='lat' dir='ltr'>ne</span> <span class='ocrx_word' id='word_1_287' title='bbox 1412 4136 1517 4210; x_wconf 89' lang='lat' dir='ltr'>aliqua</span> 
     </span>
     <span class='ocr_line' id='line_1_36' title="bbox 256 4238 1518 4316; baseline 0.006 -24"><span class='ocrx_word' id='word_1_288' title='bbox 256 4238 352 4306; x_wconf 90' lang='lat' dir='ltr'>possit</span> <span class='ocrx_word' id='word_1_289' title='bbox 375 4239 418 4294; x_wconf 90' lang='lat' dir='ltr'>eis</span> <span class='ocrx_word' id='word_1_290' title='bbox 442 4240 471 4295; x_wconf 91' lang='lat' dir='ltr'>in</span> <span class='ocrx_word' id='word_1_291' title='bbox 498 4251 655 4312; x_wconf 89' lang='lat' dir='ltr'>posterum</span> <span class='ocrx_word' id='word_1_292' title='bbox 679 4242 788 4299; x_wconf 90' lang='lat' dir='ltr'>obesse</span> <span class='ocrx_word' id='word_1_293' title='bbox 811 4243 1004 4315; x_wconf 83' lang='lat' dir='ltr'>improbitas,</span> <span class='ocrx_word' id='word_1_294' title='bbox 1029 4241 1228 4313; x_wconf 86' lang='lat' dir='ltr'>dignaremur</span> <span class='ocrx_word' id='word_1_295' title='bbox 1251 4241 1410 4299; x_wconf 90' lang='lat' dir='ltr'>sanccione</span> <span class='ocrx_word' id='word_1_296' title='bbox 1433 4245 1518 4316; x_wconf 86' lang='lat' dir='ltr'>regia</span> 
     </span>
     <span class='ocr_line' id='line_1_37' title="bbox 256 4343 1517 4422; baseline 0.006 -25"><span class='ocrx_word' id='word_1_297' title='bbox 256 4343 446 4402; x_wconf 83' lang='lat' dir='ltr'>confirmare.</span> <span class='ocrx_word' id='word_1_298' title='bbox 479 4346 541 4402; x_wconf 89' lang='lat' dir='ltr'>Nos</span> <span class='ocrx_word' id='word_1_299' title='bbox 573 4348 665 4418; x_wconf 84' lang='lat' dir='ltr'>igitur</span> <span class='ocrx_word' id='word_1_300' title='bbox 695 4363 802 4404; x_wconf 91' lang='lat' dir='ltr'>eorum</span> <span class='ocrx_word' id='word_1_301' title='bbox 835 4349 977 4422; x_wconf 89' lang='lat' dir='ltr'>peticioni</span> <span class='ocrx_word' id='word_1_302' title='bbox 1008 4355 1097 4419; x_wconf 85' lang='lat' dir='ltr'>grato</span> <span class='ocrx_word' id='word_1_303' title='bbox 1134 4353 1349 4405; x_wconf 87' lang='lat' dir='ltr'>concurrentes</span> <span class='ocrx_word' id='word_1_304' title='bbox 1384 4363 1517 4416; x_wconf 88' lang='lat' dir='ltr'>assensu,</span> 
     </span>
     <span class='ocr_line' id='line_1_38' title="bbox 258 4448 1518 4527; baseline 0.006 -23"><span class='ocrx_word' id='word_1_305' title='bbox 258 4448 339 4505; x_wconf 90' lang='lat' dir='ltr'>idem</span> <span class='ocrx_word' id='word_1_306' title='bbox 372 4452 521 4509; x_wconf 90' lang='lat' dir='ltr'>tributum</span> <span class='ocrx_word' id='word_1_307' title='bbox 555 4453 612 4510; x_wconf 83' lang='lat' dir='ltr'>sori</span> <span class='ocrx_word' id='word_1_308' title='bbox 643 4455 755 4511; x_wconf 91' lang='lat' dir='ltr'>montis</span> <span class='ocrx_word' id='word_1_309' title='bbox 786 4454 957 4523; x_wconf 87' lang='lat' dir='ltr'>Grecensis,</span> <span class='ocrx_word' id='word_1_310' title='bbox 981 4453 1062 4526; x_wconf 79' lang='lat' dir='ltr'>quod</span> <span class='ocrx_word' id='word_1_311' title='bbox 1089 4454 1118 4511; x_wconf 93' lang='lat' dir='ltr'>in</span> <span class='ocrx_word' id='word_1_312' title='bbox 1142 4468 1178 4510; x_wconf 92' lang='lat' dir='ltr'>eo</span> <span class='ocrx_word' id='word_1_313' title='bbox 1203 4454 1279 4521; x_wconf 84' lang='lat' dir='ltr'>loen,</span> <span class='ocrx_word' id='word_1_314' title='bbox 1304 4459 1407 4527; x_wconf 84' lang='lat' dir='ltr'>preter</span> <span class='ocrx_word' id='word_1_315' title='bbox 1429 4456 1518 4512; x_wconf 87' lang='lat' dir='ltr'>trice·</span> 
     </span>
     <span class='ocr_line' id='line_1_39' title="bbox 257 4554 1517 4632; baseline 0.007 -24"><span class='ocrx_word' id='word_1_316' title='bbox 257 4554 367 4610; x_wconf 87' lang='lat' dir='ltr'>simam</span> <span class='ocrx_word' id='word_1_317' title='bbox 400 4555 523 4613; x_wconf 88' lang='lat' dir='ltr'>domine</span> <span class='ocrx_word' id='word_1_318' title='bbox 555 4560 704 4615; x_wconf 85' lang='lat' dir='ltr'>consortis</span> <span class='ocrx_word' id='word_1_319' title='bbox 734 4565 837 4617; x_wconf 91' lang='lat' dir='ltr'>nostre</span> <span class='ocrx_word' id='word_1_320' title='bbox 867 4558 969 4616; x_wconf 91' lang='lat' dir='ltr'>solum</span> <span class='ocrx_word' id='word_1_321' title='bbox 1001 4576 1066 4617; x_wconf 89' lang='lat' dir='ltr'>esse</span> <span class='ocrx_word' id='word_1_322' title='bbox 1097 4559 1266 4616; x_wconf 89' lang='lat' dir='ltr'>dinoscitur</span> <span class='ocrx_word' id='word_1_323' title='bbox 1298 4559 1356 4631; x_wconf 88' lang='lat' dir='ltr'>ipsi</span> <span class='ocrx_word' id='word_1_324' title='bbox 1380 4560 1517 4632; x_wconf 89' lang='lat' dir='ltr'>capitulo</span> 
     </span>
     <span class='ocr_line' id='line_1_40' title="bbox 257 4660 1517 4738; baseline 0.006 -24"><span class='ocrx_word' id='word_1_325' title='bbox 257 4660 442 4731; x_wconf 86' lang='lat' dir='ltr'>exigendum</span> <span class='ocrx_word' id='word_1_326' title='bbox 465 4667 494 4717; x_wconf 93' lang='lat' dir='ltr'>et</span> <span class='ocrx_word' id='word_1_327' title='bbox 518 4663 738 4734; x_wconf 90' lang='lat' dir='ltr'>possidendum</span> <span class='ocrx_word' id='word_1_328' title='bbox 762 4680 798 4722; x_wconf 92' lang='lat' dir='ltr'>eo</span> <span class='ocrx_word' id='word_1_329' title='bbox 838 4665 931 4723; x_wconf 95' lang='lat' dir='ltr'>modo</span> <span class='ocrx_word' id='word_1_330' title='bbox 962 4681 1025 4738; x_wconf 88' lang='lat' dir='ltr'>quo</span> <span class='ocrx_word' id='word_1_331' title='bbox 1048 4680 1224 4738; x_wconf 86' lang='lat' dir='ltr'>possessum</span> <span class='ocrx_word' id='word_1_332' title='bbox 1255 4670 1300 4721; x_wconf 89' lang='lat' dir='ltr'>est</span> <span class='ocrx_word' id='word_1_333' title='bbox 1330 4672 1463 4730; x_wconf 70' lang='lat' dir='ltr'>actenus„</span> <span class='ocrx_word' id='word_1_334' title='bbox 1487 4667 1517 4722; x_wconf 93' lang='lat' dir='ltr'>in</span> 
     </span>
     <span class='ocr_line' id='line_1_41' title="bbox 257 4768 1519 4843; baseline 0.007 -23"><span class='ocrx_word' id='word_1_335' title='bbox 257 4773 442 4836; x_wconf 86' lang='lat' dir='ltr'>perpetuum</span> <span class='ocrx_word' id='word_1_336' title='bbox 467 4768 695 4839; x_wconf 80' lang='lat' dir='ltr'>confirmamus,</span> <span class='ocrx_word' id='word_1_337' title='bbox 725 4770 873 4842; x_wconf 89' lang='lat' dir='ltr'>volentes,</span> <span class='ocrx_word' id='word_1_338' title='bbox 901 4779 934 4829; x_wconf 93' lang='lat' dir='ltr'>ut</span> <span class='ocrx_word' id='word_1_339' title='bbox 957 4771 1063 4828; x_wconf 90' lang='lat' dir='ltr'>nullus</span> <span class='ocrx_word' id='word_1_340' title='bbox 1086 4770 1125 4828; x_wconf 89' lang='lat' dir='ltr'>de</span> <span class='ocrx_word' id='word_1_341' title='bbox 1147 4777 1249 4827; x_wconf 90' lang='lat' dir='ltr'>cetero</span> <span class='ocrx_word' id='word_1_342' title='bbox 1272 4770 1304 4827; x_wconf 90' lang='lat' dir='ltr'>in</span> <span class='ocrx_word' id='word_1_343' title='bbox 1328 4768 1441 4843; x_wconf 85' lang='lat' dir='ltr'>prefati</span> <span class='ocrx_word' id='word_1_344' title='bbox 1464 4771 1519 4829; x_wconf 92' lang='lat' dir='ltr'>tri-</span> 
     </span>
    </p>
   </div>
   <div class='ocr_carea' id='block_1_9' title="bbox 0 0 1764 5242">
    <p class='ocr_par' dir='ltr' id='par_1_9' title="bbox 0 0 1764 5242">
     <span class='ocr_line' id='line_1_42' title="bbox 0 0 1764 5242; baseline 0 0"><span class='ocrx_word' id='word_1_345' title='bbox 0 0 1764 5242; x_wconf 95' lang='lat' dir='ltr'> </span> 
     </span>
    </p>
   </div>
  </div>
 </body>
</html>
