3488 5242
251 327 314 387 450
688 308 835 366 Adtende.
864 309 960 365 -Αη,
987 304 1077 384 1346.

246 508 363 565 domini
390 508 497 564 Karoli
523 509 603 577 regis
628 508 745 564 litteras
770 507 980 579 privilegiales
1012 507 1071 562 suh
1099 521 1178 562 anno
1202 505 1318 562 domini
1345 505 1514 562 MCCCXX

246 625 357 686 quarto
380 624 546 671 emanatas.
570 623 707 670 tenorem
732 615 777 669 sui
803 614 959 685 privilegii
984 613 1110 683 antiquo
1134 626 1189 667 suo
1213 612 1318 682 sigillo
1342 613 1514 680 consignati

245 727 276 777 et
299 728 436 776 tenorem
464 721 636 776 litterarum
662 719 894 791 prvilegialium
919 717 1035 774 domini
1055 717 1127 773 Bele
1143 718 1224 788 regis
1241 719 1271 774 in
1291 733 1370 773 anno
1394 718 1513 774 domini

247 827 328 880 htt'tss
350 826 542 894 sexagesimo
566 832 653 881 sexto
677 825 817 884 emanati.
837 824 1022 890 libertatem,
1045 824 1258 895 prerogativas
1275 823 1390 879 eisdem
1409 825 1514 896 hospi·

246 933 327 987 tihus
351 932 389 986 de
413 932 514 988 Grech
539 946 705 989 concessas.
730 947 785 987 nec
810 945 868 986 non
894 946 1002 986 cursus
1026 936 1177 985 metarum
1207 930 1352 985 territorii
1374 929 1513 986 eiusdem

244 1038 377 1093 civitatis
402 1053 456 1108 per
479 1036 618 1092 ordinem
636 1037 832 1095 continentes.
849 1045 1018 1091 asserentes
1035 1034 1108 1091 dicti
1134 1034 1255 1091 Nilrolet
1273 1046 1301 1091 et
1319 1035 1390 1091 laxa
1409 1037 1512 1108 ipsum

246 1142 394 1198 fossatum
420 1150 448 1197 et
474 1149 586 1197 terram
610 1141 648 1197 ad
673 1156 768 1213 quam
799 1157 879 1213 aqua
911 1140 948 1197 de
981 1141 1041 1198 line
1065 1141 1161 1212 ipsius
1193 1139 1297 1197 fossati
1329 1143 1513 1198 cucurrisset

246 1250 325 1305 intra
350 1255 445 1304 metas
470 1249 499 1302 in
525 1248 716 1319 preallegato
732 1247 898 1319 privilegio
916 1248 1078 1303 existentes
1095 1246 1241 1303 adiacere.
1265 1246 1405 1302 Preterea
1422 1263 1512 1319 quas·

245 1354 316 1409 dam
342 1353 417 1409 duas
443 1355 560 1409 litteras
582 1354 709 1409 ecclesie
725 1353 933 1420 zagrahiensis
951 1360 1089 1424 patenter
1105 1352 1259 1408 consectas
1280 1353 1369 1409 nobis
1386 1352 1512 1409 demon-

244 1467 388 1523 strarunt,
413 1463 441 1517 in
467 1475 598 1531 quarum
620 1461 710 1515 unius
741 1469 854 1526 tenore,
887 1467 996 1530 quarta
1028 1458 1103 1514 seria
1128 1460 1271 1530 proxima
1295 1468 1363 1531 post
1387 1466 1513 1516 octavas

245 1565 312 1622 sesti
339 1566 551 1621 penthecostes
575 1566 633 1622 suh
657 1581 736 1621 anno
768 1565 884 1621 domini
917 1563 999 1620 MCC
1028 1565 1226 1634 nonagesimo
1250 1573 1336 1620 sexto
1360 1573 1512 1636 emanat0‚

244 1672 461 1743 conspeximus
486 1672 643 1738 contineri,
668 1670 750 1743 quod
778 1672 907 1730 Matheo,
933 1669 998 1726 lilio
1024 1671 1136 1726 lletreh
1162 1670 1199 1726 de
1223 1687 1334 1740 genere
1359 1671 1453 1737 alcha,
1471 1671 1511 1726 ab

245 1793 304 1832 una
332 1786 428 1850 parte.
464 1779 534 1833 item
564 1778 687 1834 (illione
720 1778 835 1833 maiore
867 1777 951 1842 ville,
983 1775 1172 1836 Sirmarkou.
1203 1776 1300 1834 Petro.
1334 1774 1511 1844 scandalan

245 1883 394 1939 Michaele
419 1882 543 1939 Bisscno
575 1892 603 1938 et
636 1885 783 1953 magistro
807 1883 965 1938 Clemente
997 1883 1117 1938 civibus
1150 1883 1238 1938 castri
1268 1881 1430 1939 Grecensis
1454 1898 1512 1955 pro

244 2005 276 2045 se
300 1999 328 2045 et
352 1998 415 2044 tota
440 1990 660 2045 communitate
683 1988 821 2044 eiusdem
845 1989 904 2043 loci
922 1996 1009 2059 parte
1033 1989 1073 2043 ah
1092 1989 1188 2043 altera
1212 1989 1243 2044 in
1268 1988 1405 2044 eiusdem
1428 1990 1511 2061 capi·

244 2094 301 2151 tuli
325 2095 531 2165 zagrabiensis
555 2094 712 2165 presencia
737 2094 940 2164 personaliter
963 2094 1144 2163 constitutis,
1169 2093 1251 2149 idem
1278 2095 1416 2150 Matheus
1440 2109 1511 2150 con·

245 2197 343 2256 lessus
366 2200 523 2268 extitisset,
552 2198 634 2270 quod
659 2198 730 2254 licet
755 2200 820 2270 ipse
844 2214 937 2270 super
961 2206 1041 2254 terra
1066 2215 1118 2255 seu
1143 2200 1334 2272 possessione
1363 2198 1510 2256 Scuiblan

244 2314 352 2360 vocata
376 2306 524 2360 movisset
548 2306 704 2360 accionem
727 2303 913 2375 requirendo
937 2311 965 2359 et
990 2304 1157 2376 repetendo
1181 2303 1309 2360 eandem
1332 2304 1423 2360 tilulo
1441 2321 1511 2378 pos·

244 2411 387 2468 sessionis
411 2427 464 2466 sue
487 2410 679 2475 hereditarie,
704 2419 806 2466 tamen
832 2417 959 2482 propter
982 2411 1097 2466 bonum
1123 2411 1214 2482 pacis,
1240 2425 1334 2481 quam
1356 2411 1421 2482 ipse
1438 2427 1508 2467 cum

245 2515 359 2573 eisdem
386 2517 506 2571 civibus
530 2517 640 2572 maluit
671 2516 895 2572 inuiolabiliter
926 2517 1101 2586 ohservare,
1133 2515 1243 2572 cedens
1274 2524 1303 2572 et
1327 2518 1509 2573 renuncians

245 2629 302 2694 pro
327 2633 413 2694 parte
437 2637 491 2677 sua
515 2621 692 2678 huiusmodi
717 2623 763 2678 liti
787 2630 880 2694 atque
904 2623 963 2679 iuri
987 2638 1079 2694 super
1103 2624 1169 2694 ipsa
1201 2625 1391 2694 possessione
1415 2624 1509 2680 susci·

245 2730 322 2796 tatis.
347 2728 475 2784 eandem
500 2731 724 2801 possessionem
753 2728 911 2785 Sciuihlan
941 2729 1115 2800 reliquisset
1139 2737 1167 2784 et
1191 2728 1357 2785 dimisisset
1380 2729 1509 2802 prelatis

244 2836 364 2891 civibus
388 2839 479 2905 prout
503 2836 533 2889 in
557 2842 645 2890 antea
666 2834 764 2889 libere
788 2842 816 2889 et
841 2833 968 2906 pacifice
990 2834 1215 2905 possidendam.
1241 2835 1272 2891 ln
1290 2834 1417 2890 alterius
1434 2851 1509 2891 vero

244 2946 356 2999 tenore.
381 2941 410 2995 in
435 2940 552 2994 octavis
577 2939 645 2994 sesti
669 2939 841 3011 Epiphanio
873 2938 989 2996 domini
1014 2955 1093 2995 anno
1120 2939 1255 2995 eiusdem
1282 2939 1390 2996 MCCC
1415 2939 1509 2996 unde·

243 3047 324 3102 cimo
347 3044 493 3106 conlecto.
517 3046 697 3116 reperimus.
715 3044 797 3115 quod
815 3046 927 3101 comite
942 3045 1095 3103 Fatlrasio.
1113 3054 1224 3117 nepote
1241 3047 1362 3102 comitis
1378 3044 1507 3102 Gardun

243 3166 280 3206 ex
304 3164 363 3205 una
386 3157 473 3221 parte
498 3158 527 3204 et
552 3149 724 3204 Pechmano
748 3151 865 3205 maiore
887 3149 964 3205 ville
988 3165 1045 3220 pro
1077 3167 1108 3204 se
1140 3160 1169 3205 et
1193 3151 1313 3205 civibus
1342 3150 1380 3205 de
1404 3161 1508 3207 monte

243 3254 343 3312 Grech
368 3272 405 3310 ex
429 3255 526 3310 altera
551 3270 654 3310 coram
680 3255 787 3310 eodem
809 3257 945 3326 capitulo
962 3257 1140 3313 constitutis.
1159 3256 1240 3311 idem
1258 3256 1420 3312 Farlrasius
1437 3272 1508 3312 con-

243 3359 340 3415 fessus
365 3360 521 3419 extitisset,
547 3360 628 3430 quod
653 3361 723 3415 licet
748 3361 813 3431 ipse
837 3376 930 3431 super
954 3360 1087 3430 quadam
1106 3363 1296 3432 possessione
1313 3361 1436 3417 Cubilia
1454 3377 1508 3417 vo-

242 3475 308 3521 cata
333 3467 410 3521 inter
434 3476 545 3520 terram
571 3466 707 3521 eiusdem
732 3467 858 3537 capituli
876 3467 1019 3521 similiter
1044 3468 1165 3522 Cohilia
1189 3466 1303 3522 dictam
1329 3483 1363 3522 ac
1388 3484 1506 3539 posses-

242 3572 358 3627 sionem
384 3572 613 3627 thucit'eromm
648 3573 685 3627 de
716 3580 820 3628 sancto
852 3574 983 3628 Martino
1014 3574 1192 3629 existentem
1227 3573 1354 3645 prelatis
1386 3575 1508 3630 civibus

243 3692 298 3746 per
323 3675 520 3746 magnificum
553 3679 655 3732 virum
686 3677 876 3748 Stephanum
909 3679 1026 3733 bonum
1059 3680 1154 3734 tocius
1187 3680 1349 3734 Sclauonie
1377 3695 1413 3733 ex
1439 3695 1507 3752 pre-

242 3790 331 3853 cepto
363 3792 392 3836 et
424 3782 569 3837 mandato
599 3784 716 3839 domini
751 3785 857 3840 Karoli
890 3784 1019 3840 illustris
1051 3787 1131 3855 regis
1163 3785 1327 3856 llungarie.
1353 3786 1507 3842 mediante

242 3888 416 3943 testimonio
441 3887 512 3943 dicti
542 3890 678 3960 capituli.
703 3891 893 3960 assignanda.
918 3890 1123 3946 contradictor
1147 3892 1289 3958 extiterit,
1314 3907 1451 3947 asserens
1475 3909 1508 3949 se

242 3993 271 4048 in
295 3994 360 4063 ipsa
386 3995 576 4064 possessione
601 3996 647 4049 ius
671 3995 785 4050 habere
809 4013 861 4052 seu
886 3996 921 4052 ad
949 3999 1050 4068 ipsum
1076 4013 1112 4052 ex
1137 3997 1305 4053 collacione
1333 3998 1416 4068 regia
1438 4014 1508 4069 per-

242 4098 345 4163 tinere,
371 4100 535 4169 ipsumque
559 4101 719 4166 negocium
745 4102 773 4156 in
801 4104 957 4173 presencia
982 4101 1098 4158 domini
1123 4100 1269 4173 Stephani
1296 4103 1365 4157 bani
1386 4102 1508 4159 diucius

241 4205 374 4260 extiterit
400 4206 477 4259 inter
508 4216 610 4276 partes
642 4208 834 4263 ventilatum.
863 4208 999 4263 Tandem
1026 4207 1107 4263 idem
1140 4222 1242 4262 comes
1271 4208 1433 4264 Farltasius
1457 4225 1507 4266 co-

243 4324 390 4379 gnoscens
407 4309 543 4381 prelatos
564 4313 645 4366 cives
662 4311 829 4368 Grecenses
847 4315 875 4368 in
895 4322 1064 4368 memorata
1082 4314 1273 4384 possessione
1290 4314 1336 4369 ius
1352 4314 1507 4381 integrum

241 4414 363 4474 habere,
395 4417 478 4470 omni
512 4418 569 4471 iuri
602 4433 664 4474 suo.
696 4418 943 4477 contradictioni.
969 4420 1013 4473 liti
1039 4427 1068 4473 et
1093 4420 1218 4474 materie
1242 4419 1406 4475 cuiuslibet
1431 4437 1506 4492 que·

241 4521 347 4576 stionis
380 4537 472 4593 super
506 4523 624 4594 prelata
654 4526 845 4594 possessione
877 4526 999 4580 Cohilia
1027 4525 1107 4580 dicta
1132 4534 1237 4581 contra
1263 4526 1398 4597 prelatos
1422 4528 1508 4585 cives

240 4626 401 4683 suscitatas
424 4634 452 4682 et
477 4628 505 4683 in
532 4636 688 4699 posterum
713 4630 904 4686 suscitandas
928 4645 1034 4686 coram
1058 4630 1167 4687 eodem
1192 4632 1328 4703 capitulo
1353 4648 1409 4705 per
1428 4648 1462 4689 se
1478 4641 1509 4690 et

239 4745 297 4804 per
319 4746 390 4788 suos
413 4749 603 4791 successores
627 4735 754 4794 lineales
776 4737 984 4794 renunciasset
1006 4753 1084 4810 pure
1104 4744 1133 4794 et
1149 4739 1180 4795 in
1197 4745 1261 4795 toto
1282 4737 1412 4795 eandem
1434 4754 1509 4814 pos·
