3488 5242
586 320 659 377 Dor.
684 331 729 394 15.
755 316 802 376 [ό.
830 278 866 362 ζ-
894 333 1108 398 1240—1241.
1446 335 1483 394 13

855 425 944 431 ---
966 426 996 431 .-
1021 426 1049 431 ,.-
1079 424 1305 430 --.—-—-—-
1320 423 1431 430 ..η-..-
1447 424 1484 430 .-

325 569 372 614 Αη,
393 564 554 630 1240.Junii
572 564 677 613 Romae.

226 692 385 762 Gregorius
409 691 462 747 IX.
487 691 576 764 Papo
599 690 698 747 scribit
723 689 876 747 Colomano
902 691 966 763 regi
991 698 1019 746 et
1036 690 1103 747 eieci
1129 689 1301 747 Sclaztoniae
1326 691 1361 748 de
1383 693 1487 751 unione

519 799 699 854 ecclesiarurri
723 796 903 870 Spalatensis
924 805 953 853 rt
975 796 1186 868 Zagrabimsis.

309 942 478 1013 Gregorius
508 941 671 1014 episcopus
702 953 811 997 servus
841 955 1003 997 servorum
1027 938 1084 996 dei.
1116 939 1284 997 Carissimo
1308 941 1337 998 in
1362 939 1487 999 Christo

223 1047 288 1107 litio
312 1047 514 1117 Colonranno,
532 1046 645 1103 illustri
667 1032 733 1118 regi
749 1052 779 1103 et
794 1044 865 1102 duci
881 1044 1074 1117 Seianorum,
1090 1046 1223 1104 salutem
1239 1052 1268 1104 et
1284 1046 1487 1120 apostolicam

223 1153 475 1212 benedictionem.
495 1152 551 1209 Per
567 1151 715 1210 dilectum
731 1151 833 1209 filiurn
851 1151 984 1222 Petrum,
1001 1153 1143 1210 nuntium
1159 1157 1256 1221 tuum,
1272 1153 1403 1211 latorem
1419 1169 1489 1227 pre-

222 1261 364 1328 sentium,
388 1275 406 1315 a
430 1259 518 1315 nobis
535 1265 587 1315 tua
604 1259 750 1315 serenitas
766 1258 944 1331 postulavit,
966 1258 1136 1330 quodcum
1154 1259 1337 1333 spalatensis
1360 1261 1488 1318 ecclesia

224 1374 353 1441 propter
377 1366 515 1439 plurium
540 1363 774 1421 malefactorum
800 1365 937 1423 incursus
960 1363 999 1421 ad
1016 1365 1106 1423 illam
1130 1365 1287 1424 devenerit
1311 1372 1489 1447 egestatem,

224 1479 257 1529 ut
282 1472 469 1529 venerabilis
493 1470 587 1527 irater
610 1477 713 1527 noster
736 1463 930 1547 (Guncellus)
954 1471 1204 1544 archiepiscopus
1227 1471 1410 1546 spalatensis
1438 1488 1487 1529 su·

226 1579 291 1635 bire
316 1576 521 1635 mendicitatis
551 1575 758 1649 opprobrium
783 1576 999 1649 compellatur,
1024 1577 1120 1650 ipsius
1147 1583 1349 1649 spontaneam
1380 1578 1490 1636 cessio·

225 1699 294 1741 nem
313 1684 458 1756 recipere,
475 1687 504 1739 et
521 1682 650 1739 eandem
666 1681 828 1738 ecclesiam
845 1682 932 1739 unire
951 1682 1141 1754 zagabriensi
1157 1682 1286 1740 ecclesie
1301 1697 1489 1753 curaremus,

227 1790 390 1863 presertim
416 1803 486 1844 cum
510 1788 587 1844 sieut
610 1787 728 1858 asseris,
751 1793 877 1861 paratus
901 1789 1014 1844 existas
1036 1787 1192 1845 Ducatum
1216 1796 1304 1846 tuum
1327 1787 1490 1846 Sclauonie

227 1895 395 1951 venerabili
422 1893 509 1951 fratri
533 1902 637 1950 nostro
653 1885 835 1970 (Stephano)
851 1893 1041 1964 zagabriensi
1058 1894 1206 1967 episcopo
1222 1908 1280 1967 pro
1297 1893 1490 1952 meliorando

229 2009 308 2057 statu
341 2000 436 2072 ipsius
460 2000 643 2072 spalatensis
666 1999 794 2056 ecclesie
816 1999 940 2057 liberali
965 2000 1077 2072 pietate
1101 1997 1248 2057 conferre.
1279 1999 1396 2056 Verum
1420 2013 1491 2057 cum

227 2109 257 2163 'm
288 2111 372 2162 tanto
403 2105 525 2176 negotio
557 2105 595 2160 sit
627 2105 804 2161 maturitate
837 2106 943 2176 previa
976 2104 1222 2179 procedendum,
1258 2121 1352 2178 super
1381 2106 1493 2163 unione

228 2210 405 2269 huiusmodi
424 2211 648 2267 venerabilium
674 2208 805 2268 fratrum
830 2218 1008 2268 nostrorum
1026 2203 1179 2287 (Ugulini)
1203 2210 1427 2284 archiepiscopi
1444 2225 1494 2269 co-

228 2317 358 2374 locensis
379 2333 414 2373 ac
438 2317 645 2388 zagabriensis
668 2317 806 2390 episcopi
832 2323 860 2373 et
884 2317 1094 2389 capitulorum
1119 2316 1272 2373 dictarum
1292 2317 1492 2374 ecclesiarum

228 2424 343 2494 requiri
367 2422 460 2479 debet
483 2437 630 2479 assensus.
655 2421 745 2494 Quod
770 2428 873 2480 autem
899 2420 969 2479 inde
994 2421 1109 2490 leceris,
1134 2422 1224 2481 nobis
1247 2436 1393 2495 processu
1417 2429 1493 2480 tem·

228 2529 313 2601 poris
337 2528 453 2601 poteris
476 2529 626 2597 intimare,
658 2535 692 2585 ut
716 2544 809 2601 super
832 2529 890 2586 hoc
913 2527 950 2585 ad
976 2529 1124 2586 honorem
1148 2527 1197 2585 dei
1221 2534 1251 2585 et
1273 2529 1400 2587 ecclesie
1424 2544 1494 2586 cum
1568 2514 1571 2521 ’

230 2633 376 2690 fratribus
400 2635 520 2701 nostris,
544 2633 622 2690 sicut
646 2633 792 2707 expedire
809 2633 987 2703 viderimus,
1012 2634 1176 2707 providere
1193 2635 1355 2708 possimus.
1380 2634 1495 2692 Datum

231 2740 370 2796 Laterani
396 2740 473 2796 Vlll.
499 2739 566 2797 idus
591 2740 682 2822 Junii.
707 2741 796 2797 Anno
819 2740 899 2798 XIV.

319 2873 357 2921 Ex
384 2889 438 2937 reg.
463 2874 530 2937 orig.
558 2873 682 2938 Gregorii
714 2872 763 2923 IX.
790 2889 822 2923 an
854 2873 928 2923 XIV.
955 2890 994 2940 ep.
1021 2876 1061 2926 86.
1088 2903 1122 2912 -
1154 2873 1275 2924 Theiner.
1304 2874 1374 2925 Mon.
1402 2874 1495 2926 histor.

233 2962 320 3023 llung.
342 2970 402 3010 tom.
423 2961 441 3009 1.
462 2977 486 3026 p.
511 2963 617 3016 tro-7.
638 2962 742 3011 Confer.
762 2962 881 3012 Farlatti.
901 2963 968 3013 lltir.
988 2978 1052 3013 sacr.
1066 2970 1127 3014 torn.
1143 2964 1173 3013 V.
1188 2979 1212 3030 p.
1228 2965 1285 3027 369.
1300 2963 1413 3013 Krdelie.
1426 2964 1495 3014 Hist.

231 3049 297 3098 cath.
318 3051 379 3098 cccl.
402 3051 504 3112 zagrab.
526 3067 549 3115 p.
570 3053 610 3100 82.

835 3228 892 3293 16.

339 3337 385 3383 An.
410 3343 482 3393 1241.
507 3333 541 3382 18.
563 3331 631 3379 maii.
651 3331 803 3395 Zagrabiae.

235 3463 307 3519 Belo
340 3463 517 3534 lr'urtguriue
547 3470 593 3517 cic.
624 3479 693 3528 rex,
719 3461 881 3534 poriiificem
912 3461 945 3517 de
975 3462 1123 3518 mnarum
1155 3461 1342 3518 Tariotarum
1366 3462 1396 3516 in
1412 3460 1499 3517 Hun-

740 3569 859 3639 garium
890 3568 987 3624 relocet.

321 3711 520 3769 Sanctissimo
551 3712 579 3768 in
612 3711 736 3769 Christo
776 3713 864 3785 patri,
896 3712 1056 3784 Gregorio
1087 3710 1136 3769 dei
1174 3713 1277 3784 gracia
1307 3719 1498 3769 sacrosancte

233 3832 358 3874 romane
381 3818 508 3874 ecclesie
535 3834 658 3875 summo
689 3818 835 3891 pontifici,
866 3819 945 3886 bela,
979 3818 1088 3875 eadem
1119 3818 1223 3890 gracia
1253 3833 1307 3874 rex
1332 3816 1499 3889 Hungarie,

235 3932 298 3980 tam
322 3924 460 3981 debitam
485 3941 578 3996 quam
603 3925 748 3982 devotam
781 3928 809 3982 in
841 3925 986 3982 omnibus
1015 3924 1232 3980 reverenciam.
1264 3923 1308 3979 Ex
1339 3937 1384 3991 e0,
1416 3919 1498 3993 quod

235 4029 312 4086 fides
343 4031 493 4087 catholica
524 4032 553 4087 in
585 4033 726 4104 partibus
758 4031 914 4103 Hungarie
945 4030 1149 4103 inspiracione
1183 4028 1289 4086 divina
1323 4026 1502 4102 pullulavit,

235 4137 447 4207 progenitores
477 4137 573 4193 nostri
604 4152 676 4192 cum
707 4137 857 4194 universis
888 4152 941 4193 sue
971 4134 1178 4193 iurisdiccioni
1203 4134 1356 4202 subiectis,
1386 4140 1416 4189 et
1438 4146 1503 4201 nos,

237 4251 401 4314 postquam
426 4244 512 4312 regni
536 4243 747 4314 gubernacula
769 4243 971 4317 suscepimus,
1004 4256 1097 4313 quarn
1122 4241 1240 4298 sincera
1262 4238 1431 4297 devocione
1454 4252 1503 4295 ro·

238 4362 361 4404 manam
394 4349 571 4415 ecclesiam,
603 4356 711 4421 utpote
742 4356 874 4406 matrem
904 4356 934 4405 et
962 4348 1142 4419 magistram
1167 4348 1197 4403 in
1220 4346 1305 4402 omni
1328 4344 1504 4402 reverencia

238 4454 446 4521 habuerimus,
481 4462 581 4511 vestre
613 4455 764 4512 sanctitati
789 4455 857 4512 luce
880 4454 995 4511 clarius
1018 4453 1195 4518 innotescit;
1218 4450 1299 4509 unde
1323 4450 1452 4508 miseros
1474 4455 1505 4506 et

238 4559 433 4616 miserabiles
457 4566 593 4630 eventus,
618 4560 670 4631 qui
695 4560 784 4617 nobis
806 4565 837 4616 et
852 4574 948 4632 regno
965 4558 1123 4631 ilungarie
1141 4573 1195 4633 per
1210 4556 1381 4614 exercitum
1398 4555 1505 4613 Tarta·

239 4679 355 4734 rorum,
388 4665 510 4721 bestiali
541 4665 721 4723 crudelitate
749 4665 927 4734 sevientem,
958 4671 1175 4737 provenerunt,
1200 4660 1378 4736 paternitati
1401 4670 1503 4718 vestre

239 4768 425 4827 fiducialiter
441 4771 626 4828 intimamus.
652 4769 758 4845 Nuper
772 4770 856 4828 enim
871 4770 952 4827 circa
967 4768 1081 4826 festum
1097 4767 1251 4827 dominice
1266 4766 1503 4825 resurreccionis
