3488 5242
599 339 673 397 Dec.
696 353 765 415 219.
789 355 860 399 220.
887 375 922 384 -
950 342 1006 400 An.
1031 354 1120 419 1350.
1431 362 1489 422 197

224 557 284 614 que
298 540 345 597 illi
361 539 539 612 preficimus
555 541 586 596 in
602 541 783 613 episcopum
797 546 826 597 et
842 546 1010 613 pastorem,
1029 557 1135 599 curam
1149 550 1179 599 et
1194 541 1491 601 administrationem

227 646 323 719 ipsius
350 645 406 702 tibi
431 650 494 701 tam
518 645 549 701 in
572 645 787 716 spiritualibus
811 661 906 719 quam
929 646 960 703 in
984 647 1165 718 temporalis
1189 647 1327 720 plenarie
1350 650 1492 706 commit·

226 750 327 818 tendo,
351 750 545 823 liberamque
569 750 626 807 tibi
649 751 806 808 licentiam
825 750 991 808 tribuendo
1013 750 1051 808 ad
1077 752 1177 825 ipsam
1193 753 1423 825 zagrabiensem
1446 770 1493 811 ec·

225 858 352 914 clesiam
384 855 577 925 transeundi;
609 857 700 913 firma
730 872 785 929 spe
816 855 992 929 fiduciaque
1019 859 1183 930 conceptis,
1209 857 1292 930 quod
1314 858 1422 916 eadem
1446 876 1491 917 za·

226 963 398 1036 grabiensis
422 963 560 1034 ecclesia,
591 963 691 1035 gratia
721 963 779 1020 tibi
805 963 964 1021 assistente
993 962 1107 1033 divina,
1132 980 1188 1037 per
1216 971 1265 1020 tue
1288 965 1494 1038 circumspec-

227 1070 317 1127 tionis
345 1052 528 1126 industriam
553 1077 582 1126 et
606 1068 835 1141 providentiam
857 1070 1114 1143 circumspectam
1137 1069 1276 1126 salubria
1299 1070 1426 1142 recipiet
1450 1070 1494 1127 in-

226 1180 387 1232 crementa.
405 1173 557 1246 Quocirca
587 1174 762 1231 discretioni
795 1179 845 1231 tue
877 1190 933 1247 per
963 1175 1134 1247 apostolica
1163 1175 1277 1248 scripta
1301 1174 1495 1247 mandamus,

226 1288 375 1354 quatenus
406 1280 587 1353 impositum
620 1281 676 1337 tibi
707 1295 784 1337 onus
816 1281 912 1353 ipsius
942 1281 1149 1352 zagrabiensis
1176 1281 1304 1337 ecclesie
1327 1296 1345 1337 a
1368 1279 1495 1339 domino

228 1386 340 1444 devote
370 1387 548 1459 suscipiens
583 1386 627 1443 sic
656 1387 753 1459 ipsius
787 1386 994 1458 zagrabiensis
1029 1386 1156 1443 ecclesie
1190 1387 1328 1458 regimen
1363 1387 1495 1445 sollicite

227 1493 350 1549 studeas
374 1507 524 1560 exercere,
545 1506 672 1564 gregem
696 1491 887 1548 dominicum
907 1493 937 1549 in
953 1507 989 1548 ea
1005 1492 1062 1548 tibi
1081 1491 1234 1549 creditum
1249 1491 1389 1549 doctrina
1405 1493 1495 1549 verbi

228 1607 258 1656 et
281 1599 384 1672 operis
408 1597 613 1668 informando,
636 1596 718 1670 quod
737 1597 856 1671 prefata
872 1598 1079 1670 zagrabiensis
1095 1599 1224 1654 ecclesia
1240 1608 1290 1654 tue
1307 1599 1495 1670 operationis

229 1706 399 1762 ministerio
431 1705 545 1761 votivis
577 1705 688 1776 iugiter
711 1704 854 1777 proficiat
874 1703 1046 1761 commodis
1069 1714 1099 1760 et
1121 1704 1313 1761 successibus
1337 1706 1495 1777 prosperis

227 1817 384 1882 augeatur,
409 1817 503 1882 tuque
527 1806 657 1883 proinde
680 1809 828 1878 divinam,
852 1809 933 1867 dicte
952 1809 1034 1866 sedis
1050 1816 1080 1866 et
1096 1815 1232 1866 nostram
1249 1809 1495 1867 benedictionem

227 1925 257 1975 et
291 1918 427 1989 graciam
464 1917 590 1974 uberius
628 1917 773 1989 consequi
809 1917 963 1973 merearis.
998 1916 1113 1973 Datum
1149 1916 1308 1986 Avinione,
1345 1917 1394 1973 ill.
1427 1916 1496 1974 idus

227 2023 365 2099 januarii.
391 2025 479 2080 Anno
502 2028 619 2080 octavo,

317 2129 348 2184 ln
373 2145 397 2185 e.
423 2145 462 2185 m.
494 2129 631 2201 capitulo
662 2129 861 2200 zagrabiensi,
894 2129 978 2186 clero
1010 2134 1039 2185 et
1069 2129 1188 2202 populo
1211 2129 1344 2186 civitatis
1361 2134 1390 2185 et
1414 2127 1496 2185 dioe-

228 2236 304 2291 cesis
327 2235 543 2306 zagrabiensis,
567 2234 711 2291 vassallis
734 2233 872 2291 eiusdem
896 2235 1051 2291 ecclesiae.

317 2371 338 2418 E
359 2385 412 2435 reg.
434 2369 501 2434 orig.
521 2384 561 2419 an.
581 2368 654 2418 VIII.
674 2372 704 2418 A.
725 2368 846 2418 Theiner.
869 2369 937 2418 Mon.
960 2369 1046 2433 Hung.
1067 2369 1126 2418 hist.
1147 2368 1208 2418 libr.
1230 2368 1249 2417 1.
1270 2382 1328 2433 pag.
1350 2367 1496 2426 775-776.

820 2620 903 2686 219.

336 2765 411 2811 Anno
434 2771 507 2820 1350,
529 2772 567 2822 14
587 2761 689 2826 aprilis.
708 2760 847 2810 Aviuione.

319 2891 447 2948 Nicolao
471 2892 568 2947 electo
597 2890 788 2963 zagrabiensi
817 2907 836 2947 a
862 2890 1008 2964 pontifice
1037 2890 1197 2947 Clemente
1229 2890 1278 2946 Vl.
1313 2888 1499 2958 conceditur,

230 3005 263 3054 ut
288 3005 421 3070 quatuor
444 2998 584 3071 personis
612 3012 669 3069 per
699 3012 771 3053 eum
801 2996 952 3068 eligendis
983 2996 1020 3053 de
1044 3004 1176 3068 quatuor
1206 2995 1440 3053 canonicatibus
1467 3004 1497 3052 et

231 3103 416 3177 praebendis
440 3104 593 3159 vacaturis
616 3101 782 3177 providere
804 3103 910 3175 possit.

321 3223 350 3268 A.
372 3219 493 3268 Theiner.
515 3219 584 3268 Mon.
606 3220 694 3284 Hung.
715 3219 779 3268 hist.
792 3219 812 3268 Ι.
832 3235 857 3284 p.
878 3219 935 3277 785.

821 3488 909 3554 220.

337 3581 412 3625 Anno
435 3586 509 3634 1350,
528 3591 551 3639 9.
571 3576 645 3642 Julii.
667 3574 763 3624 Eudae.

326 3704 489 3778 Stephanus
525 3703 620 3761 Craat.
646 3702 726 3760 Slaa.
750 3712 779 3760 ct
794 3703 967 3760 Dalmatiae
990 3703 1061 3771 clux,
1084 3703 1158 3758 cives
1187 3700 1361 3759 Grecltenses
1383 3704 1413 3758 in

742 3810 859 3866 tutelam
882 3811 989 3883 recapit.

320 3954 494 4029 Stephanus
518 3955 567 4012 dei
591 3957 695 4028 gracia
719 3957 815 4013 tocius
838 3954 1009 4025 Sclauonie,
1041 3953 1168 4011 Croacie
1191 3958 1221 4011 et
1244 3953 1406 4010 Dalmaeie
1429 3951 1500 4009 dux.

234 4063 393 4121 Fidelibus
416 4063 480 4119 suis
503 4063 656 4119 universis
680 4062 816 4134 prelatis,
841 4061 1018 4129 baronibus,
1042 4060 1217 4130 comitibus,
1242 4058 1425 4128 castellanis,
1448 4071 1502 4114 no·

235 4170 352 4226 bilibus
376 4184 410 4224 ac
434 4183 542 4225 eorum
566 4169 650 4224 vices
673 4168 867 4239 gerentibus;
891 4168 966 4224 item
982 4166 1169 4234 civitatibus
1186 4165 1334 4236 villisque
1349 4170 1379 4219 et
1395 4176 1502 4219 earum

234 4274 406 4332 rectoribus
437 4289 555 4330 necnon
586 4273 750 4345 quibusvis
780 4273 850 4330 aliis
881 4272 1060 4330 hominibus
1091 4271 1226 4328 cuiusvis
1257 4267 1444 4326 condicionis
1474 4271 1503 4324 et

235 4381 462 4455 preeminencie
496 4382 628 4437 existant
663 4385 692 4436 et
726 4380 902 4452 specialiter
936 4379 1108 4435 tributariis
1142 4378 1174 4434 in
1205 4375 1288 4434 dicto
1321 4389 1417 4448 regno
1447 4389 1503 4432 suo

235 4486 398 4546 Sclauonie
433 4487 605 4543 constitutis
640 4491 670 4542 et
701 4484 922 4542 constituendis
952 4485 982 4541 in
1013 4482 1163 4554 futurum,
1199 4483 1313 4555 quibus
1346 4485 1503 4554 presentes

235 4592 434 4650 ostendentur
457 4592 589 4649 salutem
613 4599 643 4648 et
663 4591 808 4663 graciam.
832 4589 966 4662 Querele
988 4590 1173 4647 nunciorum
1194 4589 1311 4645 civium
1326 4591 1504 4644 nostrorum

236 4699 275 4756 de
306 4706 411 4756 monte
441 4697 543 4756 Grech
576 4698 606 4754 in
637 4712 682 4767 e0‚
714 4696 797 4769 quod
821 4712 879 4770 per
901 4695 1067 4753 nonnullos
1091 4711 1129 4752 ex
1152 4695 1244 4752 vobis
1267 4697 1373 4751 contra
1396 4707 1505 4750 eorum

236 4805 396 4863 libertates
419 4805 610 4876 abantiquo
641 4808 838 4860 conservatas
870 4801 1137 4876 perturbarentur,
1168 4816 1258 4859 aures
1283 4804 1388 4858 nostre
1412 4797 1505 4855 maie·
