3488 5242
648 1233 1068 1360 ARGUMENTA.

268 1493 289 1534 1.
307 1485 383 1534 Anno
406 1492 532 1547 1093-5.
552 1483 692 1535 Ladislaus
709 1500 758 1535 rex
777 1486 888 1537 consilio
906 1488 1100 1553 episcoporum,
1125 1490 1277 1552 magnatum
1295 1490 1321 1536 et
1340 1500 1385 1535 no·

308 1571 404 1622 bilium
422 1573 510 1622 sedem
530 1571 709 1639 episcopalem
727 1574 874 1640 Zagrabiae
887 1574 1011 1634 instituit,
1025 1574 1102 1638 eique
1115 1573 1144 1624 in
1156 1575 1245 1625 dotem
1255 1574 1386 1640 populum

308 1661 340 1711 de
358 1661 488 1711 Dubrava
506 1676 564 1711 cum
583 1667 656 1712 terra
674 1668 700 1712 et
718 1662 787 1712 silva
805 1662 950 1729 attingente
969 1662 1071 1714 confert
1088 1686 1379 1704 ·················

264 1760 289 1800 2.
308 1750 384 1799 Anno
409 1757 533 1812 1093—5.
553 1748 693 1800 Ladislaus
709 1765 757 1800 rex
776 1750 897 1801 instituto
915 1751 1070 1818 episcopatu
1089 1750 1263 1818 zagrabiensi‚
1282 1749 1384 1801 confert

309 1838 428 1905 capitulo
446 1837 610 1904 zagrabiensi
630 1852 719 1888 aream
736 1838 850 1889 vicinam
869 1840 993 1890 ecclesiae
1011 1839 1159 1890 cathedrali
1177 1854 1237 1890 cum
1249 1839 1385 1890 adiacente

309 1925 410 1992 piscina
416 1952 1382 1970 ·······················································

269 2025 293 2074 3,
312 2018 389 2065 Anno
412 2024 538 2078 1093-5.
559 2014 700 2065 Ladislaus
724 2030 773 2065 rex
793 2015 895 2066 confert
920 2016 1039 2083 capitulo
1062 2015 1227 2083 zagrabiensi
1254 2016 1281 2065 in
1299 2017 1389 2067 dotem

309 2103 402 2153 villana
420 2117 559 2153 servorum
577 2103 628 2170 „de
646 2102 697 2153 sub
715 2102 848 2154 montibus
867 2101 1102 2170 zagrabiensibus“
1108 2128 1385 2144 ················

265 2205 291 2252 4.
310 2194 386 2242 Anno
409 2191 492 2254 11911,
515 2199 554 2240 11.
575 2191 646 2241 maii.
666 2192 786 2242 Andreas
811 2192 969 2252 Dalmatiae,
992 2192 1115 2244 Croatiae
1134 2198 1161 2243 et
1180 2192 1305 2242 Hulmiae
1325 2195 1388 2252 dux,

313 2279 410 2330 tribuit
429 2278 555 2329 ccclesiae
573 2279 740 2346 zagrabiensi
759 2282 868 2346 ejusque
888 2281 1013 2347 episcopo
1031 2281 1080 2337 ius,
1099 2281 1122 2331 si
1141 2280 1200 2344 quis
1219 2281 1337 2345 aliquem
1356 2297 1389 2332 ex

309 2367 435 2418 ecclesiae
453 2366 569 2417 subditis
588 2366 615 2417 in
635 2382 740 2418 causam
759 2383 855 2419 vocare
880 2369 954 2428 velit,
975 2369 1009 2419 lis
1028 2375 1058 2420 ut
1076 2369 1110 2419 ab
1128 2368 1253 2435 episcopo
1272 2370 1315 2420 vel
1333 2371 1389 2436 ejus

309 2455 469 2507 anctoritate
488 2455 632 2506 constituto
648 2456 744 2521 judice,
763 2457 906 2509 dirimatur
913 2482 1314 2499 ·······················
1322 2447 1331 2500 ¹·
1342 2484 1349 2498 ·
1360 2485 1384 2500 ··

267 2555 290 2605 5.
310 2547 386 2595 Anno
408 2555 483 2595 1201.
504 2544 650 2595 Territorii
670 2545 849 2611 zagrabiensis
867 2546 1015 2597 cathedrali
1035 2545 1160 2597 ecclesiae
1179 2545 1326 2610 antiquitus
1344 2548 1390 2598 do·

310 2633 367 2685 nati
386 2634 578 2684 collustrantur
597 2639 683 2683 metae
702 2640 728 2684 ct
747 2634 821 2701 regia
840 2635 999 2686 anctoritate
1018 2634 1193 2686 stabiliuntur
1200 2660 1385 2676 ···········

266 2724 290 2776 ό.
311 2723 388 2774 Circa
407 2737 464 2773 ann.
488 2731 563 2780 1215.
592 2723 739 2788 Stephanus
759 2722 778 2773 1.
807 2723 947 2791 episcopus
973 2724 1052 2774 offert
1076 2723 1196 2790 capitulo
1225 2724 1392 2791 ragrabiensi

310 2812 344 2861 ad
360 2826 524 2862 communem
542 2827 655 2862 mensam
676 2812 803 2863 ducentos
822 2827 918 2878 porcos
937 2819 963 2863 et
982 2813 1095 2864 totidem
1113 2811 1226 2863 cubulos
1245 2812 1302 2863 vini
1309 2839 1386 2854 ·····

268 2908 292 2955 7.
311 2902 388 2952 Anno
409 2910 484 2955 1217.
503 2900 658 2966 Zagrabiae.
678 2901 799 2951 Andreas
818 2900 851 2952 ll.
871 2901 1027 2967 Hungariae
1047 2907 1096 2951 etc.
1116 2916 1165 2951 rex
1183 2900 1390 2966 profisciscendo

310 2991 345 3041 ad
364 2996 462 3041 terram
480 2996 603 3049 sanctam,
622 2989 772 3055 Zagrabiae
790 3004 891 3040 moram
909 2990 1023 3048 trahens,
1048 2988 1186 3040 ecclesiam
1213 2989 1391 3041 cathedralem

310 3096 358 3147 per
377 3080 515 3146 episcopos
533 3079 654 3130 dedicari
682 3079 820 3131 constituit
840 3086 866 3131 ct
884 3078 972 3129 omnia
992 3078 1048 3129 eius
1067 3077 1212 3145 privilegia
1229 3079 1385 3131 confirmat·

268 3170 293 3220 8.
313 3171 388 3219 Anno
411 3177 485 3222 1217.
505 3169 625 3218 Andreas
644 3167 679 3218 11.
700 3169 823 3234 Hungar.
845 3173 894 3218 etc.
914 3183 970 3225 rex.
990 3167 1123 3234 praecipit
1140 3167 1276 3218 salinariis
1296 3184 1393 3237 „super

311 3257 452 3309 Marisium
470 3257 606 3315 fluvium“,
626 3262 656 3306 111
675 3257 708 3306 de
726 3255 827 3306 salibus
845 3255 976 3320 aquaticis
995 3256 1191 3322 quinquaginta
1214 3271 1316 3306 marcas
1336 3255 1392 3307 effi·

312 3347 389 3407 ciens,
410 3346 543 3397 canonicis
562 3347 651 3396 eccles.
671 3345 776 3411 zagrab.
797 3345 937 3409 quotannis
955 3351 1015 3396 ante
1034 3345 1131 3396 festum
1143 3361 1162 3395 s.
1177 3344 1303 3412 Stephani
1320 3346 1393 3413 regis

312 3438 415 3487 solvant
434 3442 513 3500 atque
535 3434 693 3501 Zagrabiam
721 3448 805 3498 nsque
834 3435 976 3499 deportent
983 3459 1381 3475 ·······················

313 3544 389 3594 Anno
411 3551 485 3596 1217.
504 3541 637 3592 Ecclesiae
657 3540 805 3591 cathedrali
817 3540 924 3607 zagrab,
938 3539 1078 3605 praedium
1092 3540 1200 3590 Gremla
1212 3554 1262 3606 pro
1275 3539 1391 3590 emendis

313 3631 396 3681 cereis
415 3630 550 3681 confertur
557 3655 669 3669 ·······
682 3643 688 3655 ·
701 3651 1386 3670 ·······································

268 3753 294 3802 9.
314 3740 390 3788 Anno
411 3746 487 3791 1227.
507 3747 549 3787 20.
569 3738 639 3802 Aug.
667 3734 821 3801 Zagrabiae.
851 3735 984 3792 Nicolaus.
1008 3733 1079 3784 filius
1103 3733 1177 3785 Petri
1206 3735 1238 3784 de
1257 3733 1393 3800 Ludbreg,

314 3826 461 3893 Zagrabiae
480 3825 602 3883 existens,
622 3823 812 3890 possessionem
833 3822 938 3888 „Vrafji
957 3820 1023 3886 la1“,
1049 3836 1109 3873 cum
1135 3839 1155 3872 s.
1175 3822 1303 3888 Stephani
1321 3822 1393 3888 regis

313 3915 442 3965 solemnia
461 3914 489 3964 in
507 3912 616 3963 ecclesia
635 3913 752 3963 cathedr.
772 3911 927 3975 agebantur,
947 3910 1064 3977 capitulo
1083 3911 1163 3961 offert
1169 3935 1388 3951 ·············

256 4013 295 4055 10.
314 4006 391 4052 Anno
415 4011 490 4056 1227.
510 3999 662 4066 Zagrabiae.
691 3999 841 4064 Stephanus
859 3998 892 4049 11.
913 3998 1051 4065 episcopus
1076 3999 1182 4064 zagrab.
1202 3997 1303 4049 confert
1322 3996 1394 4063 capi·

314 4093 371 4142 tulo
391 4088 555 4156 zagrabiensi
583 4093 726 4154 proventus
754 4087 917 4137 decimarum
945 4085 1048 4136 cultelli
1077 4086 1183 4151 zagrab.
1211 4087 1254 4135 Ad
1272 4084 1394 4135 ditandas

314 4177 500 4229 canonicorum
514 4192 614 4228 mensas
627 4178 708 4226 donat
722 4176 842 4241 capitulo
854 4175 969 4226 decimas
983 4176 1015 4224 de
1026 4173 1137 4232 Gercha‚
1150 4175 1278 4225 ducentos
1291 4187 1393 4238 porcos,

314 4246 440 4318 ducentos
460 4267 571 4317 cubulos
590 4266 653 4323 vini,
673 4265 827 4328 curiamque
846 4278 919 4314 suam
938 4287 1282 4304 ····················
1284 4246 1287 4251 ¹
1294 4285 1389 4301 ······

255 4365 295 4407 ll.
314 4357 391 4406 Anno
412 4365 486 4414 1231.
515 4355 633 4405 Andreas
651 4353 687 4405 11.
716 4354 871 4418 Hungariae
897 4358 944 4402 etc.
974 4366 1030 4410 rex,
1058 4351 1186 4409 Thomae,
1213 4349 1271 4400 filio
1290 4347 1395 4399 comitis

313 4443 473 4503 Machariae,
492 4449 604 4509 propter
624 4442 765 4493 fidelitates
784 4456 851 4498 snas,
870 4447 977 4507 praeter
996 4441 1062 4490 alias
1089 4438 1272 4506 possessiones,
1292 4436 1394 4487 confert

314 4539 414 4584 terram
434 4548 492 4582 cum
511 4532 588 4590 silva,
608 4545 675 4594 quae
694 4529 800 4580 fuerant
818 4529 883 4580 olim
901 4528 1067 4594 piscatorum
1084 4525 1295 4592 zagrabiensinm
1311 4550 1389 4564 ·····

256 4630 296 4671 12.
316 4623 393 4672 Anno
413 4630 488 4679 1235.
508 4619 664 4685 Zagrabiae.
694 4617 841 4684 Stephanus
860 4616 896 4667 11.
915 4616 1054 4683 episcopus
1078 4613 1265 4681 ambiensis,
1290 4610 1394 4662 confert

314 4709 434 4775 capitulo
453 4710 582 4759 terrulam
601 4708 734 4770 quandam
753 4706 785 4755 de
806 4704 948 4771 Podgoria,
976 4703 1087 4754 servitio
1108 4708 1196 4753 tamen
1214 4701 1263 4752 illo
1282 4705 1394 4758 retento,

313 4801 377 4848 uta
395 4796 515 4863 capitulo
533 4798 622 4847 oleum
641 4793 779 4846 chrismati
797 4807 882 4844 annue
900 4791 1079 4844 consecrando
1090 4790 1267 4842 necessarium
1280 4787 1396 4839 dimidia

312 4898 401 4936 meroe
419 4884 480 4945 emi,
498 4883 710 4952 Zagrabiamqne
730 4881 869 4948 deportari
887 4880 983 4931 debeat
989 4900 1387 4920 ·······················

1356 4984 1393 5046 ι3

1402 1394 1499 1449 Pagina

1477 1673 1487 1714 1

1477 1940 1493 1979 2

1480 2116 1495 2156 2

1479 2470 1495 2511 2

1479 2644 1495 2696 3
