<?xml version="1.0" encoding="UTF-8"?>
<!DOCTYPE html PUBLIC "-//W3C//DTD XHTML 1.0 Transitional//EN"
    "http://www.w3.org/TR/xhtml1/DTD/xhtml1-transitional.dtd">
<html xmlns="http://www.w3.org/1999/xhtml" xml:lang="en" lang="en">
 <head>
  <title>
</title>
<meta http-equiv="Content-Type" content="text/html;charset=utf-8" />
  <meta name='ocr-system' content='tesseract 3.04.00' />
  <meta name='ocr-capabilities' content='ocr_page ocr_carea ocr_par ocr_line ocrx_word'/>
</head>
<body>
  <div class='ocr_page' id='page_1' title='image "./monumentahistor11laszgoog_0699.png"; bbox 0 0 3488 5242; ppageno 0'>
   <div class='ocr_carea' id='block_1_1' title="bbox 677 335 1511 418">
    <p class='ocr_par' dir='ltr' id='par_1_1' title="bbox 677 335 1511 418">
     <span class='ocr_line' id='line_1_1' title="bbox 677 335 1511 418; baseline 0.001 -20"><span class='ocrx_word' id='word_1_1' title='bbox 677 340 826 399; x_wconf 79' lang='lat' dir='ltr'>Addendu.</span> <span class='ocrx_word' id='word_1_2' title='bbox 853 374 890 384; x_wconf 93' lang='lat'><em>-</em></span> <span class='ocrx_word' id='word_1_3' title='bbox 916 343 973 399; x_wconf 86' lang='lat' dir='ltr'>An.</span> <span class='ocrx_word' id='word_1_4' title='bbox 995 335 1085 417; x_wconf 78' lang='lat'><em>1378.</em></span> <span class='ocrx_word' id='word_1_5' title='bbox 1450 355 1511 418; x_wconf 80' lang='lat'>457</span> 
     </span>
    </p>
   </div>
   <div class='ocr_carea' id='block_1_2' title="bbox 245 537 1515 3345">
    <p class='ocr_par' dir='ltr' id='par_1_2' title="bbox 245 537 1515 3345">
     <span class='ocr_line' id='line_1_2' title="bbox 252 537 1514 612; baseline 0.002 -18"><span class='ocrx_word' id='word_1_6' title='bbox 252 538 340 594; x_wconf 93' lang='lat' dir='ltr'>ribus</span> <span class='ocrx_word' id='word_1_7' title='bbox 363 537 474 608; x_wconf 81' lang='lat' dir='ltr'><strong>ligneis</strong></span> <span class='ocrx_word' id='word_1_8' title='bbox 498 537 659 608; x_wconf 85' lang='lat' dir='ltr'>universis,</span> <span class='ocrx_word' id='word_1_9' title='bbox 683 553 743 610; x_wconf 91' lang='lat' dir='ltr'>que</span> <span class='ocrx_word' id='word_1_10' title='bbox 769 539 829 596; x_wconf 92' lang='lat' dir='ltr'>iuri</span> <span class='ocrx_word' id='word_1_11' title='bbox 857 538 976 612; x_wconf 82' lang='lat' dir='ltr'>prefate</span> <span class='ocrx_word' id='word_1_12' title='bbox 1007 539 1131 597; x_wconf 91' lang='lat' dir='ltr'>domine</span> <span class='ocrx_word' id='word_1_13' title='bbox 1164 539 1269 596; x_wconf 86' lang='lat' dir='ltr'>uxoris</span> <span class='ocrx_word' id='word_1_14' title='bbox 1301 538 1374 596; x_wconf 91' lang='lat' dir='ltr'>dicti</span> <span class='ocrx_word' id='word_1_15' title='bbox 1398 537 1514 611; x_wconf 90' lang='lat' dir='ltr'>Geryni</span> 
     </span>
     <span class='ocr_line' id='line_1_3' title="bbox 255 642 1514 719; baseline 0.001 -19"><span class='ocrx_word' id='word_1_16' title='bbox 255 648 359 716; x_wconf 93' lang='lat' dir='ltr'>preter</span> <span class='ocrx_word' id='word_1_17' title='bbox 381 643 481 715; x_wconf 89' lang='lat' dir='ltr'>ipsam</span> <span class='ocrx_word' id='word_1_18' title='bbox 507 642 605 699; x_wconf 91' lang='lat' dir='ltr'>solam</span> <span class='ocrx_word' id='word_1_19' title='bbox 631 645 754 700; x_wconf 92' lang='lat' dir='ltr'>stubam</span> <span class='ocrx_word' id='word_1_20' title='bbox 779 660 918 717; x_wconf 89' lang='lat' dir='ltr'>parvam,</span> <span class='ocrx_word' id='word_1_21' title='bbox 943 652 1072 719; x_wconf 91' lang='lat' dir='ltr'>propter</span> <span class='ocrx_word' id='word_1_22' title='bbox 1096 645 1233 702; x_wconf 82' lang='lat' dir='ltr'>raciones</span> <span class='ocrx_word' id='word_1_23' title='bbox 1250 645 1416 717; x_wconf 90' lang='lat' dir='ltr'>premissas</span> <span class='ocrx_word' id='word_1_24' title='bbox 1431 659 1514 701; x_wconf 92' lang='lat' dir='ltr'>com·</span> 
     </span>
     <span class='ocr_line' id='line_1_4' title="bbox 252 748 1514 823; baseline 0.001 -18"><span class='ocrx_word' id='word_1_25' title='bbox 252 754 357 821; x_wconf 91' lang='lat' dir='ltr'>petere</span> <span class='ocrx_word' id='word_1_26' title='bbox 383 748 496 805; x_wconf 89' lang='lat' dir='ltr'>debere</span> <span class='ocrx_word' id='word_1_27' title='bbox 519 756 718 818; x_wconf 87' lang='lat' dir='ltr'>recensentes,</span> <span class='ocrx_word' id='word_1_28' title='bbox 743 751 801 823; x_wconf 92' lang='lat' dir='ltr'>ipsi</span> <span class='ocrx_word' id='word_1_29' title='bbox 825 750 952 808; x_wconf 92' lang='lat' dir='ltr'>domino</span> <span class='ocrx_word' id='word_1_30' title='bbox 975 751 1081 808; x_wconf 93' lang='lat' dir='ltr'>abbati</span> <span class='ocrx_word' id='word_1_31' title='bbox 1105 751 1222 808; x_wconf 91' lang='lat' dir='ltr'>eteius</span> <span class='ocrx_word' id='word_1_32' title='bbox 1250 750 1378 807; x_wconf 86' lang='lat' dir='ltr'>ecclesie</span> <span class='ocrx_word' id='word_1_33' title='bbox 1406 765 1514 822; x_wconf 89' lang='lat' dir='ltr'>preno-</span> 
     </span>
     <span class='ocr_line' id='line_1_5' title="bbox 254 854 1515 928; baseline 0.001 -18"><span class='ocrx_word' id='word_1_34' title='bbox 254 855 375 923; x_wconf 91' lang='lat' dir='ltr'>minate,</span> <span class='ocrx_word' id='word_1_35' title='bbox 401 855 498 922; x_wconf 87' lang='lat' dir='ltr'>nobis,</span> <span class='ocrx_word' id='word_1_36' title='bbox 523 854 713 927; x_wconf 90' lang='lat' dir='ltr'>prelatisque</span> <span class='ocrx_word' id='word_1_37' title='bbox 736 863 765 912; x_wconf 91' lang='lat' dir='ltr'>et</span> <span class='ocrx_word' id='word_1_38' title='bbox 789 856 959 913; x_wconf 85' lang='lat' dir='ltr'>baronibus</span> <span class='ocrx_word' id='word_1_39' title='bbox 983 856 1070 928; x_wconf 88' lang='lat' dir='ltr'>regni</span> <span class='ocrx_word' id='word_1_40' title='bbox 1093 855 1256 913; x_wconf 91' lang='lat' dir='ltr'>nobiscum</span> <span class='ocrx_word' id='word_1_41' title='bbox 1280 855 1415 912; x_wconf 89' lang='lat' dir='ltr'>tribunal</span> <span class='ocrx_word' id='word_1_42' title='bbox 1438 854 1515 912; x_wconf 90' lang='lat' dir='ltr'>iudi·</span> 
     </span>
     <span class='ocr_line' id='line_1_6' title="bbox 250 959 1514 1034; baseline 0.001 -19"><span class='ocrx_word' id='word_1_43' title='bbox 250 959 328 1016; x_wconf 89' lang='lat' dir='ltr'>ciale</span> <span class='ocrx_word' id='word_1_44' title='bbox 351 959 587 1016; x_wconf 82' lang='lat' dir='ltr'>consedentibus</span> <span class='ocrx_word' id='word_1_45' title='bbox 610 959 649 1016; x_wconf 90' lang='lat' dir='ltr'>de</span> <span class='ocrx_word' id='word_1_46' title='bbox 664 961 808 1032; x_wconf 80' lang='lat' dir='ltr'>equitatis</span> <span class='ocrx_word' id='word_1_47' title='bbox 824 962 927 1033; x_wconf 88' lang='lat' dir='ltr'>rigore</span> <span class='ocrx_word' id='word_1_48' title='bbox 943 962 1096 1034; x_wconf 91' lang='lat' dir='ltr'>pertinere</span> <span class='ocrx_word' id='word_1_49' title='bbox 1112 961 1226 1018; x_wconf 91' lang='lat' dir='ltr'>debere</span> <span class='ocrx_word' id='word_1_50' title='bbox 1242 960 1424 1028; x_wconf 90' lang='lat' dir='ltr'>videbatur;</span> <span class='ocrx_word' id='word_1_51' title='bbox 1444 960 1514 1017; x_wconf 91' lang='lat' dir='ltr'>ideo</span> 
     </span>
     <span class='ocr_line' id='line_1_7' title="bbox 249 1065 1513 1140; baseline 0 -19"><span class='ocrx_word' id='word_1_52' title='bbox 249 1081 320 1121; x_wconf 86' lang='lat' dir='ltr'>cum</span> <span class='ocrx_word' id='word_1_53' title='bbox 345 1065 577 1122; x_wconf 85' lang='lat' dir='ltr'>venerabilibus</span> <span class='ocrx_word' id='word_1_54' title='bbox 605 1067 636 1122; x_wconf 94' lang='lat' dir='ltr'>in</span> <span class='ocrx_word' id='word_1_55' title='bbox 666 1066 790 1124; x_wconf 91' lang='lat' dir='ltr'>Christo</span> <span class='ocrx_word' id='word_1_56' title='bbox 814 1067 956 1140; x_wconf 91' lang='lat' dir='ltr'>patribus</span> <span class='ocrx_word' id='word_1_57' title='bbox 986 1067 1135 1124; x_wconf 91' lang='lat' dir='ltr'>dominis:</span> <span class='ocrx_word' id='word_1_58' title='bbox 1169 1065 1297 1123; x_wconf 88' lang='lat' dir='ltr'>Nicolao</span> <span class='ocrx_word' id='word_1_59' title='bbox 1327 1065 1513 1122; x_wconf 87' lang='lat' dir='ltr'>archieleeto</span> 
     </span>
     <span class='ocr_line' id='line_1_8' title="bbox 251 1171 1514 1247; baseline 0 -19"><span class='ocrx_word' id='word_1_60' title='bbox 251 1171 412 1240; x_wconf 89' lang='lat' dir='ltr'>colocensi,</span> <span class='ocrx_word' id='word_1_61' title='bbox 436 1171 622 1229; x_wconf 88' lang='lat' dir='ltr'>cancellario</span> <span class='ocrx_word' id='word_1_62' title='bbox 638 1172 712 1230; x_wconf 89' lang='lat' dir='ltr'>dicti</span> <span class='ocrx_word' id='word_1_63' title='bbox 728 1172 845 1231; x_wconf 91' lang='lat' dir='ltr'>domini</span> <span class='ocrx_word' id='word_1_64' title='bbox 861 1175 957 1232; x_wconf 83' lang='lat' dir='ltr'>nostri</span> <span class='ocrx_word' id='word_1_65' title='bbox 974 1175 1071 1247; x_wconf 89' lang='lat' dir='ltr'>regis;</span> <span class='ocrx_word' id='word_1_66' title='bbox 1086 1172 1243 1247; x_wconf 91' lang='lat' dir='ltr'>Stephano</span> <span class='ocrx_word' id='word_1_67' title='bbox 1259 1172 1359 1229; x_wconf 91' lang='lat' dir='ltr'>electo</span> <span class='ocrx_word' id='word_1_68' title='bbox 1376 1171 1514 1245; x_wconf 87' lang='lat' dir='ltr'>predicte</span> 
     </span>
     <span class='ocr_line' id='line_1_9' title="bbox 248 1277 1511 1352; baseline 0 -18"><span class='ocrx_word' id='word_1_69' title='bbox 248 1277 376 1334; x_wconf 91' lang='lat' dir='ltr'>ecclesie</span> <span class='ocrx_word' id='word_1_70' title='bbox 399 1278 615 1349; x_wconf 89' lang='lat' dir='ltr'>zagrabiensis,</span> <span class='ocrx_word' id='word_1_71' title='bbox 639 1278 844 1348; x_wconf 89' lang='lat' dir='ltr'>confirmatis;</span> <span class='ocrx_word' id='word_1_72' title='bbox 868 1286 898 1336; x_wconf 93' lang='lat' dir='ltr'>et</span> <span class='ocrx_word' id='word_1_73' title='bbox 922 1279 1066 1337; x_wconf 78' lang='lat' dir='ltr'>ladizlao</span> <span class='ocrx_word' id='word_1_74' title='bbox 1091 1280 1249 1352; x_wconf 90' lang='lat' dir='ltr'>preposito</span> <span class='ocrx_word' id='word_1_75' title='bbox 1266 1278 1447 1347; x_wconf 89' lang='lat' dir='ltr'>chasmensi,</span> <span class='ocrx_word' id='word_1_76' title='bbox 1462 1292 1511 1334; x_wconf 91' lang='lat' dir='ltr'>co·</span> 
     </span>
     <span class='ocr_line' id='line_1_10' title="bbox 251 1382 1513 1457; baseline -0.001 -17"><span class='ocrx_word' id='word_1_77' title='bbox 251 1383 326 1440; x_wconf 92' lang='lat' dir='ltr'>mite</span> <span class='ocrx_word' id='word_1_78' title='bbox 353 1382 473 1455; x_wconf 87' lang='lat' dir='ltr'>capelle</span> <span class='ocrx_word' id='word_1_79' title='bbox 497 1385 596 1455; x_wconf 88' lang='lat' dir='ltr'>regie;</span> <span class='ocrx_word' id='word_1_80' title='bbox 620 1383 847 1457; x_wconf 89' lang='lat' dir='ltr'>magnificoque</span> <span class='ocrx_word' id='word_1_81' title='bbox 871 1386 939 1442; x_wconf 89' lang='lat' dir='ltr'>viro</span> <span class='ocrx_word' id='word_1_82' title='bbox 963 1384 1098 1455; x_wconf 91' lang='lat' dir='ltr'>Nicolao,</span> <span class='ocrx_word' id='word_1_83' title='bbox 1122 1384 1189 1441; x_wconf 89' lang='lat' dir='ltr'>filio</span> <span class='ocrx_word' id='word_1_84' title='bbox 1207 1382 1365 1457; x_wconf 88' lang='lat' dir='ltr'>Stephani,</span> <span class='ocrx_word' id='word_1_85' title='bbox 1381 1382 1513 1440; x_wconf 91' lang='lat' dir='ltr'>condam</span> 
     </span>
     <span class='ocr_line' id='line_1_11' title="bbox 254 1489 1513 1561; baseline 0.002 -16"><span class='ocrx_word' id='word_1_86' title='bbox 254 1490 334 1546; x_wconf 91' lang='lat' dir='ltr'>bano</span> <span class='ocrx_word' id='word_1_87' title='bbox 357 1496 387 1545; x_wconf 93' lang='lat' dir='ltr'>et</span> <span class='ocrx_word' id='word_1_88' title='bbox 411 1490 559 1561; x_wconf 84' lang='lat' dir='ltr'>magistro</span> <span class='ocrx_word' id='word_1_89' title='bbox 584 1490 720 1561; x_wconf 90' lang='lat' dir='ltr'>Nicolao,</span> <span class='ocrx_word' id='word_1_90' title='bbox 744 1490 811 1548; x_wconf 92' lang='lat' dir='ltr'>filio</span> <span class='ocrx_word' id='word_1_91' title='bbox 838 1490 943 1548; x_wconf 81' lang='lat' dir='ltr'>Lochk</span> <span class='ocrx_word' id='word_1_92' title='bbox 970 1491 1083 1549; x_wconf 89' lang='lat' dir='ltr'>comite</span> <span class='ocrx_word' id='word_1_93' title='bbox 1114 1491 1276 1547; x_wconf 88' lang='lat' dir='ltr'>comitatus</span> <span class='ocrx_word' id='word_1_94' title='bbox 1306 1489 1513 1547; x_wconf 90' lang='lat' dir='ltr'>zemliniensis</span> 
     </span>
     <span class='ocr_line' id='line_1_12' title="bbox 249 1594 1512 1670; baseline 0.001 -19"><span class='ocrx_word' id='word_1_95' title='bbox 249 1596 380 1667; x_wconf 89' lang='lat' dir='ltr'>aliisque</span> <span class='ocrx_word' id='word_1_96' title='bbox 404 1595 647 1668; x_wconf 84' lang='lat' dir='ltr'>quamplurimis</span> <span class='ocrx_word' id='word_1_97' title='bbox 675 1597 855 1670; x_wconf 88' lang='lat' dir='ltr'>proceribus</span> <span class='ocrx_word' id='word_1_98' title='bbox 879 1604 908 1654; x_wconf 91' lang='lat' dir='ltr'>et</span> <span class='ocrx_word' id='word_1_99' title='bbox 939 1597 1012 1655; x_wconf 92' lang='lat' dir='ltr'>dicti</span> <span class='ocrx_word' id='word_1_100' title='bbox 1044 1597 1129 1669; x_wconf 89' lang='lat' dir='ltr'>regni</span> <span class='ocrx_word' id='word_1_101' title='bbox 1160 1594 1323 1654; x_wconf 90' lang='lat' dir='ltr'>Sclauonie</span> <span class='ocrx_word' id='word_1_102' title='bbox 1354 1594 1512 1652; x_wconf 90' lang='lat' dir='ltr'>nobilibus</span> 
     </span>
     <span class='ocr_line' id='line_1_13' title="bbox 249 1699 1509 1772; baseline 0 -15"><span class='ocrx_word' id='word_1_103' title='bbox 249 1702 411 1757; x_wconf 85' lang='lat' dir='ltr'>nobiscum</span> <span class='ocrx_word' id='word_1_104' title='bbox 435 1701 465 1758; x_wconf 91' lang='lat' dir='ltr'>in</span> <span class='ocrx_word' id='word_1_105' title='bbox 490 1701 603 1758; x_wconf 91' lang='lat' dir='ltr'>iudicio</span> <span class='ocrx_word' id='word_1_106' title='bbox 625 1701 854 1759; x_wconf 88' lang='lat' dir='ltr'>considentibus</span> <span class='ocrx_word' id='word_1_107' title='bbox 879 1708 908 1760; x_wconf 91' lang='lat' dir='ltr'>et</span> <span class='ocrx_word' id='word_1_108' title='bbox 932 1702 970 1759; x_wconf 91' lang='lat' dir='ltr'>de</span> <span class='ocrx_word' id='word_1_109' title='bbox 993 1717 1102 1759; x_wconf 92' lang='lat' dir='ltr'>eorum</span> <span class='ocrx_word' id='word_1_110' title='bbox 1130 1699 1260 1758; x_wconf 91' lang='lat' dir='ltr'>iuridico</span> <span class='ocrx_word' id='word_1_111' title='bbox 1287 1699 1416 1757; x_wconf 93' lang='lat' dir='ltr'>consilio</span> <span class='ocrx_word' id='word_1_112' title='bbox 1440 1715 1509 1772; x_wconf 93' lang='lat' dir='ltr'>pre·</span> 
     </span>
     <span class='ocr_line' id='line_1_14' title="bbox 247 1805 1507 1881; baseline 0 -19"><span class='ocrx_word' id='word_1_113' title='bbox 247 1807 364 1864; x_wconf 92' lang='lat' dir='ltr'>dictum</span> <span class='ocrx_word' id='word_1_114' title='bbox 390 1805 520 1864; x_wconf 82' lang='lat' dir='ltr'>fundum</span> <span class='ocrx_word' id='word_1_115' title='bbox 541 1823 595 1864; x_wconf 93' lang='lat' dir='ltr'>seu</span> <span class='ocrx_word' id='word_1_116' title='bbox 620 1808 725 1865; x_wconf 91' lang='lat' dir='ltr'>locum</span> <span class='ocrx_word' id='word_1_117' title='bbox 749 1808 851 1865; x_wconf 91' lang='lat' dir='ltr'>balnei</span> <span class='ocrx_word' id='word_1_118' title='bbox 866 1809 994 1881; x_wconf 85' lang='lat' dir='ltr'>litigiosi</span> <span class='ocrx_word' id='word_1_119' title='bbox 1010 1807 1070 1881; x_wconf 90' lang='lat' dir='ltr'>ipsi</span> <span class='ocrx_word' id='word_1_120' title='bbox 1087 1806 1175 1864; x_wconf 86' lang='lat' dir='ltr'>tratri</span> <span class='ocrx_word' id='word_1_121' title='bbox 1192 1805 1337 1863; x_wconf 89' lang='lat' dir='ltr'>Honoldo</span> <span class='ocrx_word' id='word_1_122' title='bbox 1352 1806 1458 1862; x_wconf 88' lang='lat' dir='ltr'>abbati</span> <span class='ocrx_word' id='word_1_123' title='bbox 1474 1811 1507 1863; x_wconf 93' lang='lat' dir='ltr'>et</span> 
     </span>
     <span class='ocr_line' id='line_1_15' title="bbox 248 1911 1513 1986; baseline 0 -18"><span class='ocrx_word' id='word_1_124' title='bbox 248 1927 303 1985; x_wconf 91' lang='lat' dir='ltr'>per</span> <span class='ocrx_word' id='word_1_125' title='bbox 321 1927 510 1984; x_wconf 90' lang='lat' dir='ltr'>consequens</span> <span class='ocrx_word' id='word_1_126' title='bbox 526 1912 653 1969; x_wconf 91' lang='lat' dir='ltr'>ecclesie</span> <span class='ocrx_word' id='word_1_127' title='bbox 669 1928 723 1969; x_wconf 90' lang='lat' dir='ltr'>sue</span> <span class='ocrx_word' id='word_1_128' title='bbox 740 1914 951 1986; x_wconf 90' lang='lat' dir='ltr'>prenominate</span> <span class='ocrx_word' id='word_1_129' title='bbox 967 1928 1039 1970; x_wconf 92' lang='lat' dir='ltr'>cum</span> <span class='ocrx_word' id='word_1_130' title='bbox 1055 1913 1141 1970; x_wconf 90' lang='lat' dir='ltr'>omni</span> <span class='ocrx_word' id='word_1_131' title='bbox 1158 1911 1349 1986; x_wconf 89' lang='lat' dir='ltr'>plenitudine</span> <span class='ocrx_word' id='word_1_132' title='bbox 1371 1911 1419 1968; x_wconf 93' lang='lat' dir='ltr'>sui</span> <span class='ocrx_word' id='word_1_133' title='bbox 1437 1912 1513 1968; x_wconf 89' lang='lat' dir='ltr'>iuris</span> 
     </span>
     <span class='ocr_line' id='line_1_16' title="bbox 247 2016 1512 2092; baseline -0.002 -15"><span class='ocrx_word' id='word_1_134' title='bbox 247 2022 332 2077; x_wconf 88' lang='lat' dir='ltr'>iuxta</span> <span class='ocrx_word' id='word_1_135' title='bbox 357 2019 520 2075; x_wconf 88' lang='lat' dir='ltr'>vicariatus</span> <span class='ocrx_word' id='word_1_136' title='bbox 545 2017 640 2076; x_wconf 90' lang='lat' dir='ltr'>nostri</span> <span class='ocrx_word' id='word_1_137' title='bbox 663 2017 803 2076; x_wconf 83' lang='lat' dir='ltr'>osticium</span> <span class='ocrx_word' id='word_1_138' title='bbox 827 2026 977 2092; x_wconf 89' lang='lat' dir='ltr'>perpetua</span> <span class='ocrx_word' id='word_1_139' title='bbox 1000 2019 1168 2076; x_wconf 92' lang='lat' dir='ltr'>stabilitate</span> <span class='ocrx_word' id='word_1_140' title='bbox 1200 2017 1328 2091; x_wconf 85' lang='lat' dir='ltr'>pacifice</span> <span class='ocrx_word' id='word_1_141' title='bbox 1353 2016 1512 2091; x_wconf 88' lang='lat' dir='ltr'>possidere</span> 
     </span>
     <span class='ocr_line' id='line_1_17' title="bbox 247 2123 1512 2198; baseline -0.001 -17"><span class='ocrx_word' id='word_1_142' title='bbox 247 2125 460 2183; x_wconf 82' lang='lat' dir='ltr'>atliudicamus</span> <span class='ocrx_word' id='word_1_143' title='bbox 485 2125 679 2198; x_wconf 91' lang='lat' dir='ltr'>presencium</span> <span class='ocrx_word' id='word_1_144' title='bbox 708 2125 878 2198; x_wconf 90' lang='lat' dir='ltr'>patrocinio</span> <span class='ocrx_word' id='word_1_145' title='bbox 911 2125 1073 2195; x_wconf 83' lang='lat' dir='ltr'>mediante,</span> <span class='ocrx_word' id='word_1_146' title='bbox 1104 2125 1338 2194; x_wconf 90' lang='lat' dir='ltr'>committentes,</span> <span class='ocrx_word' id='word_1_147' title='bbox 1364 2131 1396 2181; x_wconf 93' lang='lat' dir='ltr'>ut</span> <span class='ocrx_word' id='word_1_148' title='bbox 1430 2123 1512 2180; x_wconf 85' lang='lat' dir='ltr'>idern</span> 
     </span>
     <span class='ocr_line' id='line_1_18' title="bbox 246 2229 1511 2303; baseline 0 -16"><span class='ocrx_word' id='word_1_149' title='bbox 246 2230 389 2301; x_wconf 86' lang='lat' dir='ltr'>Gerynus</span> <span class='ocrx_word' id='word_1_150' title='bbox 414 2230 557 2287; x_wconf 90' lang='lat' dir='ltr'>universa</span> <span class='ocrx_word' id='word_1_151' title='bbox 576 2229 718 2286; x_wconf 90' lang='lat' dir='ltr'>hedificia</span> <span class='ocrx_word' id='word_1_152' title='bbox 741 2238 771 2287; x_wconf 93' lang='lat' dir='ltr'>et</span> <span class='ocrx_word' id='word_1_153' title='bbox 794 2245 888 2303; x_wconf 90' lang='lat' dir='ltr'>opera</span> <span class='ocrx_word' id='word_1_154' title='bbox 905 2230 978 2287; x_wconf 88' lang='lat' dir='ltr'>dicti</span> <span class='ocrx_word' id='word_1_155' title='bbox 1004 2230 1105 2287; x_wconf 87' lang='lat' dir='ltr'>balnei</span> <span class='ocrx_word' id='word_1_156' title='bbox 1129 2230 1231 2302; x_wconf 91' lang='lat' dir='ltr'>lignea</span> <span class='ocrx_word' id='word_1_157' title='bbox 1248 2230 1391 2286; x_wconf 86' lang='lat' dir='ltr'>universa</span> <span class='ocrx_word' id='word_1_158' title='bbox 1414 2245 1511 2302; x_wconf 92' lang='lat' dir='ltr'>usque</span> 
     </span>
     <span class='ocr_line' id='line_1_19' title="bbox 246 2334 1512 2408; baseline 0.001 -17"><span class='ocrx_word' id='word_1_159' title='bbox 246 2341 371 2391; x_wconf 89' lang='lat' dir='ltr'>octavas</span> <span class='ocrx_word' id='word_1_160' title='bbox 383 2335 554 2408; x_wconf 87' lang='lat' dir='ltr'>Epiphanie</span> <span class='ocrx_word' id='word_1_161' title='bbox 571 2334 688 2391; x_wconf 92' lang='lat' dir='ltr'>domini</span> <span class='ocrx_word' id='word_1_162' title='bbox 705 2351 785 2392; x_wconf 90' lang='lat' dir='ltr'>nunc</span> <span class='ocrx_word' id='word_1_163' title='bbox 801 2337 944 2408; x_wconf 87' lang='lat' dir='ltr'>proxime</span> <span class='ocrx_word' id='word_1_164' title='bbox 960 2344 1112 2405; x_wconf 89' lang='lat' dir='ltr'>venturas,</span> <span class='ocrx_word' id='word_1_165' title='bbox 1128 2337 1154 2392; x_wconf 89' lang='lat' dir='ltr'>si</span> <span class='ocrx_word' id='word_1_166' title='bbox 1170 2351 1241 2393; x_wconf 90' lang='lat' dir='ltr'>cum</span> <span class='ocrx_word' id='word_1_167' title='bbox 1258 2335 1368 2392; x_wconf 93' lang='lat' dir='ltr'>eodem</span> <span class='ocrx_word' id='word_1_168' title='bbox 1386 2335 1512 2392; x_wconf 91' lang='lat' dir='ltr'>domino</span> 
     </span>
     <span class='ocr_line' id='line_1_20' title="bbox 249 2439 1512 2515; baseline 0.001 -18"><span class='ocrx_word' id='word_1_169' title='bbox 249 2443 363 2498; x_wconf 86' lang='lat' dir='ltr'>abbate</span> <span class='ocrx_word' id='word_1_170' title='bbox 387 2456 481 2514; x_wconf 91' lang='lat' dir='ltr'>super</span> <span class='ocrx_word' id='word_1_171' title='bbox 499 2439 579 2497; x_wconf 88' lang='lat' dir='ltr'>lacto</span> <span class='ocrx_word' id='word_1_172' title='bbox 603 2440 818 2498; x_wconf 87' lang='lat' dir='ltr'>hedificiorum</span> <span class='ocrx_word' id='word_1_173' title='bbox 834 2441 1044 2514; x_wconf 90' lang='lat' dir='ltr'>predictorum</span> <span class='ocrx_word' id='word_1_174' title='bbox 1069 2441 1172 2499; x_wconf 90' lang='lat' dir='ltr'>medio</span> <span class='ocrx_word' id='word_1_175' title='bbox 1198 2448 1338 2515; x_wconf 89' lang='lat' dir='ltr'>tempore</span> <span class='ocrx_word' id='word_1_176' title='bbox 1362 2458 1418 2515; x_wconf 92' lang='lat' dir='ltr'>per</span> <span class='ocrx_word' id='word_1_177' title='bbox 1442 2456 1512 2515; x_wconf 91' lang='lat' dir='ltr'>pro·</span> 
     </span>
     <span class='ocr_line' id='line_1_21' title="bbox 247 2546 1512 2621; baseline 0 -17"><span class='ocrx_word' id='word_1_178' title='bbox 247 2549 359 2604; x_wconf 93' lang='lat' dir='ltr'>borum</span> <span class='ocrx_word' id='word_1_179' title='bbox 383 2548 545 2604; x_wconf 90' lang='lat' dir='ltr'>hominum</span> <span class='ocrx_word' id='word_1_180' title='bbox 571 2546 731 2620; x_wconf 88' lang='lat' dir='ltr'>pacificam</span> <span class='ocrx_word' id='word_1_181' title='bbox 756 2546 1012 2605; x_wconf 84' lang='lat' dir='ltr'>reformacionem</span> <span class='ocrx_word' id='word_1_182' title='bbox 1037 2549 1211 2621; x_wconf 90' lang='lat' dir='ltr'>nequiverit</span> <span class='ocrx_word' id='word_1_183' title='bbox 1231 2547 1427 2614; x_wconf 90' lang='lat' dir='ltr'>concordare,</span> <span class='ocrx_word' id='word_1_184' title='bbox 1444 2562 1512 2619; x_wconf 91' lang='lat' dir='ltr'>pre·</span> 
     </span>
     <span class='ocr_line' id='line_1_22' title="bbox 245 2653 1512 2726; baseline 0.002 -18"><span class='ocrx_word' id='word_1_185' title='bbox 245 2653 327 2709; x_wconf 89' lang='lat' dir='ltr'>dicta</span> <span class='ocrx_word' id='word_1_186' title='bbox 343 2653 409 2710; x_wconf 92' lang='lat' dir='ltr'>sola</span> <span class='ocrx_word' id='word_1_187' title='bbox 433 2654 524 2710; x_wconf 92' lang='lat' dir='ltr'>stuba</span> <span class='ocrx_word' id='word_1_188' title='bbox 547 2668 645 2726; x_wconf 85' lang='lat' dir='ltr'>parva</span> <span class='ocrx_word' id='word_1_189' title='bbox 669 2653 745 2710; x_wconf 91' lang='lat' dir='ltr'>inibi</span> <span class='ocrx_word' id='word_1_190' title='bbox 768 2654 884 2724; x_wconf 90' lang='lat' dir='ltr'>relicta,</span> <span class='ocrx_word' id='word_1_191' title='bbox 910 2654 988 2711; x_wconf 89' lang='lat' dir='ltr'>alias</span> <span class='ocrx_word' id='word_1_192' title='bbox 1021 2668 1217 2726; x_wconf 89' lang='lat' dir='ltr'>quocumque</span> <span class='ocrx_word' id='word_1_193' title='bbox 1241 2654 1374 2710; x_wconf 86' lang='lat' dir='ltr'>voluerit</span> <span class='ocrx_word' id='word_1_194' title='bbox 1398 2669 1436 2710; x_wconf 83' lang='lat' dir='ltr'>ex</span> <span class='ocrx_word' id='word_1_195' title='bbox 1458 2669 1512 2711; x_wconf 93' lang='lat' dir='ltr'>no·</span> 
     </span>
     <span class='ocr_line' id='line_1_23' title="bbox 245 2759 1512 2833; baseline 0.002 -17"><span class='ocrx_word' id='word_1_196' title='bbox 245 2766 309 2816; x_wconf 89' lang='lat' dir='ltr'>stra</span> <span class='ocrx_word' id='word_1_197' title='bbox 333 2761 466 2833; x_wconf 88' lang='lat' dir='ltr'>presenti</span> <span class='ocrx_word' id='word_1_198' title='bbox 492 2759 709 2816; x_wconf 88' lang='lat' dir='ltr'>commissione</span> <span class='ocrx_word' id='word_1_199' title='bbox 739 2768 770 2817; x_wconf 92' lang='lat' dir='ltr'>et</span> <span class='ocrx_word' id='word_1_200' title='bbox 802 2761 984 2818; x_wconf 89' lang='lat' dir='ltr'>auctoritate</span> <span class='ocrx_word' id='word_1_201' title='bbox 1007 2759 1166 2817; x_wconf 81' lang='lat' dir='ltr'>deferendi</span> <span class='ocrx_word' id='word_1_202' title='bbox 1190 2760 1302 2816; x_wconf 89' lang='lat' dir='ltr'>habeat</span> <span class='ocrx_word' id='word_1_203' title='bbox 1326 2759 1512 2819; x_wconf 81' lang='lat' dir='ltr'>facultatem.</span> 
     </span>
     <span class='ocr_line' id='line_1_24' title="bbox 245 2865 1511 2940; baseline 0.001 -19"><span class='ocrx_word' id='word_1_204' title='bbox 245 2865 279 2921; x_wconf 91' lang='lat' dir='ltr'>In</span> <span class='ocrx_word' id='word_1_205' title='bbox 303 2867 389 2923; x_wconf 88' lang='lat' dir='ltr'>cuius</span> <span class='ocrx_word' id='word_1_206' title='bbox 420 2866 462 2922; x_wconf 91' lang='lat' dir='ltr'>rei</span> <span class='ocrx_word' id='word_1_207' title='bbox 492 2866 675 2921; x_wconf 91' lang='lat' dir='ltr'>memoriam</span> <span class='ocrx_word' id='word_1_208' title='bbox 705 2866 970 2939; x_wconf 86' lang='lat' dir='ltr'>stabilitatemque</span> <span class='ocrx_word' id='word_1_209' title='bbox 997 2872 1178 2940; x_wconf 89' lang='lat' dir='ltr'>perpetuam</span> <span class='ocrx_word' id='word_1_210' title='bbox 1208 2874 1363 2939; x_wconf 90' lang='lat' dir='ltr'>presentes</span> <span class='ocrx_word' id='word_1_211' title='bbox 1392 2880 1511 2922; x_wconf 91' lang='lat' dir='ltr'>conces·</span> 
     </span>
     <span class='ocr_line' id='line_1_25' title="bbox 247 2971 1512 3046; baseline 0.001 -19"><span class='ocrx_word' id='word_1_212' title='bbox 247 2972 344 3028; x_wconf 89' lang='lat' dir='ltr'>simus</span> <span class='ocrx_word' id='word_1_213' title='bbox 374 2972 492 3028; x_wconf 90' lang='lat' dir='ltr'>litteras</span> <span class='ocrx_word' id='word_1_214' title='bbox 519 2977 638 3028; x_wconf 89' lang='lat' dir='ltr'>nostras</span> <span class='ocrx_word' id='word_1_215' title='bbox 670 2972 881 3045; x_wconf 88' lang='lat' dir='ltr'>privilegiales</span> <span class='ocrx_word' id='word_1_216' title='bbox 912 2972 1074 3046; x_wconf 89' lang='lat' dir='ltr'>pendentis</span> <span class='ocrx_word' id='word_1_217' title='bbox 1104 2972 1200 3044; x_wconf 87' lang='lat' dir='ltr'>sigilli</span> <span class='ocrx_word' id='word_1_218' title='bbox 1225 2972 1320 3029; x_wconf 91' lang='lat' dir='ltr'>nostri</span> <span class='ocrx_word' id='word_1_219' title='bbox 1344 2971 1512 3028; x_wconf 88' lang='lat' dir='ltr'>authentici</span> 
     </span>
     <span class='ocr_line' id='line_1_26' title="bbox 248 3076 1513 3150; baseline 0.003 -18"><span class='ocrx_word' id='word_1_220' title='bbox 248 3078 418 3134; x_wconf 90' lang='lat' dir='ltr'>munimine</span> <span class='ocrx_word' id='word_1_221' title='bbox 435 3078 596 3134; x_wconf 85' lang='lat' dir='ltr'>roboratas</span> <span class='ocrx_word' id='word_1_222' title='bbox 613 3077 759 3135; x_wconf 86' lang='lat' dir='ltr'>duximus</span> <span class='ocrx_word' id='word_1_223' title='bbox 775 3078 991 3136; x_wconf 89' lang='lat' dir='ltr'>concedendas.</span> <span class='ocrx_word' id='word_1_224' title='bbox 1012 3078 1128 3135; x_wconf 92' lang='lat' dir='ltr'>Datum</span> <span class='ocrx_word' id='word_1_225' title='bbox 1148 3076 1298 3150; x_wconf 85' lang='lat' dir='ltr'>Zagrabie</span> <span class='ocrx_word' id='word_1_226' title='bbox 1328 3077 1513 3136; x_wconf 88' lang='lat' dir='ltr'>duodecimo</span> 
     </span>
     <span class='ocr_line' id='line_1_27' title="bbox 247 3182 1507 3258; baseline 0.002 -20"><span class='ocrx_word' id='word_1_227' title='bbox 247 3182 297 3239; x_wconf 92' lang='lat' dir='ltr'>die</span> <span class='ocrx_word' id='word_1_228' title='bbox 329 3182 451 3239; x_wconf 91' lang='lat' dir='ltr'>termini</span> <span class='ocrx_word' id='word_1_229' title='bbox 482 3184 643 3256; x_wconf 89' lang='lat' dir='ltr'>prenotati.</span> <span class='ocrx_word' id='word_1_230' title='bbox 668 3185 757 3241; x_wconf 81' lang='lat' dir='ltr'>Anno</span> <span class='ocrx_word' id='word_1_231' title='bbox 776 3183 894 3242; x_wconf 90' lang='lat' dir='ltr'>domini</span> <span class='ocrx_word' id='word_1_232' title='bbox 919 3185 1087 3243; x_wconf 92' lang='lat' dir='ltr'>millesimo</span> <span class='ocrx_word' id='word_1_233' title='bbox 1109 3185 1324 3241; x_wconf 89' lang='lat' dir='ltr'>trecentesimo</span> <span class='ocrx_word' id='word_1_234' title='bbox 1346 3190 1507 3258; x_wconf 90' lang='lat' dir='ltr'>septuage-</span> 
     </span>
     <span class='ocr_line' id='line_1_28' title="bbox 246 3290 440 3345; baseline 0 0"><span class='ocrx_word' id='word_1_235' title='bbox 246 3290 325 3345; x_wconf 91' lang='lat' dir='ltr'>simo</span> <span class='ocrx_word' id='word_1_236' title='bbox 346 3293 440 3345; x_wconf 85' lang='lat' dir='ltr'>sexto.</span> 
     </span>
    </p>
   </div>
   <div class='ocr_carea' id='block_1_3' title="bbox 318 3424 1199 3490">
    <p class='ocr_par' dir='ltr' id='par_1_3' title="bbox 318 3424 1199 3490">
     <span class='ocr_line' id='line_1_29' title="bbox 318 3424 1199 3490; baseline 0.003 -18"><span class='ocrx_word' id='word_1_237' title='bbox 318 3424 340 3473; x_wconf 85' lang='grc' dir='ltr'><strong><em>Ε</em></strong></span> <span class='ocrx_word' id='word_1_238' title='bbox 360 3429 524 3490; x_wconf 89' lang='lat' dir='ltr'>transumpto</span> <span class='ocrx_word' id='word_1_239' title='bbox 544 3439 610 3474; x_wconf 85' lang='lat' dir='ltr'>saec.</span> <span class='ocrx_word' id='word_1_240' title='bbox 631 3425 704 3476; x_wconf 85' lang='lat' dir='ltr'>xvl.</span> <span class='ocrx_word' id='word_1_241' title='bbox 724 3426 755 3475; x_wconf 89' lang='lat' dir='ltr'>In</span> <span class='ocrx_word' id='word_1_242' title='bbox 773 3425 873 3476; x_wconf 89' lang='lat' dir='ltr'>archiv.</span> <span class='ocrx_word' id='word_1_243' title='bbox 894 3442 952 3476; x_wconf 90' lang='lat' dir='ltr'>ven.</span> <span class='ocrx_word' id='word_1_244' title='bbox 972 3428 1033 3477; x_wconf 92' lang='lat' dir='ltr'>coll.</span> <span class='ocrx_word' id='word_1_245' title='bbox 1055 3425 1199 3475; x_wconf 89' lang='lat' dir='ltr'>Praebend.</span> 
     </span>
    </p>
   </div>
   <div class='ocr_carea' id='block_1_4' title="bbox 858 3676 896 3741">
    <p class='ocr_par' dir='ltr' id='par_1_4' title="bbox 858 3676 896 3741">
     <span class='ocr_line' id='line_1_30' title="bbox 858 3676 896 3741; baseline -0.026 0"><span class='ocrx_word' id='word_1_246' title='bbox 858 3676 896 3741; x_wconf 82' lang='lat'>9.</span> 
     </span>
    </p>
   </div>
   <div class='ocr_carea' id='block_1_5' title="bbox 349 3832 895 3900">
    <p class='ocr_par' dir='ltr' id='par_1_5' title="bbox 349 3832 895 3900">
     <span class='ocr_line' id='line_1_31' title="bbox 349 3832 895 3900; baseline 0.004 -19"><span class='ocrx_word' id='word_1_247' title='bbox 349 3835 426 3882; x_wconf 83' lang='lat' dir='ltr'>Anno</span> <span class='ocrx_word' id='word_1_248' title='bbox 449 3834 523 3890; x_wconf 84' lang='lat'>1378,</span> <span class='ocrx_word' id='word_1_249' title='bbox 542 3834 565 3882; x_wconf 83' lang='lat'>8.</span> <span class='ocrx_word' id='word_1_250' title='bbox 586 3832 687 3898; x_wconf 90' lang='lat' dir='ltr'>aprilis.</span> <span class='ocrx_word' id='word_1_251' title='bbox 707 3833 737 3883; x_wconf 91' lang='lat' dir='ltr'>In</span> <span class='ocrx_word' id='word_1_252' title='bbox 757 3833 895 3900; x_wconf 77' lang='lat' dir='ltr'>Vi’s‘egrad.</span> 
     </span>
    </p>
   </div>
   <div class='ocr_carea' id='block_1_6' title="bbox 243 3976 1511 4057">
    <p class='ocr_par' dir='ltr' id='par_1_6' title="bbox 243 3976 1511 4057">
     <span class='ocr_line' id='line_1_32' title="bbox 243 3976 1511 4057; baseline 0.007 -25"><span class='ocrx_word' id='word_1_253' title='bbox 243 3976 374 4051; x_wconf 80' lang='lat' dir='ltr'>Jacobus</span> <span class='ocrx_word' id='word_1_254' title='bbox 395 3977 430 4033; x_wconf 80' lang='lat' dir='ltr'>de</span> <span class='ocrx_word' id='word_1_255' title='bbox 452 3976 557 4050; x_wconf 81' lang='lat' dir='ltr'>Scepus</span> <span class='ocrx_word' id='word_1_256' title='bbox 578 3978 665 4035; x_wconf 84' lang='lat' dir='ltr'>iudex</span> <span class='ocrx_word' id='word_1_257' title='bbox 687 3981 786 4037; x_wconf 77' lang='lat' dir='ltr'>curiae</span> <span class='ocrx_word' id='word_1_258' title='bbox 807 3984 957 4037; x_wconf 78' lang='lat' dir='ltr'>temriuum</span> <span class='ocrx_word' id='word_1_259' title='bbox 980 3983 1010 4037; x_wconf 84' lang='lat' dir='ltr'>in</span> <span class='ocrx_word' id='word_1_260' title='bbox 1033 4000 1121 4039; x_wconf 78' lang='lat' dir='ltr'>catera</span> <span class='ocrx_word' id='word_1_261' title='bbox 1141 3983 1218 4040; x_wconf 79' lang='lat' dir='ltr'>iuter</span> <span class='ocrx_word' id='word_1_262' title='bbox 1232 3983 1410 4040; x_wconf 69' lang='lat' dir='ltr'>Demetrium</span> <span class='ocrx_word' id='word_1_263' title='bbox 1431 3985 1511 4057; x_wconf 76' lang='lat' dir='ltr'>episc.</span> 
     </span>
    </p>
   </div>
   <div class='ocr_carea' id='block_1_7' title="bbox 559 4084 1321 4166">
    <p class='ocr_par' dir='ltr' id='par_1_7' title="bbox 559 4084 1321 4166">
     <span class='ocr_line' id='line_1_33' title="bbox 559 4084 1321 4166; baseline 0.009 -27"><span class='ocrx_word' id='word_1_264' title='bbox 559 4084 677 4156; x_wconf 77' lang='lat' dir='ltr'>aagrab.</span> <span class='ocrx_word' id='word_1_265' title='bbox 702 4093 730 4142; x_wconf 78' lang='lat' dir='ltr'>et</span> <span class='ocrx_word' id='word_1_266' title='bbox 749 4087 823 4143; x_wconf 70' lang='lat' dir='ltr'>crues</span> <span class='ocrx_word' id='word_1_267' title='bbox 850 4086 1025 4144; x_wconf 78' lang='lat' dir='ltr'>Grecltenses</span> <span class='ocrx_word' id='word_1_268' title='bbox 1050 4089 1195 4162; x_wconf 77' lang='lat' dir='ltr'>praefigit.</span> <span class='ocrx_word' id='word_1_269' title='bbox 1312 4137 1321 4166; x_wconf 37' lang='grc' dir='ltr'>χ</span> 
     </span>
    </p>
   </div>
   <div class='ocr_carea' id='block_1_8' title="bbox 243 4228 1517 4837">
    <p class='ocr_par' dir='ltr' id='par_1_8' title="bbox 243 4228 1517 4837">
     <span class='ocr_line' id='line_1_34' title="bbox 334 4228 1509 4311; baseline 0.006 -27"><span class='ocrx_word' id='word_1_270' title='bbox 334 4228 396 4284; x_wconf 91' lang='lat' dir='ltr'>Nos</span> <span class='ocrx_word' id='word_1_271' title='bbox 420 4243 523 4285; x_wconf 94' lang='lat' dir='ltr'>comes</span> <span class='ocrx_word' id='word_1_272' title='bbox 546 4229 681 4311; x_wconf 91' lang='lat' dir='ltr'>Jacobus</span> <span class='ocrx_word' id='word_1_273' title='bbox 704 4229 743 4287; x_wconf 91' lang='lat' dir='ltr'>de</span> <span class='ocrx_word' id='word_1_274' title='bbox 774 4229 898 4304; x_wconf 91' lang='lat' dir='ltr'>Scepus,</span> <span class='ocrx_word' id='word_1_275' title='bbox 924 4231 1016 4289; x_wconf 89' lang='lat' dir='ltr'>iudex</span> <span class='ocrx_word' id='word_1_276' title='bbox 1036 4233 1119 4290; x_wconf 91' lang='lat' dir='ltr'>curie</span> <span class='ocrx_word' id='word_1_277' title='bbox 1143 4240 1172 4290; x_wconf 91' lang='lat' dir='ltr'>et</span> <span class='ocrx_word' id='word_1_278' title='bbox 1196 4234 1411 4291; x_wconf 90' lang='lat' dir='ltr'>universarum</span> <span class='ocrx_word' id='word_1_279' title='bbox 1435 4236 1509 4292; x_wconf 90' lang='lat' dir='ltr'>civi·</span> 
     </span>
     <span class='ocr_line' id='line_1_35' title="bbox 243 4332 1511 4412; baseline 0.006 -23"><span class='ocrx_word' id='word_1_280' title='bbox 243 4340 342 4389; x_wconf 92' lang='lat' dir='ltr'>tatum</span> <span class='ocrx_word' id='word_1_281' title='bbox 367 4332 485 4391; x_wconf 92' lang='lat' dir='ltr'>domini</span> <span class='ocrx_word' id='word_1_282' title='bbox 517 4332 673 4404; x_wconf 91' lang='lat' dir='ltr'>Lodouici,</span> <span class='ocrx_word' id='word_1_283' title='bbox 704 4334 754 4392; x_wconf 90' lang='lat' dir='ltr'>dei</span> <span class='ocrx_word' id='word_1_284' title='bbox 781 4337 884 4407; x_wconf 84' lang='lat' dir='ltr'>gracia</span> <span class='ocrx_word' id='word_1_285' title='bbox 915 4338 995 4409; x_wconf 89' lang='lat' dir='ltr'>regis</span> <span class='ocrx_word' id='word_1_286' title='bbox 1027 4338 1192 4410; x_wconf 88' lang='lat' dir='ltr'>Hungarie.</span> <span class='ocrx_word' id='word_1_287' title='bbox 1225 4338 1343 4395; x_wconf 87' lang='lat' dir='ltr'>Damus</span> <span class='ocrx_word' id='word_1_288' title='bbox 1366 4354 1423 4412; x_wconf 91' lang='lat' dir='ltr'>pro</span> <span class='ocrx_word' id='word_1_289' title='bbox 1448 4356 1511 4397; x_wconf 92' lang='lat' dir='ltr'>me·</span> 
     </span>
     <span class='ocr_line' id='line_1_36' title="bbox 243 4437 1510 4517; baseline 0.006 -23"><span class='ocrx_word' id='word_1_290' title='bbox 243 4439 350 4508; x_wconf 91' lang='lat' dir='ltr'>moria,</span> <span class='ocrx_word' id='word_1_291' title='bbox 374 4437 457 4510; x_wconf 89' lang='lat' dir='ltr'>quod</span> <span class='ocrx_word' id='word_1_292' title='bbox 481 4454 614 4507; x_wconf 90' lang='lat' dir='ltr'>causam,</span> <span class='ocrx_word' id='word_1_293' title='bbox 636 4454 730 4511; x_wconf 85' lang='lat' dir='ltr'>quam</span> <span class='ocrx_word' id='word_1_294' title='bbox 754 4440 899 4498; x_wconf 92' lang='lat' dir='ltr'>dominus</span> <span class='ocrx_word' id='word_1_295' title='bbox 922 4442 1099 4501; x_wconf 91' lang='lat' dir='ltr'>Demetrius</span> <span class='ocrx_word' id='word_1_296' title='bbox 1121 4444 1285 4517; x_wconf 91' lang='lat' dir='ltr'>episcopus</span> <span class='ocrx_word' id='word_1_297' title='bbox 1309 4444 1436 4501; x_wconf 90' lang='lat' dir='ltr'>ecclesie</span> <span class='ocrx_word' id='word_1_298' title='bbox 1462 4460 1510 4502; x_wconf 86' lang='lat' dir='ltr'>za·</span> 
     </span>
     <span class='ocr_line' id='line_1_37' title="bbox 244 4543 1509 4628; baseline 0.006 -29"><span class='ocrx_word' id='word_1_299' title='bbox 244 4543 424 4615; x_wconf 89' lang='lat' dir='ltr'>grabiensis,</span> <span class='ocrx_word' id='word_1_300' title='bbox 448 4559 506 4617; x_wconf 92' lang='lat' dir='ltr'>pro</span> <span class='ocrx_word' id='word_1_301' title='bbox 530 4558 592 4616; x_wconf 90' lang='lat' dir='ltr'>quo</span> <span class='ocrx_word' id='word_1_302' title='bbox 615 4543 760 4602; x_wconf 93' lang='lat' dir='ltr'>dominus</span> <span class='ocrx_word' id='word_1_303' title='bbox 782 4546 917 4628; x_wconf 89' lang='lat' dir='ltr'>Jacobus</span> <span class='ocrx_word' id='word_1_304' title='bbox 940 4547 1184 4619; x_wconf 88' lang='lat' dir='ltr'>archydiaconus</span> <span class='ocrx_word' id='word_1_305' title='bbox 1200 4564 1272 4606; x_wconf 89' lang='lat' dir='ltr'>cum</span> <span class='ocrx_word' id='word_1_306' title='bbox 1290 4551 1509 4622; x_wconf 90' lang='lat' dir='ltr'>procuratoriis</span> 
     </span>
     <span class='ocr_line' id='line_1_38' title="bbox 243 4649 1510 4723; baseline 0.007 -18"><span class='ocrx_word' id='word_1_307' title='bbox 243 4649 354 4706; x_wconf 92' lang='lat' dir='ltr'>litteris</span> <span class='ocrx_word' id='word_1_308' title='bbox 378 4649 517 4706; x_wconf 91' lang='lat' dir='ltr'>eiusdem</span> <span class='ocrx_word' id='word_1_309' title='bbox 540 4649 636 4706; x_wconf 91' lang='lat' dir='ltr'>astitit</span> <span class='ocrx_word' id='word_1_310' title='bbox 660 4657 765 4708; x_wconf 93' lang='lat' dir='ltr'>contra</span> <span class='ocrx_word' id='word_1_311' title='bbox 789 4650 932 4723; x_wconf 93' lang='lat' dir='ltr'>iudicem,</span> <span class='ocrx_word' id='word_1_312' title='bbox 955 4653 1071 4711; x_wconf 93' lang='lat' dir='ltr'>iuratos</span> <span class='ocrx_word' id='word_1_313' title='bbox 1093 4659 1124 4711; x_wconf 93' lang='lat' dir='ltr'>et</span> <span class='ocrx_word' id='word_1_314' title='bbox 1148 4655 1310 4713; x_wconf 89' lang='lat' dir='ltr'>universos</span> <span class='ocrx_word' id='word_1_315' title='bbox 1333 4655 1418 4713; x_wconf 90' lang='lat' dir='ltr'>cives</span> <span class='ocrx_word' id='word_1_316' title='bbox 1433 4654 1510 4714; x_wconf 89' lang='lat' dir='ltr'>Gre-</span> 
     </span>
     <span class='ocr_line' id='line_1_39' title="bbox 243 4754 1517 4837; baseline 0.009 -26"><span class='ocrx_word' id='word_1_317' title='bbox 243 4754 379 4826; x_wconf 91' lang='lat' dir='ltr'>chenses,</span> <span class='ocrx_word' id='word_1_318' title='bbox 403 4770 461 4828; x_wconf 93' lang='lat' dir='ltr'>pro</span> <span class='ocrx_word' id='word_1_319' title='bbox 483 4757 598 4829; x_wconf 92' lang='lat' dir='ltr'>quibus</span> <span class='ocrx_word' id='word_1_320' title='bbox 623 4757 819 4832; x_wconf 75' lang='lat' dir='ltr'>laurencius,</span> <span class='ocrx_word' id='word_1_321' title='bbox 843 4758 998 4832; x_wconf 85' lang='lat' dir='ltr'>Georgius</span> <span class='ocrx_word' id='word_1_322' title='bbox 1021 4765 1051 4818; x_wconf 91' lang='lat' dir='ltr'>et</span> <span class='ocrx_word' id='word_1_323' title='bbox 1074 4762 1123 4818; x_wconf 84' lang='lat' dir='ltr'>An</span> <span class='ocrx_word' id='word_1_324' title='bbox 1133 4760 1257 4820; x_wconf 91' lang='lat' dir='ltr'>thonius</span> <span class='ocrx_word' id='word_1_325' title='bbox 1279 4761 1380 4834; x_wconf 90' lang='lat' dir='ltr'>iurati,</span> <span class='ocrx_word' id='word_1_326' title='bbox 1402 4777 1462 4837; x_wconf 89' lang='lat' dir='ltr'>pro</span> <span class='ocrx_word' id='word_1_327' title='bbox 1483 4778 1517 4822; x_wconf 83' lang='lat' dir='ltr'>se</span> 
     </span>
    </p>
   </div>
   <div class='ocr_carea' id='block_1_9' title="bbox 0 0 1748 5242">
    <p class='ocr_par' dir='ltr' id='par_1_9' title="bbox 0 0 1748 5242">
     <span class='ocr_line' id='line_1_40' title="bbox 0 0 1748 5242; baseline 0 3"><span class='ocrx_word' id='word_1_328' title='bbox 0 0 1748 5242; x_wconf 95' lang='lat' dir='ltr'> </span> 
     </span>
    </p>
   </div>
  </div>
 </body>
</html>
