3488 5242
240 322 300 381 266
667 322 741 379 Dor.
764 320 834 399 276.
854 355 896 364 -—
916 323 973 379 An.
997 332 1082 399 1377.

238 517 321 590 retis,
344 524 438 591 prout
461 518 538 575 alias
561 519 634 576 estis
657 520 794 577 consueti
818 519 898 577 facta
920 519 1007 591 regni
1022 520 1119 577 nostri
1135 520 1307 594 disponere,
1325 521 1395 579 ideo
1412 521 1503 580 dene·

238 640 348 698 gamus
371 625 468 683 alium
491 626 650 683 hominem
673 631 814 683 nostrum
833 627 899 684 illic
915 626 1029 684 debere
1046 628 1323 700 transmittendum,
1342 630 1503 703 potissime

238 746 309 787 cum
333 730 431 787 eciam
455 731 517 788 alia
540 731 619 788 facta
650 731 738 804 regni
768 733 865 789 nostri
900 732 990 788 vobis
1023 733 1277 790 submitteremus
1312 733 1503 807 disponenda

237 842 267 893 et
301 836 536 895 reconcilianda.
571 837 771 911 Requirimus
809 838 904 910 igitur
943 844 1078 896 vestram
1116 837 1307 910 fidelitatem,
1351 840 1503 912 vobisque

237 942 348 1000 damus
378 943 408 1000 in
439 943 602 1014 mandatis,
634 951 784 1017 quatenus
814 943 895 1000 iacta
924 945 1075 1018 premissa
1097 945 1176 1002 inter
1198 961 1255 1003 vos
1278 952 1308 1003 et
1331 947 1503 1020 capitulum

239 1064 275 1106 ac
297 1048 396 1106 dictos
419 1049 502 1107 cives
526 1050 637 1121 velitis,
661 1056 784 1107 matura
805 1049 1032 1107 deliberacione
1064 1050 1177 1121 habita,
1205 1049 1308 1108 debite
1331 1051 1503 1109 reformare

238 1153 324 1215 adeo.
347 1160 381 1212 ut
406 1161 469 1212 tam
492 1154 566 1213 dicti
589 1156 672 1213 cives
695 1156 792 1214 nostri
816 1156 847 1213 in
870 1156 1004 1228 antiquis
1027 1156 1091 1213 suis
1114 1156 1319 1227 libertatibus,
1337 1173 1431 1230 quam
1447 1173 1503 1215 vos

241 1266 270 1318 et
294 1261 464 1334 capitulum
489 1268 627 1319 vestrum
651 1263 733 1319 circa
763 1263 830 1319 iura
852 1274 956 1319 vestra
977 1262 1193 1335 permaneatis,
1220 1278 1258 1318 ne
1283 1262 1373 1320 aliter
1395 1263 1503 1320 eadem

238 1367 347 1424 civitas
374 1372 478 1425 nostra
508 1367 734 1425 desolacionem
768 1369 908 1441 paciatur
916 1387 923 1437 ;
959 1369 1097 1440 alioquin
1129 1369 1342 1425 commisimus
1372 1373 1402 1426 et
1434 1385 1504 1442 pre·

240 1474 376 1530 sencium
401 1474 478 1531 serie
504 1475 727 1532 committimus
751 1474 916 1547 magnifico
939 1476 1007 1532 viro
1029 1474 1156 1531 domino
1180 1474 1270 1531 Petro
1291 1474 1401 1545 ludos,
1417 1476 1503 1546 regni

238 1579 401 1638 Sclauonie
432 1581 513 1638 bano
545 1588 573 1637 et
605 1596 660 1638 suo
690 1582 850 1645 vicebano,
881 1586 914 1639 ut
937 1582 1092 1639 intervos
1115 1587 1145 1637 et
1168 1581 1340 1652 capitulum
1365 1587 1502 1637 vestrum

240 1701 275 1743 ac
298 1686 398 1743 dictos
420 1687 503 1744 cives
526 1692 647 1744 nostros
670 1703 764 1761 super
786 1688 931 1745 omnibus
953 1687 1080 1752 iniuriis,
1103 1685 1248 1759 dampnis
1268 1692 1297 1742 et
1313 1687 1503 1742 nocumentis

240 1792 366 1865 plenam
390 1799 420 1850 et
443 1793 655 1850 omnimodam
679 1794 824 1851 exhibeat
849 1794 1092 1851 satisfaccionem
1127 1798 1231 1849 nostra
1262 1793 1292 1849 in
1321 1807 1451 1865 persona
1474 1798 1504 1848 et

239 1899 418 1957 auctoritate
453 1898 606 1957 mediante
641 1900 691 1970 ita,
725 1907 759 1957 ut
789 1901 815 1957 si
846 1915 907 1972 qua
937 1900 1077 1973 parcium
1101 1898 1139 1954 de
1162 1899 1259 1970 ipsius
1288 1898 1360 1954 bani
1391 1896 1504 1953 iudicio

240 2005 335 2061 vellet
365 2010 548 2077 contentare,
579 2006 680 2079 ipsam
711 2006 750 2063 ad
774 2012 913 2063 nostrum
937 2020 1065 2063 examen
1090 2009 1120 2062 et
1144 2004 1379 2076 requisicionem
1403 2001 1504 2075 prel-

242 2109 322 2167 iatus
354 2111 452 2168 banus
483 2111 639 2169 remittere
669 2118 824 2181 teneatur;
858 2111 942 2169 aliud
973 2112 1068 2183 igitur
1097 2125 1155 2184 pro
1186 2117 1289 2167 nostra
1317 2109 1420 2181 gracia
1443 2123 1503 2165 non

241 2214 385 2273 facturus.
420 2216 579 2275 Presentes
613 2222 716 2274 autem
747 2217 835 2274 reddi
867 2219 1013 2274 volumus
1038 2216 1223 2289 presentanti
1254 2222 1324 2289 post
1350 2215 1503 2272 lectivam.

239 2322 356 2379 Datum
379 2322 464 2392 letti,
487 2323 518 2380 in
540 2323 648 2395 vigilia
672 2323 741 2381 festi
764 2324 902 2381 omnium
928 2330 1111 2380 sanctorum.
1135 2324 1225 2379 Anno
1255 2320 1373 2378 domini
1403 2320 1505 2376 mille-

241 2429 320 2486 simo
344 2427 507 2486 CCCLXX
530 2429 670 2502 septimo.

330 2565 352 2616 E
371 2564 469 2616 litteris
488 2565 561 2615 Petri
581 2566 676 2624 Zudar,
696 2565 766 2625 bani,
785 2572 815 2616 ut
834 2565 910 2615 inira.

829 2849 915 2916 2⁵16.

344 3011 420 3058 Anno
442 3016 517 3067 1377,
536 3017 577 3066 31.
597 3007 721 3057 octobris.
740 3006 814 3056 Zelii.

239 3138 403 3194 ludovicus
426 3137 603 3207 lltcrzgariae
625 3144 671 3192 etc.
695 3154 749 3192 rex
770 3153 887 3192 causam
910 3137 986 3191 inter
1007 3136 1079 3191 cibes
1108 3134 1281 3191 Greclecnses
1300 3154 1334 3191 ac
1349 3139 1505 3208 episcopum

240 3253 268 3301 et
288 3244 443 3317 capitulum
473 3242 589 3314 zograb.
614 3261 633 3298 a
655 3242 746 3298 iudice
776 3243 873 3297 curiae
895 3259 964 3297 suere
987 3241 1029 3296 ad
1048 3241 1181 3296 iodicium
1204 3241 1308 3297 boreale
1330 3242 1504 3297 transmittit.

330 3404 504 3462 Lodouicus
527 3404 577 3461 dei
600 3405 704 3476 gracia
727 3420 781 3460 rex
805 3404 971 3474 Hungarie‚
995 3402 1130 3472 Polonie,
1147 3402 1307 3459 Dalmacie
1330 3408 1384 3458 etc.
1408 3402 1507 3458 Fideli

241 3528 297 3570 suo
321 3510 486 3583 magnifico
511 3510 578 3567 viro
602 3509 708 3567 comiti
730 3509 847 3592 Jacobo
871 3509 909 3564 de
932 3508 1056 3581 Scepus‚
1081 3506 1174 3564 iudici
1197 3523 1250 3563 sue
1267 3508 1358 3576 curie,
1375 3508 1506 3563 salutem

243 3623 272 3674 et
295 3617 440 3690 graciam.
464 3616 620 3673 Fidelitati
644 3623 745 3672 vestre
769 3615 879 3672 damus
895 3615 926 3671 in
942 3613 1104 3683 mandalis
1121 3619 1271 3686 quatenus
1287 3629 1411 3669 causam
1428 3614 1508 3669 inter

242 3724 324 3781 cives
355 3726 476 3780 nostros
507 3720 676 3778 Grecenses
708 3721 746 3778 de
777 3720 927 3792 Zagrabia
959 3721 999 3776 ab
1031 3735 1099 3789 una,
1132 3725 1220 3792 parte
1252 3734 1327 3776 vero
1349 3735 1387 3775 ex
1410 3720 1507 3775 altera

244 3829 322 3885 inter
346 3827 557 3884 venerabilem
581 3827 610 3883 in
635 3826 759 3884 Christo
782 3831 912 3899 patrem,
937 3825 1097 3881 dominum
1114 3824 1310 3881 Demetrium
1326 3825 1507 3897 episcopum

243 3935 472 4005 zagrabiensem
496 3939 526 3990 et
549 3933 721 4006 capitulum
744 3932 805 3989 loci
829 3930 965 3988 eiusdem
990 3946 1094 3987 coram
1118 3930 1208 3986 vobis
1231 3936 1410 3999 vertentem,
1427 3934 1508 3987 statu

243 4042 273 4098 in
297 4040 406 4097 eodem
440 4040 558 4112 absque
590 4039 674 4095 omni
705 4038 886 4111 gravamine
909 4036 947 4093 ad
973 4035 1122 4093 iudicium
1145 4043 1174 4092 et
1198 4051 1327 4092 examen
1351 4035 1508 4106 magnifici

244 4146 304 4203 viri
334 4146 416 4203 Petri
447 4145 558 4212 Zudor,
587 4146 674 4216 regni
703 4145 799 4202 nostri
829 4142 991 4201 Sclauonie
1022 4143 1095 4199 bani
1119 4142 1342 4209 transmittatis
1367 4142 1508 4214 partibus

244 4269 347 4310 coram
372 4252 481 4309 eodem
512 4250 711 4325 comparendi
742 4251 907 4308 terminum
934 4248 1117 4320 assignando
1157 4253 1391 4320 competentem,
1415 4253 1509 4320 prout

244 4359 341 4432 ipsius
363 4359 451 4430 regni
473 4357 569 4415 nostri
590 4356 752 4414 Sclauonie
775 4357 904 4414 libertas
927 4362 957 4411 et
980 4353 1168 4411 consuetudo
1192 4353 1222 4409 id
1238 4353 1376 4425 requirit.
1392 4352 1508 4409 Datum

245 4463 329 4534 Zelii‚
361 4465 391 4522 in
423 4463 531 4536 vigilia
563 4463 630 4520 festi
662 4463 802 4520 omnium
831 4467 1017 4519 sanctorum.
1048 4463 1138 4517 Anno
1169 4458 1286 4516 domini
1314 4458 1509 4515 MCCCLXX

245 4572 385 4645 septimo.

336 4705 476 4772 Originale
494 4706 521 4756 in
540 4705 637 4755 charta.
658 4704 688 4755 In
712 4719 764 4769 qua
790 4705 946 4769 impressum
969 4712 1008 4756 est
1032 4706 1153 4772 sigillum
1177 4701 1254 4766 regis.
1280 4699 1310 4750 In
1335 4701 1433 4751 archiv.
1461 4702 1509 4754 lib.

248 4807 303 4860 reg.
321 4792 370 4844 civ.
390 4792 496 4860 zagrab.
