3488 5242
241 324 301 397 318
659 321 733 378 Doc.
752 333 826 397 352.
854 354 890 363 -
916 321 973 377 An.
997 333 1084 396 1391.

241 517 434 576 decimarum
465 518 505 575 de
534 518 634 575 vineis
666 518 814 576 territorii
843 517 905 574 vici
936 517 1116 574 Latinorum
1147 532 1182 572 ac
1213 517 1332 590 campis
1363 523 1393 573 et
1416 516 1505 573 terris

239 623 482 697 Bakanyapolya
512 631 542 680 et
572 623 686 695 Ztruga
718 623 884 696 appellatis
915 623 1122 679 iuramentum
1147 622 1310 695 corporale
1333 623 1364 679 in
1387 622 1505 678 octavis

239 729 309 787 sesti
333 729 561 803 purificacionis
585 730 714 800 virginis
737 729 872 800 gloriose
895 745 974 785 nunc
999 729 1136 785 venturis
1160 729 1190 785 in
1214 727 1295 784 dicta
1312 728 1503 799 zagrabiensi
1554 799 1559 810 Ι

239 836 367 892 ecclesia
383 850 487 892 coram
505 835 680 892 testimonio
697 839 809 904 vestr0,
828 833 911 905 quod
928 850 983 906 per
997 849 1052 890 vos
1065 840 1194 907 propter
1206 835 1325 890 bonum
1338 834 1421 905 pacis
1435 847 1504 905 par-

239 942 321 998 cium
347 941 558 1014 predictarum
577 956 683 997 amore
701 941 873 997 communis
891 941 1008 997 iusticie
1025 941 1232 997 amicabiliter
1247 940 1364 996 honore
1380 955 1504 1011 semper

240 1063 302 1119 quo
326 1046 414 1104 decet
445 1047 598 1119 premisso
629 1046 796 1102 transmitti
828 1046 989 1119 postulans
1020 1045 1267 1103 adiudicavimus
1303 1044 1368 1101 lore
1392 1044 1504 1117 deponi

239 1151 416 1209 debendum
440 1166 527 1208 more
551 1152 643 1208 solito
667 1151 697 1207 in
722 1151 837 1208 talibus
860 1150 928 1208 fieri
952 1158 1105 1207 consuetu.
1135 1151 1194 1206 Pro
1217 1166 1253 1207 eo
1277 1155 1395 1206 vestras
1418 1165 1504 1205 reve-

238 1258 349 1315 rendas
372 1258 403 1314 iu
427 1257 551 1314 Christo
574 1257 795 1313 honoraciores
819 1256 1014 1329 presentibus
1036 1262 1177 1328 petemus
1200 1256 1366 1312 affectuose
1389 1262 1419 1311 et
1435 1254 1504 1311 dili·

238 1374 353 1436 genter,
377 1372 527 1435 quatenus
550 1368 689 1419 vestrum
710 1362 839 1419 mittatis
855 1362 1013 1419 hominem
1029 1361 1069 1417 ad
1086 1362 1236 1434 premissa
1253 1377 1309 1433 pro
1328 1361 1504 1418 testimonio

239 1468 302 1526 fide
333 1468 471 1540 dignum,
503 1483 608 1525 coram
636 1483 698 1540 quo
722 1468 906 1539 preallegati
930 1467 1047 1524 domini
1072 1467 1110 1524 de
1134 1467 1216 1524 dicto
1240 1468 1376 1541 capitulo
1400 1482 1504 1538 zagra-

240 1575 345 1644 biensi,
369 1573 515 1630 videlicet
538 1573 600 1630 duo
623 1574 654 1630 in
677 1573 879 1645 dignitatibus
902 1573 995 1645 positi
1026 1579 1055 1628 et
1078 1573 1133 1628 alii
1155 1572 1217 1628 duo
1233 1572 1392 1644 simplices
1415 1586 1503 1639 cano·

238 1682 298 1738 nici
323 1679 514 1753 prebendati,
549 1687 682 1752 quatuor
706 1680 846 1753 ipsorum
870 1679 1051 1735 innumero
1076 1695 1214 1751 persone,
1239 1680 1314 1735 bora
1339 1679 1503 1735 terciarum

239 1803 349 1859 magne
374 1787 474 1858 misse,
498 1786 528 1842 in
552 1787 647 1842 choro
671 1785 899 1858 suprapelliciis
926 1784 1023 1841 induti
1056 1794 1085 1841 et
1117 1785 1228 1842 stolam
1262 1786 1291 1840 in
1314 1785 1397 1841 collo
1420 1792 1451 1840 et
1474 1785 1504 1840 in

240 1892 384 1948 manibus
407 1898 560 1962 gestantes
585 1898 614 1946 et
637 1891 668 1947 in
692 1890 793 1946 stallis
817 1891 953 1964 propriis
970 1906 1063 1962 super
1079 1890 1193 1947 eisdem
1212 1889 1339 1947 decimis
1356 1889 1394 1945 de
1409 1889 1504 1945 Daui·

242 1996 334 2054 dolch
358 2012 393 2053 ac
416 2002 500 2053 recta
523 2003 552 2052 et
576 1996 678 2067 equali
703 1995 867 2053 medietate
890 1996 1081 2053 decimarum
1105 1996 1143 2052 de
1167 1997 1264 2053 vineis
1280 1997 1426 2053 territorii
1443 1995 1504 2053 vici

239 2103 441 2170 Latinorum;
460 2118 554 2174 super
578 2102 696 2174 campis
719 2107 823 2158 autem
846 2111 875 2158 et
900 2103 989 2159 terris
1014 2102 1251 2175 Bakanyapolya
1275 2111 1304 2158 et
1320 2100 1433 2173 Ztruga
1450 2116 1504 2157 vo-

238 2209 313 2265 catis
336 2209 367 2266 in
391 2207 469 2265 facie
492 2206 631 2264 eiusdem
656 2213 735 2263 terre
758 2206 1000 2280 Bakonyapolya
1023 2215 1130 2264 vocate
1150 2208 1247 2264 semei
1264 2214 1382 2265 tantum
1401 2207 1504 2279 quoad

238 2315 348 2371 ambas
371 2314 540 2386 particulas
564 2320 716 2369 terrarum
750 2312 959 2384 predictarum
984 2306 1125 2390 (eisdem)
1149 2313 1283 2370 dominis
1306 2312 1345 2369 de
1368 2313 1505 2386 capitulo

239 2421 344 2476 valere
367 2426 397 2475 et
419 2419 592 2490 suffragare
627 2433 684 2490 pro
714 2434 759 2488 eo,
792 2420 864 2491 quia
895 2435 955 2475 uno
987 2427 1016 2475 et
1043 2419 1151 2475 eodem
1184 2419 1234 2477 die
1257 2435 1351 2492 super
1375 2427 1505 2491 utraque

240 2525 394 2598 particula
425 2529 578 2581 terrarum
609 2523 820 2598 predictarum
851 2526 954 2597 ipsum
983 2527 1190 2582 iuramentum
1214 2525 1343 2582 comode
1366 2532 1505 2597 prestare

239 2636 269 2686 et
292 2630 448 2703 deponere
471 2645 532 2686 non
554 2636 689 2703 possent,
718 2631 987 2703 iuramentumque
1011 2637 1144 2703 quatuor
1167 2631 1277 2687 talium
1301 2645 1504 2704 personarum

239 2735 376 2811 prefatas
407 2736 577 2809 particulas
608 2741 689 2792 terre
724 2745 854 2809 propter
884 2738 1023 2809 ipsarum
1055 2736 1255 2808 exiguitatem
1287 2741 1388 2809 potest
1421 2736 1505 2793 licite

239 2841 516 2915 comprehendere;
539 2841 684 2898 similiter
704 2841 766 2898 duo
791 2842 821 2899 in
844 2839 1058 2919 digni(tatibus
1081 2836 1186 2917 positi)
1210 2848 1239 2898 et
1263 2842 1315 2898 alii
1337 2841 1399 2897 duo
1415 2856 1504 2898 cano-

239 2949 299 3007 nici
323 2945 515 3021 prebendati,
539 2951 673 3018 quatuor
695 2948 837 3020 ipsorum
863 2963 1001 3010 numero.
1025 2949 1157 3020 cingulis
1180 2947 1346 3017 dissolutis,
1372 2947 1505 3020 pedibus

238 3053 438 3111 discalceatis.
462 3053 678 3125 capitibusque
698 3053 736 3110 de
753 3053 861 3110 eadem
878 3060 959 3110 terra
975 3062 1173 3127 apponentes,
1190 3053 1384 3110 decrevimus
1400 3055 1503 3126 ipsum

238 3160 446 3217 iuramentum
479 3157 579 3215 facere
612 3168 640 3215 et
669 3159 824 3232 deponere
859 3158 991 3215 debeant
1022 3165 1051 3215 et
1086 3166 1253 3229 teneantur,
1289 3175 1324 3215 eo
1360 3159 1505 3216 videlicet

239 3262 342 3334 modu,
367 3262 450 3335 quod
475 3262 581 3319 eedem
606 3262 727 3320 decime
751 3264 789 3321 de
812 3264 987 3321 Dauidolch
1011 3281 1046 3321 ac
1069 3273 1153 3321 recta
1174 3273 1203 3321 et
1220 3265 1339 3337 equalis
1355 3264 1504 3321 medietas

238 3368 429 3425 decimarum
461 3362 511 3444 (de
541 3370 639 3426 vineis
674 3363 833 3446 terri)torii
863 3371 923 3428 vici
955 3371 1134 3427 latinorum
1166 3387 1201 3427 ac
1233 3373 1336 3443 campi
1368 3377 1399 3427 et
1423 3379 1503 3427 terre

238 3473 478 3547 Bakanyapolya
509 3481 539 3531 et
570 3475 683 3546 Ztruga
714 3477 880 3549 appellate,
912 3478 987 3549 ipsis
1018 3477 1152 3533 dominis
1175 3477 1213 3532 de
1237 3477 1375 3549 capitulo
1399 3492 1503 3548 zagra·

241 3580 338 3637 biensi
370 3596 450 3637 nunc
481 3583 676 3653 presentibus
708 3584 861 3655 pertinere
893 3583 1024 3640 debeant
1055 3592 1085 3640 et
1111 3585 1340 3640 successoribus
1364 3585 1504 3655 ipsorum

239 3685 277 3742 de
301 3686 367 3756 iure
389 3701 425 3741 ac
448 3686 546 3742 eciam
569 3687 840 3759 predecessoribus
857 3689 1038 3745 eorumdem
1063 3689 1264 3761 pertinuerint
1289 3689 1327 3746 de
1343 3690 1409 3745 iure
1434 3690 1504 3745 abs-

237 3807 297 3863 que
320 3789 429 3848 iraudc
451 3798 481 3848 et
504 3792 645 3863 ipsorum
668 3809 773 3850 mense
797 3795 971 3867 capitulari,
997 3800 1026 3850 et
1048 3795 1175 3866 posthec
1201 3795 1300 3866 ipsam
1326 3795 1504 3852 huiusmodi

237 3897 474 3955 iuramentalem
498 3892 740 3974 (deposicionem
764 3891 793 3975 a)
817 3900 908 3956 vobis
932 3901 962 3956 in
986 3900 1097 3955 vestris
1115 3899 1224 3955 litteris
1241 3906 1371 3972 propter
1387 3901 1503 3957 bonum

238 4003 323 4075 pacis
353 4003 502 4074 parcium,
526 4010 559 4059 ut
588 4004 767 4075 predicitur,
797 4005 1016 4077 predictarum,
1040 4004 1166 4061 domino
1198 4014 1303 4063 nostro
1334 4008 1398 4078 regi
1430 4006 1505 4063 fide·

237 4107 310 4165 liter
332 4114 363 4164 et
385 4108 474 4165 nobis
498 4109 627 4166 rescribi
657 4111 821 4167 humilime
854 4112 1056 4183 postulamus.
1077 4111 1193 4167 Datum
1217 4111 1376 4182 Zagrabie,
1401 4112 1430 4168 in
1455 4127 1505 4169 oc-

237 4215 316 4271 tavis
340 4214 409 4271 testi
440 4215 580 4272 omnium
612 4223 796 4274 sanctorum.
824 4219 913 4274 Anno
937 4216 1054 4273 domini
1079 4217 1247 4273 millesimo
1271 4217 1348 4273 CCC
1372 4234 1503 4290 nonage-

238 4319 318 4376 simo
346 4320 457 4393 primo.

324 4454 345 4502 E
370 4460 533 4520 transumpto
559 4456 636 4522 capit.
663 4457 843 4520 quinquueccl.
863 4473 930 4507 anuo
960 4467 1032 4519 1392.
1058 4457 1087 4506 In
1108 4458 1177 4506 arch.
1204 4458 1318 4523 archiep.
1343 4459 1495 4513 Decimalia.

238 4540 299 4592 fasc.
322 4541 342 4592 Ι.
361 4558 400 4593 nr.
421 4551 443 4597 7.
