3488 5242
651 359 723 416 Doc.
741 356 818 436 308.
846 394 883 402 -
909 359 1080 440 Αη.1380.
1440 383 1495 441 29¹

236 557 296 613 lius
320 557 455 614 creditur
485 558 616 615 invitari.
647 559 744 630 Igitur
774 558 885 616 fratres
916 567 945 618 et
975 560 1093 619 domini
1123 562 1182 619 hiis
1213 563 1348 635 pensatis
1379 568 1409 620 et
1433 561 1502 620 dili·

236 668 343 733 genter
366 663 396 720 in
420 665 604 720 memoriam
628 663 767 735 redactis,
791 680 926 723 unacum
942 666 1173 724 venerabilibus
1190 665 1338 724 fratribus
1361 667 1452 725 nobis
1469 669 1500 725 in

236 767 361 825 Christo
385 768 564 838 karissimis,
593 768 738 827 videlicet
769 769 918 829 dominis:
948 772 1077 830 Nicolao
1104 773 1271 846 preposito,
1301 773 1440 854 Johanne
1464 772 1502 831 de

235 873 398 945 Pensauro,
423 874 619 932 decretorum
643 875 776 946 doctore,
801 877 925 947 lectore,
949 878 1047 935 Paulo
1063 885 1186 935 cantore
1203 885 1233 935 et
1248 879 1318 936 aliis
1340 879 1501 951 archidya-

236 981 320 1037 conis
344 985 374 1037 et
397 981 550 1038 canonicis
573 987 676 1038 nostre
699 980 780 1039 dicte
810 983 937 1041 ecclesie
967 984 1043 1041 inito
1066 990 1096 1041 et
1118 984 1234 1054 habit0,
1266 982 1439 1042 deliberato
1462 1000 1498 1042 ac

236 1082 354 1157 digesto
385 1086 522 1158 consilio,
554 1086 670 1143 eisdem
701 1087 835 1151 dominis
866 1087 1157 1147 fratribusnostris
1178 1088 1212 1147 id
1235 1090 1499 1147 consencientibus

237 1196 267 1247 et
290 1205 397 1247 eorum
422 1191 604 1248 benivolum
628 1207 663 1248 ac
687 1192 844 1250 salubrem
876 1209 1059 1252 consensum
1090 1195 1129 1252 ad
1160 1196 1219 1252 hoc
1245 1195 1448 1269 prebentibus
1469 1203 1499 1253 et

235 1313 290 1353 nos
313 1297 353 1354 ad
376 1314 411 1355 ea
435 1298 501 1372 ipsa
525 1298 672 1356 instanter
702 1299 903 1357 invitantibus
935 1300 1113 1357 huiusmodi
1141 1301 1318 1358 societatem
1345 1317 1398 1358 seu
1421 1301 1497 1359 fide·

235 1403 312 1459 lium
336 1405 619 1476 congregacionem,
650 1405 809 1477 wlgariter
840 1404 990 1463 kalandas
1020 1411 1170 1477 vocatam,
1198 1405 1343 1464 videlicet
1366 1408 1397 1465 in
1421 1406 1499 1465 festo

237 1509 405 1566 beatissimi
426 1510 577 1591 Jeronimi
600 1509 735 1568 doctoris
755 1518 784 1568 et
801 1511 870 1567 aliis
887 1511 1008 1569 duobus
1024 1511 1134 1569 diebus
1149 1512 1347 1570 inmedietate
1371 1528 1499 1586 sequen-

235 1615 317 1672 tibus
341 1631 465 1689 semper
488 1614 601 1673 amodo
632 1623 662 1672 et
693 1615 836 1690 deinceps
867 1617 1008 1689 quolibet
1038 1632 1118 1674 anno
1149 1618 1312 1675 statuimus
1340 1619 1497 1676 celebran-

235 1718 307 1777 dam
330 1736 427 1793 acque
462 1722 555 1778 modo
579 1720 658 1778 infra
682 1720 888 1795 specificando
923 1722 962 1778 ad
985 1723 1135 1780 honorem
1158 1723 1378 1797 omnipotentis
1400 1724 1450 1782 dei
1471 1730 1500 1782 et

235 1826 301 1883 eius
324 1827 479 1898 genitricis
502 1827 646 1899 gloriose,
677 1843 794 1884 necnon
826 1828 868 1885 ob
898 1829 1105 1885 reverenciam
1136 1829 1320 1886 sanctissimi
1351 1828 1497 1904 Stephani

234 1932 324 2003 regis,
348 1932 428 1989 dicte
452 1933 579 1990 ecclesie
602 1938 704 1990 nostre
729 1933 850 2006 patroni
873 1933 1026 2006 specialis,
1051 1948 1108 2007 pro
1132 1934 1231 1990 salute
1254 1948 1378 2007 quoque
1404 1942 1498 2008 atque

234 2036 382 2109 suffragio
406 2039 545 2095 omnium
576 2043 753 2095 nostrorum
789 2039 964 2095 vivencium
996 2044 1088 2111 atque
1115 2037 1340 2111 defunctorum,
1364 2056 1497 2113 quorum

233 2142 403 2213 gaudemus
426 2143 583 2201 beneficiis
607 2150 636 2201 et
659 2150 867 2201 sustentamur
897 2144 1082 2214 elemosinis,
1103 2161 1160 2218 per
1190 2160 1245 2201 nos
1268 2151 1297 2202 et
1321 2145 1419 2203 dictos
1442 2146 1495 2203 do·

233 2249 333 2305 minos
357 2248 468 2307 iratres
489 2266 524 2306 ac
543 2250 621 2306 alios
645 2250 897 2323 supervenientes
920 2250 1097 2307 huiusmodi
1122 2256 1224 2307 nostre
1248 2252 1497 2323 congregacionis

233 2357 390 2412 consocios
413 2361 443 2413 et
466 2355 635 2413 confratres
658 2362 779 2412 nostros
802 2356 932 2427 singulis
955 2362 985 2413 et
1008 2357 1201 2429 quibuslibet
1224 2358 1310 2414 annis
1333 2356 1497 2414 colendam

233 2468 263 2518 et
287 2462 517 2520 decantandam.
541 2463 645 2519 Primo
670 2464 763 2534 igitur
787 2477 850 2531 nos,
875 2464 927 2534 qui
949 2463 1125 2520 huiusmodi
1152 2463 1277 2520 salubre
1293 2462 1499 2521 ordinacionis

233 2568 373 2625 conditor
395 2569 461 2626 fore
486 2569 636 2639 videmur,
661 2570 763 2642 prima
790 2568 840 2625 die
872 2568 1026 2626 dictorum
1054 2569 1147 2626 trium
1172 2568 1301 2639 dierum,
1325 2569 1442 2626 scilicet
1466 2570 1495 2626 in

234 2672 311 2730 festo
335 2675 416 2731 beati
439 2675 588 2756 Jeronimi
612 2673 796 2731 confessoris
831 2689 888 2747 pro
921 2680 1025 2731 nostra
1048 2680 1078 2731 et
1101 2674 1354 2747 predecessorum
1378 2679 1498 2732 nostro·

232 2795 302 2835 rum
327 2780 489 2836 animabus
513 2796 582 2836 cum
614 2781 781 2837 missarum
811 2780 1030 2845 celebracione,
1065 2780 1304 2837 elemosinarum
1329 2780 1497 2851 largicione

233 2890 262 2940 et
286 2901 458 2958 pauperum
484 2885 699 2942 refocilacione
720 2900 792 2941 cum
816 2886 952 2959 propriis
975 2885 1087 2942 nostris
1117 2885 1278 2958 stipendiis
1302 2892 1332 2942 et
1355 2886 1498 2958 expensis

233 2991 462 3048 celebrabimus
485 2997 515 3047 et
538 2992 696 3047 celebrare
720 2990 885 3060 faciemus;
910 2991 987 3047 alios
1011 3005 1086 3048 vero
1109 2991 1187 3048 duos
1203 2989 1268 3048 dies
1284 2997 1445 3063 sequentes
1460 2990 1499 3048 de

232 3097 322 3154 bonis
347 3098 404 3170 ipsi
430 3098 565 3154 societati
590 3097 728 3168 elargitis
744 3102 774 3154 et
790 3096 976 3169 elargiendis
992 3112 1063 3154 cum
1080 3096 1169 3153 dictis
1192 3096 1327 3153 dominis
1350 3095 1498 3154 fratribus

232 3203 345 3259 nostris
368 3210 397 3260 et
421 3203 545 3274 decano,
578 3203 671 3261 modo
703 3217 765 3275 quo
796 3218 899 3277 supra,
932 3209 1024 3276 prout
1055 3204 1194 3276 ipsorum
1223 3202 1377 3260 bonorum
1397 3218 1430 3259 se
1454 3201 1498 3260 fa-

233 3310 331 3366 cultas
357 3310 505 3366 obtulerit
530 3310 730 3383 expediemus
754 3316 784 3366 et
807 3308 946 3381 expediri
979 3308 1143 3378 faciemus;
1174 3316 1204 3365 et
1226 3314 1334 3382 postea
1357 3322 1420 3379 nos,
1445 3309 1498 3380 qui

234 3415 305 3471 licet
330 3415 445 3487 indigni
470 3431 527 3489 pro
544 3417 678 3489 presenti
695 3417 766 3472 huic
781 3421 884 3471 sancte
900 3415 1052 3471 societatis
1069 3415 1199 3472 cenobio
1223 3421 1253 3471 et
1277 3415 1374 3472 tocius
1396 3415 1494 3471 nostri

233 3522 427 3594 episcopatus
451 3520 555 3578 officio
579 3522 763 3593 prelacionis
779 3522 809 3578 in
827 3520 877 3578 dei
893 3521 965 3592 iugo
986 3519 1145 3592 fungimur
1169 3520 1345 3577 insudantes
1368 3520 1497 3593 promit-

233 3627 326 3683 timus
343 3636 371 3683 et
388 3636 553 3700 spontanee
570 3627 755 3700 pollicemur
770 3627 899 3697 singulis
916 3627 1003 3682 annis
1019 3640 1180 3698 quousque
1194 3624 1338 3682 dominus
1353 3639 1410 3682 nos
1424 3625 1497 3681 sinit

232 3732 262 3787 in
286 3733 429 3789 humanis
444 3748 632 3805 permanere,
649 3747 745 3788 unum
763 3731 912 3788 florenum
934 3732 964 3788 in
980 3746 1056 3787 auro
1079 3737 1109 3788 et
1132 3730 1239 3802 viginti
1257 3729 1388 3786 cubulos
1412 3730 1495 3798 vini;

233 3837 305 3893 item
330 3839 462 3910 quilibet
485 3838 638 3895 dictorum
662 3837 859 3894 dominorum
884 3835 1016 3893 fratrum
1040 3843 1216 3893 nostrorum
1241 3835 1279 3892 de
1302 3835 1440 3908 capitulo
1463 3835 1495 3892 in

233 3943 380 4015 dignitate
404 3946 532 4016 positus,
560 3944 697 4001 medium
721 3942 871 4000 tlorenum
895 3948 924 4000 et
947 3943 1053 4000 decem
1079 3943 1209 3999 cubulos
1234 3942 1313 4010 vini;
1336 3941 1495 4014 simplices

233 4065 308 4107 vero
331 4052 467 4107 canonici
496 4057 638 4122 quartam
667 4055 786 4123 partem
816 4050 905 4105 unius
929 4048 1034 4105 lloreni
1056 4054 1085 4104 et
1109 4048 1245 4121 quinque
1268 4046 1399 4104 cubulos
1430 4047 1494 4104 vini

233 4154 360 4213 domino
389 4156 504 4214 decano
527 4173 606 4214 nunc
630 4157 794 4213 constituto
818 4162 847 4211 et
872 4155 1011 4212 inantea
1035 4153 1246 4211 constituendo
1270 4153 1343 4210 dare
1367 4159 1397 4209 et
1419 4152 1492 4209 assi-

232 4277 326 4332 gnare
343 4264 517 4320 tenebimur
533 4269 563 4319 et
580 4264 772 4330 tenebuntur,
790 4276 845 4334 per
861 4261 964 4334 ipsum
984 4258 1145 4317 dominum
1169 4259 1319 4316 decanum
1336 4257 1494 4332 prodicta

232 4368 370 4440 ipsarum
394 4369 630 4426 kalandinarum
661 4369 805 4426 societate
844 4365 1072 4424 conservandas
1102 4371 1132 4423 et
1164 4373 1257 4439 prout
1288 4364 1388 4422 eidem
1412 4366 1493 4421 salu·

234 4475 320 4532 brius
345 4473 501 4531 videbitur
531 4473 753 4548 dispensandas
785 4474 901 4547 pariter
931 4479 960 4528 et
991 4470 1162 4543 augendas,
1192 4467 1389 4543 prebendarii
1420 4483 1495 4527 vero

232 4580 312 4638 dicte
336 4588 438 4638 nostre
459 4581 587 4637 ecclesie
610 4584 640 4637 et
662 4579 716 4636 alii
739 4577 912 4636 sacerdotes
943 4583 973 4634 et
1003 4576 1107 4633 clerici
1136 4577 1168 4633 in
1191 4577 1292 4649 ipsam
1315 4575 1492 4632 societatem

232 4687 407 4757 ingressuri,
431 4701 489 4760 pro
512 4686 681 4759 premissis,
705 4684 731 4742 si
758 4684 933 4754 maluerint,
954 4687 1043 4739 erunt
1073 4681 1204 4754 obligati
1234 4685 1328 4754 prout
1358 4678 1495 4750 inferius,

232 4791 261 4848 id
288 4792 390 4865 ipsum
413 4792 559 4849 duximus
582 4789 803 4848 declarandum
827 4789 923 4846 Porro
947 4803 1017 4846 nea
1034 4786 1212 4845 huiusmodi
1234 4785 1370 4843 salubris
1389 4784 1496 4842 statuti

1376 4888 1389 4917 Ο
