3488 5242
547 325 620 382 Doc.
645 336 716 401 240.
741 335 810 401 241.
837 356 873 364 -
900 322 956 380 An.
978 317 1193 399 1358-1359·
1439 337 1497 392 215

238 526 412 582 absenciam
437 524 534 597 sigilli
557 524 662 592 nostri,
694 537 766 579 cum
789 521 895 595 sigillo
921 521 1095 578 Leustachii
1118 521 1191 577 bani
1213 519 1342 577 fecimus
1365 535 1503 577 commu·

235 632 301 689 niri.
325 631 442 687 Datum
474 630 503 687 in
535 629 644 698 Crisi0,
675 628 751 685 seria
775 628 869 685 tercia
890 627 1035 701 proxima
1062 630 1132 699 post
1156 626 1344 683 dominicam
1368 625 1503 683 Remini·

236 753 327 794 scere.
353 738 443 793 Anno
467 735 604 792 MCCCL
626 741 744 792 octavo.

325 853 464 917 Originalc
491 852 517 902 in
541 852 638 902 charta.
667 854 690 901 A
719 857 795 917 tergo
820 851 962 916 vestigium
988 851 1107 916 impressi
1137 849 1229 914 sigilli.
1257 849 1287 899 ln
1314 848 1424 898 archivo
1443 849 1459 897 l.
1480 865 1501 897 r.

237 942 285 992 civ.
306 941 409 1006 zagrab.

820 1100 913 1167 240.

343 1264 419 1310 Anno
442 1262 516 1319 1358,
535 1262 558 1309 ό.
579 1259 701 1324 Augusti.
722 1260 802 1325 Apud
822 1259 921 1309 Villam
941 1276 1043 1310 novam.

324 1391 469 1447 Ladislao
493 1391 639 1462 episcopo
664 1390 879 1462 vesprimiensi
912 1391 1104 1446 Innocentius
1128 1390 1177 1446 Vl.
1202 1405 1284 1463 papa
1312 1389 1447 1458 mandat,
1470 1396 1504 1446 ut

237 1498 364 1555 Nicolao
389 1496 526 1567 Dragoik
549 1497 694 1552 canonico
722 1496 868 1551 ecclesiae
895 1496 1092 1565 ehamensis,
1116 1496 1324 1567 zagrabiensis
1347 1494 1502 1565 dioecesis,

235 1601 436 1676 provideatur
460 1601 498 1657 de
522 1603 702 1658 canonicatu
727 1602 756 1658 in
780 1599 889 1659 eadem
912 1604 1040 1660 ecclesia
1063 1604 1262 1676 zagrabiensi.

325 1723 355 1768 A.
370 1719 491 1768 Theiner.
513 1719 582 1768 Mon.
596 1719 684 1781 Hung.
706 1717 765 1768 hist.
784 1719 817 1768 11.
838 1736 862 1784 p.
877 1729 917 1778 37.

822 1951 906 2017 241.

342 2061 417 2107 Anno
441 2066 515 2118 1359,
535 2063 575 2109 27.
595 2056 759 2120 septembris.

258 2185 421 2241 Ludooicus
445 2184 621 2255 Hungarrire
643 2191 690 2240 etc.
714 2203 776 2252 rex,
800 2184 942 2241 libertates
964 2185 1071 2241 civibus
1104 2183 1313 2241 Greclrenst‘bus
1336 2186 1402 2241 olim
1425 2203 1488 2242 con·

671 2307 772 2354 cessas,
795 2290 887 2346 (renuo
909 2291 1067 2364 confimat.

324 2434 497 2491 Lodouicus
521 2432 570 2489 dei
594 2433 697 2504 gracia
721 2433 887 2504 Hungarie,
910 2433 1081 2503 Dalmacie,
1105 2432 1241 2501 Croacie,
1265 2433 1370 2503 Rame,
1387 2432 1503 2503 Seruie,

236 2541 376 2610 Gallicie‚
402 2540 592 2609 Lodomerie,
617 2538 764 2595 Comanie
789 2538 995 2611 Bulgarieque
1019 2555 1081 2609 rex,
1111 2540 1254 2612 princeps
1277 2537 1503 2597 Sallemitanus

236 2655 265 2704 et
289 2647 423 2704 Honoris
446 2663 481 2701 ac
506 2645 618 2702 montis
642 2646 738 2702 sancti
756 2645 867 2717 Angeli
884 2643 1036 2701 dominus.
1053 2644 1206 2702 Omnibus
1223 2643 1339 2702 Christi
1355 2644 1503 2703 fidelibus

237 2764 299 2810 tam
325 2752 519 2825 presentibus
541 2767 633 2824 quam
659 2750 770 2808 futuris
794 2751 989 2824 presencium
1022 2751 1166 2808 noticiam
1195 2751 1347 2808 habituris
1370 2753 1503 2809 salutem

237 2862 267 2917 in
291 2860 430 2915 omnium
455 2859 617 2914 salvatore.
642 2857 771 2928 Regiam
795 2856 882 2913 decet
898 2856 1124 2913 sublimitatem
1141 2856 1338 2914 subditorum
1357 2858 1418 2914 sibi
1433 2873 1503 2930 pre·

237 2967 332 3035 cibus,
358 2965 520 3039 presertim
545 2964 655 3020 horum
680 2964 789 3020 talium
814 2964 866 3035 qui
893 2963 994 3034 dignis
1019 2964 1136 3021 meritis
1164 2978 1237 3035 erga
1267 2964 1385 3035 regiam
1409 2964 1502 3021 maie·

237 3078 348 3128 statem
371 3071 566 3139 adiuvantur,
591 3070 677 3142 pium
694 3069 842 3126 inclinare
858 3068 1008 3139 auditum,
1025 3069 1097 3140 quia
1113 3068 1189 3125 dum
1207 3069 1282 3141 ipsis
1306 3067 1503 3127 concedimus

238 3178 405 3246 libertates,
430 3177 505 3233 dum
531 3191 727 3233 removemus
751 3175 904 3238 scandala.
925 3175 1001 3232 dum
1025 3175 1218 3232 admittimus
1235 3174 1318 3246 quod
1337 3184 1502 3246 merentur,

237 3298 292 3340 nos
317 3284 347 3340 in
371 3298 477 3339 eorum
503 3283 604 3354 quiete
628 3282 815 3354 quiescimus
839 3288 868 3337 et
893 3281 1036 3339 fovemur
1059 3283 1089 3338 in
1114 3297 1196 3354 pace.
1223 3281 1353 3340 Proinde
1376 3280 1416 3338 ad
1437 3283 1503 3339 uni·

238 3404 399 3445 versorum
424 3389 569 3445 noticiam
603 3389 712 3444 harum
744 3387 822 3444 serie
854 3388 999 3443 volumus
1030 3388 1210 3460 pervenire:
1242 3388 1324 3461 quod
1356 3389 1503 3460 magister

238 3494 354 3564 Petrus,
378 3494 462 3551 filius
485 3494 607 3565 Ligerii,
633 3492 724 3550 iudex
748 3493 882 3549 civitatis
904 3498 1007 3549 nostre
1031 3492 1201 3561 Greeensis,
1218 3493 1350 3551 dilectus
1367 3495 1456 3551 nobis
1473 3501 1502 3551 et

239 3600 339 3657 tidelis
363 3601 392 3657 in
417 3616 472 3657 sua
496 3616 530 3655 ac
554 3600 651 3656 tocius
682 3598 914 3655 communitatis
945 3599 1061 3655 civium
1084 3604 1113 3656 et
1137 3600 1294 3673 hospitum
1324 3607 1503 3657 nostrorum

238 3706 380 3762 fidelium
404 3705 442 3761 de
465 3704 573 3761 eadem
597 3705 745 3777 personis,
776 3703 813 3760 ad
847 3710 950 3761 nostre
980 3705 1151 3761 serenitatis
1182 3705 1355 3763 accedendo
1379 3721 1503 3779 presen-

239 3813 327 3879 ciam,
351 3811 492 3868 exhibuit
515 3810 604 3866 nobis
628 3808 778 3882 quasdam
803 3810 922 3866 litteras
945 3817 1065 3867 nostras
1089 3816 1226 3885 patentes
1250 3827 1344 3884 super
1371 3811 1502 3868 diversis

238 3935 345 3976 eorum
371 3918 568 3975 libertatibus
592 3916 745 3974 coniectas
769 3923 799 3972 et
822 3923 995 3986 emanatas;
1019 3916 1137 3974 litteras
1168 3917 1379 3990 privilegiales
1405 3919 1503 3975 eciam

238 4025 417 4081 excellentis
448 4030 477 4079 et
510 4022 667 4094 magnifici
700 4022 849 4094 principis
879 4021 997 4078 domini
1027 4022 1143 4093 Karoli,
1175 4024 1261 4094 olym
1294 4024 1391 4080 incliti
1421 4024 1503 4095 regis

239 4131 405 4202 Hungarie,
429 4129 576 4201 genitoris
600 4129 695 4185 nostri
719 4127 875 4185 karissimi
899 4128 997 4185 felicis
1019 4129 1252 4198 recordacionis,
1276 4131 1503 4201 confirmantes,

239 4237 352 4293 tenoris
375 4235 598 4308 subsequentis,
623 4235 802 4306 supplicans
826 4240 931 4291 nostro
959 4234 1088 4292 culmini
1119 4235 1202 4292 idem
1226 4236 1373 4307 magister
1397 4236 1504 4293 Petrus

239 4344 350 4400 humili
375 4358 502 4416 precum
528 4342 675 4398 instancia
698 4345 728 4397 et
751 4341 872 4410 devota,
896 4347 929 4398 ut
952 4340 1049 4397 dictas
1066 4341 1184 4398 litteras
1204 4348 1348 4414 paternas
1363 4347 1393 4398 et
1410 4342 1502 4399 liber·

239 4456 316 4506 tates
340 4447 520 4505 eorumdem
545 4447 661 4504 civium
685 4447 715 4503 in
739 4446 856 4503 eisdem
887 4462 1056 4521 expressas,
1080 4448 1121 4504 ob
1144 4448 1295 4504 maiorem
1322 4447 1502 4505 earumdem

240 4556 420 4612 libertatum
445 4554 714 4610 conservacionem
738 4560 768 4610 et
791 4553 983 4610 evidenciam
1006 4552 1177 4611 firmiorem
1198 4560 1366 4627 acceptare,
1390 4568 1503 4628 appro-

241 4662 323 4731 bare,
348 4660 501 4718 ratificare
524 4665 554 4716 et
576 4665 681 4716 nostro
705 4674 763 4732 pro
787 4659 862 4732 ipsis
883 4658 1031 4717 fidelibus
1055 4659 1176 4717 civibus
1198 4659 1312 4718 nostris
1333 4675 1503 4733 eorumque

240 4768 372 4844 posteris
405 4766 604 4838 dignaremur
633 4764 800 4838 privilegio
830 4763 1022 4823 confirmare.
1054 4764 1193 4838 Quarum
1225 4769 1314 4822 tenor
1343 4765 1415 4823 talis
1440 4770 1504 4824 est:
