3488 5242
627 339 700 399 Duc.
724 353 793 419 214.
815 375 857 384 —
880 339 936 400 An.
960 352 1048 420 1347.

795 537 878 602 214.

310 679 386 727 Anno
408 685 481 739 1347,
500 676 524 725 ὁ.
544 677 698 727 decembris.
717 677 871 743 Zagrabiae.

234 805 365 880 lacobus
386 807 466 878 episc.
494 806 611 878 zagrab.
635 807 681 863 ius
694 813 871 880 patronatus
893 805 1045 878 erigendae
1059 804 1220 878 parochiae
1241 823 1263 862 s.
1280 803 1432 880 Johannis

489 914 519 968 in
542 930 618 969 nova
642 913 714 969 ur'lln
740 908 915 985 Zagrabiue,
936 911 1061 985 capitulo
1083 911 1189 968 tribuit.

290 1072 424 1154 Jacobus
448 1072 497 1129 dei
520 1079 550 1130 et
572 1073 741 1146 apostolice
757 1072 838 1131 sedis
853 1073 957 1145 gracia
979 1072 1186 1145 zagrabiensis
1203 1072 1373 1146 episcopus.
1391 1072 1465 1132 Uni·

204 1178 300 1234 versis
324 1184 353 1234 et
375 1178 505 1249 singulis
536 1179 729 1252 presencium
761 1179 908 1236 noticiam
938 1179 1091 1236 habituris
1125 1179 1258 1236 salutem
1285 1178 1314 1235 in
1339 1177 1466 1236 domino

203 1284 431 1357 sempiternam.
454 1282 605 1356 Quamvis
629 1285 724 1341 sancti
748 1283 797 1341 dei
821 1283 913 1341 laude
937 1283 1030 1356 digna
1046 1299 1064 1340 a
1079 1285 1246 1342 christiano
1269 1285 1389 1358 populo
1405 1284 1465 1342 sint

203 1389 373 1445 extollendi
406 1390 436 1446 in
467 1390 565 1459 terris,
597 1391 649 1461 qui
682 1404 739 1462 pro
770 1390 838 1462 ipso
870 1389 988 1463 populo
1019 1390 1234 1447 intercessores
1261 1388 1467 1447 efficacissimi

205 1495 338 1551 existunt
375 1495 405 1551 in
441 1495 524 1566 celis
559 1494 684 1568 expedit
718 1499 821 1552 tamen
852 1495 980 1552 illorum
1010 1501 1187 1553 sanctorum
1219 1495 1383 1568 specialius
1415 1510 1469 1569 pa-

203 1601 331 1658 trocinia
355 1601 507 1672 invocare,
532 1602 586 1674 qui
609 1601 640 1658 in
664 1601 769 1658 celesti
792 1602 892 1675 patria
916 1603 1112 1674 prerogativa
1135 1603 1318 1659 choruscant
1340 1619 1397 1676 pre
1418 1618 1465 1659 ce-

202 1707 274 1764 teris
298 1707 452 1779 ampliori.
477 1706 674 1764 Beatissimus
698 1708 801 1779 itaque
822 1707 978 1790 Johannes
1001 1708 1145 1781 baptista,
1168 1707 1375 1765 sanctificatus
1399 1723 1464 1765 ma-

202 1813 257 1870 tris
281 1814 311 1871 in
335 1820 432 1883 uteru,
456 1812 634 1888 predicatur
657 1818 686 1870 et
702 1813 847 1884 creditur,
868 1829 940 1870 nam
957 1814 1042 1870 iuxta
1058 1811 1229 1870 Salvatoris
1245 1828 1370 1870 vocem:
1387 1815 1466 1870 inter

201 1923 289 1975 natos
312 1919 480 1976 mulierum
503 1934 564 1976 non
593 1919 726 1976 surrexit
757 1919 855 1977 maior
886 1934 930 1989 eo,
962 1925 992 1976 et
1022 1918 1092 1976 ideo
1121 1918 1254 1976 dubium
1276 1933 1337 1976 non
1361 1919 1463 1977 existit

202 2025 297 2096 ipsius
321 2026 440 2083 meritis
464 2031 493 2082 et
516 2026 661 2099 precibus
684 2025 808 2098 plebem
834 2023 952 2082 domiui
974 2026 1080 2098 parari
1110 2023 1290 2097 perfeccius,
1314 2040 1374 2097 que
1400 2025 1465 2082 eius

202 2130 349 2202 implorat
372 2131 524 2187 auxilium
549 2135 613 2186 toto
636 2128 737 2186 corde.
769 2128 817 2185 Ad
849 2128 1079 2202 implorandam
1112 2129 1206 2201 igitur
1228 2129 1363 2202 gloriam
1386 2130 1465 2187 eius·

201 2235 271 2291 dem
296 2235 413 2293 domini
438 2235 628 2308 precursoris
651 2236 680 2291 ln
705 2235 803 2304 terris,
828 2241 858 2292 et
874 2240 905 2291 ut
921 2235 1020 2291 honor
1043 2241 1146 2291 nostre
1169 2235 1296 2292 ecclesie
1319 2250 1465 2307 augmen·

201 2347 281 2398 tetur
303 2348 333 2399 et
356 2341 522 2399 comodum
554 2346 736 2415 procuretur
765 2339 1026 2414 precludaturque
1057 2341 1087 2397 in
1119 2345 1269 2412 quantum
1299 2346 1345 2398 est
1370 2342 1467 2414 possi-

202 2446 264 2503 bile
287 2447 524 2503 malefactorum
548 2446 657 2515 aditus,
682 2446 872 2502 honorabilis
896 2446 945 2502 vir
968 2445 1112 2503 dominus
1127 2446 1290 2528 johannes,
1311 2446 1461 2504 archidia-

200 2567 294 2608 conus
318 2552 356 2607 de
379 2552 530 2622 Guercbe,
554 2552 643 2608 nobis
666 2552 826 2608 humiliter
849 2552 1046 2625 supplicavit,
1073 2559 1223 2623 quatenus
1246 2552 1407 2609 ecclesiam
1432 2554 1463 2609 in

200 2658 315 2714 honore
339 2657 477 2714 eiusdem
502 2658 629 2729 gloriosi
654 2658 843 2730 precursoris
868 2656 1094 2714 hedificandam
1119 2656 1157 2713 de
1180 2672 1262 2715 novo
1296 2658 1393 2730 ipsius
1416 2675 1464 2715 ar-

199 2763 370 2820 chidiaconi
396 2764 556 2819 laboribus
580 2771 609 2819 et
633 2765 775 2835 expensis
799 2763 829 2819 in
852 2764 920 2819 loco
944 2762 1071 2832 decenti,
1093 2765 1123 2819 in
1147 2764 1303 2820 territorio
1330 2763 1461 2821 fratrum

198 2876 374 2926 nostrorum
398 2870 604 2939 zagrabiensis
632 2869 769 2941 capituli,
800 2869 829 2924 ln
863 2868 931 2925 loco
966 2868 1042 2925 ville
1072 2868 1110 2925 de
1133 2883 1215 2925 novo
1251 2869 1464 2941 congregande

198 2991 292 3047 supra
316 2977 419 3031 vicum
444 2974 623 3031 eorumdem
650 2974 779 3031 fratrum
797 2981 972 3030 nostrorum
991 2990 1097 3031 versus
1118 2981 1245 3043 montes,
1262 2973 1462 3046 dignaremur

199 3080 328 3152 aliquali
352 3081 477 3153 speciali
502 3081 699 3151 prerogativa
722 3079 874 3137 decorare.
906 3080 1001 3135 Cuius
1030 3094 1084 3135 nos
1108 3078 1228 3136 devotis
1252 3080 1395 3152 precibus
1418 3081 1462 3137 in·

198 3187 311 3255 clinati‚
334 3186 372 3242 de
396 3186 575 3242 eorumdem
609 3185 739 3243 fratrum
771 3194 948 3243 nostrorum
975 3187 1104 3243 consilio
1143 3192 1247 3243 tenore
1271 3187 1464 3260 presencium

197 3291 403 3350 concedimus.
428 3296 460 3347 ut
483 3292 580 3364 ipsIus
604 3293 731 3348 ecclesie
754 3290 947 3348 hedificande
970 3297 1071 3349 rector
1095 3307 1150 3364 per
1174 3298 1315 3366 tempora
1331 3293 1361 3349 in
1380 3291 1460 3349 futu·

197 3414 267 3455 rum
290 3399 399 3454 existat
421 3406 450 3454 et
474 3405 601 3455 vocetur
624 3397 790 3455 efficaciter
820 3399 973 3470 plebanus
1006 3405 1035 3454 et
1059 3399 1115 3455 illa
1138 3399 1282 3456 libertate
1304 3403 1334 3456 et
1356 3415 1463 3472 prero-

198 3504 302 3574 gativa
327 3503 466 3575 gaudeat,
493 3520 554 3574 qua
575 3505 667 3560 ceteri
689 3504 815 3575 plebani
839 3504 868 3560 in
891 3505 1004 3561 nostris
1028 3513 1057 3560 et
1081 3504 1208 3561 ecclesie
1228 3510 1331 3562 nostre
1347 3507 1461 3563 tenutis

200 3609 392 3681 prefulgent;
416 3610 513 3677 salve,
545 3609 628 3681 quod
660 3610 706 3665 ius
739 3614 917 3682 patronatus
948 3609 1086 3666 eiusdem
1117 3611 1245 3667 ecclesie
1273 3610 1313 3667 ad
1337 3611 1462 3669 eosdem

199 3714 308 3771 fratres
332 3717 528 3787 zagrabiense
552 3715 725 3788 capitulum
749 3715 899 3788 pertineat
924 3715 1017 3787 pleno
1040 3716 1113 3772 iure.
1131 3715 1382 3789 Quibusquidem
1398 3716 1457 3775 fra·

199 3822 297 3878 tribus
321 3822 432 3878 nostris
456 3820 660 3889 concedimus,
684 3820 766 3892 quod
792 3821 892 3893 ipsam
916 3821 1077 3877 ecclesiam
1092 3820 1320 3878 hedificandam
1344 3823 1462 3894 possint

197 3934 226 3983 et
252 3927 374 3982 valeant
397 3925 513 3993 dotare,
538 3932 630 3999 prout
653 3925 770 3982 eisdem
799 3925 956 3982 videbitur
987 3925 1141 3998 expedire.
1167 3925 1320 3982 Volumus
1346 3933 1462 3998 autem,

197 4033 278 4104 quod
305 4033 371 4088 iura
397 4032 586 4104 parochialia
609 4031 646 4088 ad
671 4032 772 4104 ipsam
796 4032 958 4088 ecclesiam
992 4030 1219 4089 hedificandam
1244 4032 1460 4090 tantummodo

196 4139 252 4194 illa
278 4139 458 4210 pertineant,
484 4153 544 4209 que
567 4139 736 4194 consistunt
760 4137 790 4193 in
815 4137 891 4193 locis
913 4143 943 4194 et
966 4137 1064 4207 terriS,
1089 4153 1149 4209 que
1172 4137 1242 4193 loca
1261 4143 1291 4194 et
1308 4138 1461 4195 territoria

196 4250 278 4300 mete
303 4260 374 4299 vere
399 4244 495 4315 ipsius
519 4258 598 4299 nove
623 4241 707 4312 ville,
731 4242 849 4314 absque
869 4248 974 4299 nostro
991 4242 1169 4314 preiudicio,
1186 4242 1459 4314 comprehendunt.

197 4350 228 4406 fn
252 4351 338 4407 cuius
363 4350 407 4405 rei
431 4350 614 4405 memoriam
638 4348 833 4421 presentibus
857 4348 994 4420 sigillum
1020 4352 1161 4404 nostrum
1182 4346 1328 4404 duximus
1344 4363 1460 4421 appen-

197 4454 342 4512 dendum.
366 4455 482 4511 Datum
506 4454 664 4525 Zagrabie‚
689 4453 738 4510 die
754 4459 840 4510 sexta
856 4454 969 4511 mensis
985 4452 1167 4510 decembris.
1184 4454 1275 4510 Anno
1291 4453 1460 4512 nativitatis

195 4559 313 4617 domini
337 4558 504 4616 MCCCXL
527 4559 668 4632 septimo.

284 4713 304 4761 E
324 4712 395 4762 libro
415 4713 540 4763 Statutor.
561 4712 639 4777 capit.
662 4712 766 4778 zagrab.
787 4728 811 4777 p.
832 4711 877 4763 IV.
897 4727 918 4762 c.
938 4710 1043 4762 XXIII.
1066 4711 1140 4778 Joan.
1166 4709 1282 4761 Tkaleic.
1302 4710 1372 4762 Mon.
1399 4711 1460 4767 hist.

194 4800 272 4867 episc.
292 4802 396 4866 zagrab.
413 4817 435 4850 v.
455 4799 488 4850 II.
509 4816 534 4865 p.
557 4811 614 4861 142.

1321 4916 1352 4969 13
