3488 5242
627 333 701 391 Doc.
724 346 795 412 242·
822 365 858 374 —
884 318 1053 409 An.1361'.
1411 351 1471 410 223

209 533 300 591 minis
323 533 463 607 ipsorum
487 531 576 589 dictis
599 532 736 601 civibus3
759 531 834 589 item
858 532 889 590 in
912 531 1072 590 corcordia
1087 548 1181 605 super
1203 533 1293 590 dictis
1308 533 1475 606 possessio-

207 640 299 697 nibus
330 638 453 696 Cobilia
476 643 506 695 et
529 637 676 695 Scuiblan
708 638 787 695 inter
809 638 894 712 ipsos
921 638 1006 695 cives
1028 644 1058 695 et
1081 638 1219 711 hospites
1241 639 1282 696 ab
1305 653 1374 708 una,
1402 639 1475 696 item

208 746 369 803 Matheum
392 750 422 802 et
444 743 625 802 Farlrasium
649 749 738 816 parte
760 745 801 801 ab
825 744 922 801 altera
949 759 1055 801 coram
1078 744 1140 801 iarn
1164 743 1247 800 dicto
1270 744 1477 815 zagrabiensis

208 851 336 909 ecclesie
367 851 505 924 capitulo
535 849 746 907 mediantibus
776 849 914 907 eiusdem
945 850 1073 923 capituli
1103 850 1214 907 litteris
1249 849 1337 920 facta,
1371 850 1477 922 aliqua

208 973 269 1014 non
291 957 438 1014 obviante
468 955 713 1013 contradiccione
743 971 925 1013 consensum
959 956 1120 1029 prebuisse
1141 961 1171 1013 et
1194 971 1361 1026 assensum,
1385 956 1477 1013 deno·

207 1069 297 1121 tatur.
331 1062 428 1135 Igitur
456 1063 561 1135 ipsum
592 1061 764 1135 capitulum
796 1061 891 1119 velud
921 1062 967 1120 rei
993 1062 1181 1120 consensisse
1202 1068 1232 1119 et
1255 1062 1424 1130 admisisse,
1448 1069 1477 1120 et

209 1176 338 1241 propter
369 1168 607 1225 taciturnitatem
639 1173 668 1224 et
699 1169 848 1241 temporis
879 1167 1112 1225 diuturnitatem
1149 1166 1265 1225 eisdem
1296 1168 1417 1226 civibus
1448 1176 1478 1226 et

208 1274 384 1347 hospitibus
408 1275 493 1331 iuxta
517 1273 752 1348 prescripcionis
776 1273 908 1331 formam
934 1281 1124 1348 perpetuate,
1148 1275 1178 1331 in
1203 1272 1284 1332 facto
1300 1275 1477 1350 calumpnie

208 1394 342 1436 unacum
373 1379 511 1453 prelatis
542 1379 712 1436 baronibus
741 1387 770 1436 et
801 1379 960 1437 nobilibus
986 1381 1072 1452 regni
1096 1381 1248 1438 annotatis
1281 1386 1403 1439 mature
1426 1382 1477 1439 de-

208 1484 361 1542 cernendo
383 1486 609 1542 commisissent
633 1484 699 1542 iore
729 1486 904 1542 convictum
929 1494 1035 1543 contra
1057 1487 1194 1559 hospites
1218 1485 1257 1544 de
1281 1485 1383 1545 Grech
1407 1504 1477 1562 pre·

208 1596 336 1647 notatos.
369 1590 509 1662 Quarum
539 1590 715 1647 litterarum
744 1591 998 1664 expedicionibus
1022 1591 1110 1649 iactis
1134 1602 1163 1649 et
1186 1608 1293 1650 earum
1317 1595 1475 1651 tenoribus

212 1698 383 1769 intellectis,
417 1696 549 1771 predicti
574 1697 690 1769 Petrus,
720 1697 804 1754 filius
828 1698 951 1769 Rubini‚
976 1699 1095 1770 MykuS,
1119 1697 1203 1755 filius
1227 1699 1319 1768 Iwan,
1343 1699 1474 1758 Bartuch

209 1810 238 1859 et
262 1805 404 1876 Mathyas
427 1805 589 1874 litteratus,
613 1803 698 1862 filius
721 1804 858 1874 Kuchne,
886 1811 1101 1877 procuratores
1126 1804 1337 1877 predictorum
1361 1806 1476 1863 civium

210 1916 240 1966 et
271 1910 430 1983 hospitum
460 1909 498 1967 de
529 1909 631 1968 Grech
662 1927 699 1967 ex
729 1918 817 1984 parte
848 1909 977 1983 predicti
1009 1909 1138 1983 capituli
1161 1911 1368 1982 zagrabiensis
1391 1897 1481 1969 iuxta*

211 2021 348 2073 tenorem
361 2022 390 2072 et
402 2017 625 2072 continenciam
638 2015 845 2088 predictarum
861 2015 1034 2073 litterarum
1047 2017 1144 2088 ipsius
1157 2017 1295 2088 magistri
1309 2017 1477 2085 Laurencii,

210 2121 357 2178 iudicium
390 2128 420 2178 et
443 2122 594 2179 iusticiam
622 2137 657 2179 ac
684 2122 895 2179 omnimodam
924 2121 1165 2179 satisfaccionem
1195 2124 1385 2195 postularent
1420 2138 1476 2196 per

210 2241 265 2282 nos
279 2227 440 2300 impertiri.
454 2227 575 2300 Quibus
587 2227 700 2285 auditis
711 2233 741 2285 et
758 2229 919 2301 perceptis
937 2229 1134 2285 honorabiles
1155 2229 1215 2286 viri
1235 2229 1475 2297 Pauluscantor,

210 2331 363 2404 Georgius
379 2332 512 2390 decanus
534 2340 564 2390 et
587 2334 734 2405 magister
757 2333 923 2406 Dyonisius
946 2335 1082 2392 canonici
1107 2335 1234 2392 ecclesie
1262 2335 1476 2406 zagrabiensis,

210 2444 273 2493 tarn
297 2453 411 2511 prose
435 2440 509 2510 ipsis
533 2440 745 2512 personaliter,
770 2455 865 2512 quarn
888 2455 945 2513 pro
962 2440 1055 2513 pleno
1071 2440 1209 2513 capitulo
1226 2441 1354 2497 ecclesie
1371 2455 1475 2521 zagra·

211 2544 325 2601 biensis
348 2561 419 2601 curn
449 2546 559 2603 litteris
583 2547 804 2619 procuratoriis
836 2545 1004 2603 eorundem
1035 2561 1140 2603 coram
1172 2546 1262 2603 nobis
1285 2552 1476 2618 exurgentes

211 2649 361 2721 quasdam
384 2651 504 2708 litteras
528 2652 658 2724 predicti
679 2652 796 2709 domini
819 2653 916 2709 nostri
939 2651 1085 2709 Lodouici
1103 2652 1184 2724 regis
1200 2659 1347 2725 patentes,
1365 2652 1477 2708 maiori

210 2756 316 2827 sigillo
340 2770 396 2813 suo
420 2759 620 2829 consignatas,
652 2757 808 2815 dominico
831 2758 881 2816 die
904 2759 1049 2832 proximo
1074 2764 1144 2831 post
1168 2756 1280 2815 festum
1305 2758 1387 2815 beati
1411 2759 1478 2828 My·

210 2862 325 2918 chaelis
348 2863 525 2934 archangeli
548 2878 627 2920 anno
651 2863 768 2920 domini
792 2863 901 2920 MCCC
917 2864 1174 2936 quinquagesimo
1191 2864 1299 2936 quinto
1314 2862 1476 2925 contectas,

211 2968 300 3024 nobis
325 2975 546 3040 presentarunt,
570 2970 601 3026 in
625 2985 758 3041 quarum
782 2970 940 3026 tenoribus
964 2969 1100 3027 vidimus
1123 2969 1280 3038 contineri,
1304 2967 1477 3040 quodlicet

211 3074 277 3147 ipse
300 3073 444 3131 dominus
466 3081 570 3132 noster
584 3091 638 3132 rex
655 3090 713 3149 pro
730 3075 925 3147 tranquiliori
940 3081 1021 3132 statu
1037 3075 1123 3147 regni
1140 3075 1187 3132 sui
1203 3075 1347 3131 universa
1362 3074 1477 3132 iudicia

211 3187 240 3235 et
263 3178 446 3236 iudiciorum
471 3181 580 3252 quevis
602 3182 792 3251 gravamina,
816 3195 950 3252 quorum
965 3181 1049 3238 mole
1075 3179 1231 3251 regnicole
1247 3180 1332 3250 regni
1349 3180 1395 3237 sui
1421 3196 1477 3254 per

211 3284 350 3341 diversos
366 3287 454 3357 regni
471 3287 517 3343 sui
534 3286 650 3343 iudices
666 3293 736 3343 ante
751 3301 865 3343 annum
883 3285 999 3342 domini
1016 3286 1219 3343 millesimum
1232 3284 1310 3343 CCC
1326 3287 1476 3358 quinqua·

211 3392 363 3460 gesimum
384 3393 521 3464 primum
545 3392 750 3449 noscebantur
765 3391 938 3464 aggravari,
960 3407 1017 3463 per
1041 3407 1112 3448 suas
1131 3391 1250 3448 litteras
1266 3391 1422 3449 evidentes
1438 3390 1476 3448 de

211 3496 321 3553 eodem
334 3512 413 3554 anno
426 3496 543 3555 domini
557 3497 693 3554 MCCCL
710 3498 814 3570 primo
830 3497 952 3555 infesto
968 3497 1180 3569 concepcionis
1197 3497 1325 3568 virginis
1340 3497 1476 3569 gloriose

213 3602 251 3658 de
276 3603 435 3660 voluntate
459 3611 489 3661 et
513 3604 705 3676 beneplacito
736 3602 861 3660 domine
892 3604 997 3675 regine
1026 3595 1207 3678 genitrici(s)
1230 3617 1284 3659 sue
1306 3600 1476 3672 karissime,

212 3724 327 3765 necnon
360 3724 507 3766 consensu
540 3709 731 3782 prelatorum
763 3716 793 3766 et
824 3709 976 3775 baronum
1007 3724 1135 3766 suorum
1159 3713 1325 3778 emanatas,
1358 3708 1476 3766 eisdem

212 3814 375 3884 regnicolis
406 3817 469 3873 suis
499 3825 529 3872 et
561 3818 640 3873 inter
669 3815 794 3873 eosdem
824 3814 971 3872 fidelibus
994 3820 1024 3871 et
1047 3813 1167 3871 devotis
1190 3814 1254 3871 suis
1276 3814 1424 3888 episcopo
1446 3822 1476 3871 et

212 3921 348 3992 capitulo
371 3922 498 3979 ecclesie
522 3922 728 3993 zagrabiensis
751 3922 855 3978 omnia
878 3922 952 3978 talia
976 3920 1149 3978 indicorum
1170 3921 1352 3991 gravamina
1367 3921 1475 3978 annul-

212 4026 312 4096 lasset,
348 4030 484 4102 exceptis
507 4029 718 4086 solucionibus
741 4045 797 4101 per
821 4034 923 4101 partes
947 4029 1025 4084 inter
1048 4042 1080 4084 se
1104 4027 1277 4084 voluntarie
1299 4028 1474 4099 assumptis

212 4135 351 4202 graciose
381 4134 584 4203 relaxaverit;
616 4141 718 4191 tamen
750 4135 822 4206 quia
850 4135 881 4191 in
913 4134 1058 4208 pretactis
1089 4133 1201 4190 litteris
1235 4133 1298 4191 suis
1328 4133 1475 4205 graciosis

212 4238 250 4295 de
279 4240 405 4312 speciali
437 4240 617 4310 gravamine
648 4239 794 4310 iudiciali,
825 4246 934 4313 utpute
966 4239 1143 4312 calumpnie
1179 4238 1229 4294 vel
1264 4238 1392 4295 alterius
1426 4254 1477 4311 ge·

212 4346 292 4401 neris
316 4346 436 4402 mencio
459 4347 488 4401 in
513 4346 615 4418 specie
638 4352 816 4418 expressata
844 4327 905 4402 non
928 4346 1071 4415 extiterit,
1104 4344 1173 4402 ideo
1196 4352 1260 4401 tarn
1284 4345 1476 4415 litigancium

215 4452 350 4522 infestus
381 4466 474 4523 quarn
507 4452 603 4508 eciam
636 4450 773 4508 iudicum
806 4451 897 4508 dolus
928 4459 957 4508 et
988 4450 1149 4525 cupiditas,
1173 4451 1291 4508 litteras
1314 4466 1385 4507 suas
1408 4467 1477 4524 pre-

213 4564 308 4614 tactas
331 4557 486 4629 graciosas
509 4571 628 4612 cassare
652 4557 822 4614 niterentur·
852 4564 882 4615 et
906 4558 1026 4615 viribus
1056 4572 1197 4624 vacuare,
1225 4555 1368 4626 dicentes,
1392 4555 1476 4628 quod

213 4664 251 4721 ad
276 4670 338 4720 tam
371 4662 517 4735 specialia
549 4669 578 4718 et
608 4678 720 4734 magna
747 4665 931 4721 iudiciorum
959 4664 1140 4734 gravamina
1161 4665 1241 4723 sicut
1263 4663 1477 4736 calumpnian-

213 4771 295 4826 cium
308 4770 357 4825 vel
374 4768 523 4825 similium
540 4776 643 4825 reatus
658 4769 792 4840 exigunt,
805 4785 838 4827 se
853 4785 914 4828 non
929 4769 1129 4827 extenderent
1144 4770 1247 4827 littere
1270 4784 1323 4826 sue
1338 4771 1477 4842 graciose
