<?xml version="1.0" encoding="UTF-8"?>
<!DOCTYPE html PUBLIC "-//W3C//DTD XHTML 1.0 Transitional//EN"
    "http://www.w3.org/TR/xhtml1/DTD/xhtml1-transitional.dtd">
<html xmlns="http://www.w3.org/1999/xhtml" xml:lang="en" lang="en">
 <head>
  <title>
</title>
<meta http-equiv="Content-Type" content="text/html;charset=utf-8" />
  <meta name='ocr-system' content='tesseract 3.04.00' />
  <meta name='ocr-capabilities' content='ocr_page ocr_carea ocr_par ocr_line ocrx_word'/>
</head>
<body>
  <div class='ocr_page' id='page_1' title='image "./monumentahistor11laszgoog_0607.png"; bbox 0 0 3488 5242; ppageno 0'>
   <div class='ocr_carea' id='block_1_1' title="bbox 248 323 1095 407">
    <p class='ocr_par' dir='ltr' id='par_1_1' title="bbox 248 323 1095 407">
     <span class='ocr_line' id='line_1_1' title="bbox 248 323 1095 407; baseline -0.007 -17"><span class='ocrx_word' id='word_1_1' title='bbox 248 331 311 407; x_wconf 81' lang='lat'>366</span> <span class='ocrx_word' id='word_1_2' title='bbox 673 328 747 387; x_wconf 77' lang='lat' dir='ltr'>Dor.</span> <span class='ocrx_word' id='word_1_3' title='bbox 765 323 842 404; x_wconf 72' lang='lat'><em>385.</em></span> <span class='ocrx_word' id='word_1_4' title='bbox 869 362 904 369; x_wconf 96' lang='lat'>-</span> <span class='ocrx_word' id='word_1_5' title='bbox 925 329 981 385; x_wconf 88' lang='lat' dir='ltr'>An.</span> <span class='ocrx_word' id='word_1_6' title='bbox 1007 339 1095 404; x_wconf 73' lang='lat'><em>1595.</em></span> 
     </span>
    </p>
   </div>
   <div class='ocr_carea' id='block_1_2' title="bbox 247 525 1516 1766">
    <p class='ocr_par' dir='ltr' id='par_1_2' title="bbox 247 525 1516 1766">
     <span class='ocr_line' id='line_1_2' title="bbox 247 525 1515 600; baseline 0 -18"><span class='ocrx_word' id='word_1_7' title='bbox 247 526 442 595; x_wconf 78' lang='lat' dir='ltr'>utilitatibus,</span> <span class='ocrx_word' id='word_1_8' title='bbox 474 525 568 583; x_wconf 85' lang='lat' dir='ltr'>deum</span> <span class='ocrx_word' id='word_1_9' title='bbox 591 529 620 582; x_wconf 90' lang='lat' dir='ltr'>et</span> <span class='ocrx_word' id='word_1_10' title='bbox 643 525 708 583; x_wconf 90' lang='lat' dir='ltr'>eius</span> <span class='ocrx_word' id='word_1_11' title='bbox 735 525 888 582; x_wconf 87' lang='lat' dir='ltr'>iusticiam</span> <span class='ocrx_word' id='word_1_12' title='bbox 911 525 1054 583; x_wconf 86' lang='lat' dir='ltr'>habendo</span> <span class='ocrx_word' id='word_1_13' title='bbox 1077 543 1133 600; x_wconf 88' lang='lat' dir='ltr'>pre</span> <span class='ocrx_word' id='word_1_14' title='bbox 1154 527 1263 595; x_wconf 88' lang='lat' dir='ltr'>oculis,</span> <span class='ocrx_word' id='word_1_15' title='bbox 1288 542 1420 584; x_wconf 89' lang='lat' dir='ltr'>unacum</span> <span class='ocrx_word' id='word_1_16' title='bbox 1445 527 1515 584; x_wconf 91' lang='lat' dir='ltr'>aliis</span> 
     </span>
     <span class='ocr_line' id='line_1_3' title="bbox 248 630 1515 705; baseline 0 -16"><span class='ocrx_word' id='word_1_17' title='bbox 248 632 358 705; x_wconf 83' lang='lat' dir='ltr'>probis</span> <span class='ocrx_word' id='word_1_18' title='bbox 382 631 457 689; x_wconf 90' lang='lat' dir='ltr'>viris</span> <span class='ocrx_word' id='word_1_19' title='bbox 480 632 622 689; x_wconf 84' lang='lat' dir='ltr'>estiment</span> <span class='ocrx_word' id='word_1_20' title='bbox 645 631 674 688; x_wconf 91' lang='lat' dir='ltr'>in</span> <span class='ocrx_word' id='word_1_21' title='bbox 699 630 852 703; x_wconf 87' lang='lat' dir='ltr'>condigno</span> <span class='ocrx_word' id='word_1_22' title='bbox 883 646 990 688; x_wconf 89' lang='lat' dir='ltr'>earum</span> <span class='ocrx_word' id='word_1_23' title='bbox 1015 632 1120 704; x_wconf 86' lang='lat' dir='ltr'>precio</span> <span class='ocrx_word' id='word_1_24' title='bbox 1143 638 1172 689; x_wconf 93' lang='lat' dir='ltr'>et</span> <span class='ocrx_word' id='word_1_25' title='bbox 1197 633 1312 701; x_wconf 88' lang='lat' dir='ltr'>valore,</span> <span class='ocrx_word' id='word_1_26' title='bbox 1337 632 1405 703; x_wconf 85' lang='lat' dir='ltr'>lege</span> <span class='ocrx_word' id='word_1_27' title='bbox 1428 634 1515 703; x_wconf 87' lang='lat' dir='ltr'>regni</span> 
     </span>
     <span class='ocr_line' id='line_1_4' title="bbox 247 736 1516 811; baseline -0.002 -17"><span class='ocrx_word' id='word_1_28' title='bbox 247 737 420 807; x_wconf 90' lang='lat' dir='ltr'>observata,</span> <span class='ocrx_word' id='word_1_29' title='bbox 444 736 560 794; x_wconf 88' lang='lat' dir='ltr'>ibidem</span> <span class='ocrx_word' id='word_1_30' title='bbox 592 737 690 794; x_wconf 91' lang='lat' dir='ltr'>eciam</span> <span class='ocrx_word' id='word_1_31' title='bbox 713 736 753 807; x_wconf 87' lang='lat' dir='ltr'>id,</span> <span class='ocrx_word' id='word_1_32' title='bbox 785 752 845 808; x_wconf 90' lang='lat' dir='ltr'>que</span> <span class='ocrx_word' id='word_1_33' title='bbox 869 737 1007 810; x_wconf 86' lang='lat' dir='ltr'>ipsarum</span> <span class='ocrx_word' id='word_1_34' title='bbox 1031 738 1173 811; x_wconf 88' lang='lat' dir='ltr'>parcium</span> <span class='ocrx_word' id='word_1_35' title='bbox 1197 738 1342 807; x_wconf 70' lang='lat' dir='ltr'>veriores</span> <span class='ocrx_word' id='word_1_36' title='bbox 1365 739 1516 795; x_wconf 82' lang='lat' dir='ltr'>cerciores</span> 
     </span>
     <span class='ocr_line' id='line_1_5' title="bbox 247 842 1516 917; baseline -0.001 -16"><span class='ocrx_word' id='word_1_37' title='bbox 247 849 278 901; x_wconf 90' lang='lat' dir='ltr'>et</span> <span class='ocrx_word' id='word_1_38' title='bbox 310 844 548 917; x_wconf 88' lang='lat' dir='ltr'>apparenciores</span> <span class='ocrx_word' id='word_1_39' title='bbox 583 850 681 900; x_wconf 89' lang='lat' dir='ltr'>metas</span> <span class='ocrx_word' id='word_1_40' title='bbox 715 842 795 900; x_wconf 91' lang='lat' dir='ltr'>dicte</span> <span class='ocrx_word' id='word_1_41' title='bbox 829 859 883 901; x_wconf 92' lang='lat' dir='ltr'>sue</span> <span class='ocrx_word' id='word_1_42' title='bbox 918 845 1118 917; x_wconf 89' lang='lat' dir='ltr'>possessionis</span> <span class='ocrx_word' id='word_1_43' title='bbox 1151 843 1327 914; x_wconf 87' lang='lat' dir='ltr'>ostenderit,</span> <span class='ocrx_word' id='word_1_44' title='bbox 1362 850 1414 901; x_wconf 89' lang='lat' dir='ltr'>aut</span> <span class='ocrx_word' id='word_1_45' title='bbox 1455 860 1516 916; x_wconf 86' lang='lat' dir='ltr'>que</span> 
     </span>
     <span class='ocr_line' id='line_1_6' title="bbox 248 948 1516 1023; baseline 0 -17"><span class='ocrx_word' id='word_1_46' title='bbox 248 949 427 1008; x_wconf 90' lang='lat' dir='ltr'>earumdem</span> <span class='ocrx_word' id='word_1_47' title='bbox 453 950 592 1023; x_wconf 87' lang='lat' dir='ltr'>parcium</span> <span class='ocrx_word' id='word_1_48' title='bbox 618 950 647 1006; x_wconf 92' lang='lat' dir='ltr'>in</span> <span class='ocrx_word' id='word_1_49' title='bbox 672 948 809 1005; x_wconf 92' lang='lat' dir='ltr'>dominio</span> <span class='ocrx_word' id='word_1_50' title='bbox 840 948 920 1006; x_wconf 89' lang='lat' dir='ltr'>dicte</span> <span class='ocrx_word' id='word_1_51' title='bbox 943 956 1022 1006; x_wconf 90' lang='lat' dir='ltr'>terre</span> <span class='ocrx_word' id='word_1_52' title='bbox 1054 949 1188 1021; x_wconf 87' lang='lat' dir='ltr'>litigiose</span> <span class='ocrx_word' id='word_1_53' title='bbox 1222 951 1369 1015; x_wconf 80' lang='lat' dir='ltr'>existerit.</span> <span class='ocrx_word' id='word_1_54' title='bbox 1392 949 1516 1007; x_wconf 85' lang='lat' dir='ltr'>videant</span> 
     </span>
     <span class='ocr_line' id='line_1_7' title="bbox 248 1054 1515 1129; baseline 0.002 -18"><span class='ocrx_word' id='word_1_55' title='bbox 248 1062 278 1112; x_wconf 90' lang='lat' dir='ltr'>et</span> <span class='ocrx_word' id='word_1_56' title='bbox 310 1054 474 1126; x_wconf 87' lang='lat' dir='ltr'>diligenter</span> <span class='ocrx_word' id='word_1_57' title='bbox 505 1056 695 1123; x_wconf 89' lang='lat' dir='ltr'>intueantur;</span> <span class='ocrx_word' id='word_1_58' title='bbox 729 1060 758 1111; x_wconf 92' lang='lat' dir='ltr'>et</span> <span class='ocrx_word' id='word_1_59' title='bbox 786 1061 856 1127; x_wconf 91' lang='lat' dir='ltr'>post</span> <span class='ocrx_word' id='word_1_60' title='bbox 886 1055 942 1112; x_wconf 88' lang='lat' dir='ltr'>bec</span> <span class='ocrx_word' id='word_1_61' title='bbox 974 1056 1070 1129; x_wconf 89' lang='lat' dir='ltr'>ipsius</span> <span class='ocrx_word' id='word_1_62' title='bbox 1102 1057 1341 1129; x_wconf 88' lang='lat' dir='ltr'>possessionarie</span> <span class='ocrx_word' id='word_1_63' title='bbox 1373 1057 1515 1114; x_wconf 87' lang='lat' dir='ltr'>reambu-</span> 
     </span>
     <span class='ocr_line' id='line_1_8' title="bbox 250 1155 1513 1231; baseline 0 -14"><span class='ocrx_word' id='word_1_64' title='bbox 250 1161 386 1231; x_wconf 92' lang='lat' dir='ltr'>lacionis,</span> <span class='ocrx_word' id='word_1_65' title='bbox 415 1155 571 1217; x_wconf 89' lang='lat' dir='ltr'>&#39;metarum</span> <span class='ocrx_word' id='word_1_66' title='bbox 605 1160 796 1229; x_wconf 87' lang='lat' dir='ltr'>erreccionis,</span> <span class='ocrx_word' id='word_1_67' title='bbox 827 1160 1015 1226; x_wconf 76' lang='lat' dir='ltr'>statucionis</span> <span class='ocrx_word' id='word_1_68' title='bbox 1049 1162 1255 1219; x_wconf 89' lang='lat' dir='ltr'>estimacionis</span> <span class='ocrx_word' id='word_1_69' title='bbox 1286 1167 1316 1219; x_wconf 97' lang='lat' dir='ltr'>et</span> <span class='ocrx_word' id='word_1_70' title='bbox 1352 1163 1513 1220; x_wconf 82' lang='lat' dir='ltr'>revisionis</span> 
     </span>
     <span class='ocr_line' id='line_1_9' title="bbox 248 1264 1515 1341; baseline 0.002 -18"><span class='ocrx_word' id='word_1_71' title='bbox 248 1267 369 1335; x_wconf 91' lang='lat' dir='ltr'>seriem,</span> <span class='ocrx_word' id='word_1_72' title='bbox 401 1274 434 1324; x_wconf 91' lang='lat' dir='ltr'>ut</span> <span class='ocrx_word' id='word_1_73' title='bbox 466 1265 558 1324; x_wconf 82' lang='lat' dir='ltr'>fuerit</span> <span class='ocrx_word' id='word_1_74' title='bbox 589 1264 765 1338; x_wconf 85' lang='lat' dir='ltr'>expediens,</span> <span class='ocrx_word' id='word_1_75' title='bbox 796 1265 835 1322; x_wconf 90' lang='lat' dir='ltr'>ad</span> <span class='ocrx_word' id='word_1_76' title='bbox 867 1274 992 1324; x_wconf 87' lang='lat' dir='ltr'>octavas</span> <span class='ocrx_word' id='word_1_77' title='bbox 1023 1265 1093 1325; x_wconf 83' lang='lat' dir='ltr'>festi</span> <span class='ocrx_word' id='word_1_78' title='bbox 1125 1268 1368 1341; x_wconf 81' lang='lat' dir='ltr'>Epiphaniamm</span> <span class='ocrx_word' id='word_1_79' title='bbox 1397 1267 1515 1325; x_wconf 89' lang='lat' dir='ltr'>domini</span> 
     </span>
     <span class='ocr_line' id='line_1_10' title="bbox 249 1372 1516 1445; baseline -0.001 -14"><span class='ocrx_word' id='word_1_80' title='bbox 249 1389 329 1431; x_wconf 89' lang='lat' dir='ltr'>nunc</span> <span class='ocrx_word' id='word_1_81' title='bbox 354 1379 500 1431; x_wconf 88' lang='lat' dir='ltr'>venturas</span> <span class='ocrx_word' id='word_1_82' title='bbox 531 1373 621 1430; x_wconf 92' lang='lat' dir='ltr'>nobis</span> <span class='ocrx_word' id='word_1_83' title='bbox 652 1372 859 1429; x_wconf 86' lang='lat' dir='ltr'>amicabiliter</span> <span class='ocrx_word' id='word_1_84' title='bbox 886 1373 1071 1430; x_wconf 85' lang='lat' dir='ltr'>rescribatis.</span> <span class='ocrx_word' id='word_1_85' title='bbox 1096 1373 1253 1431; x_wconf 87' lang='lat' dir='ltr'>Presentes</span> <span class='ocrx_word' id='word_1_86' title='bbox 1276 1379 1380 1431; x_wconf 90' lang='lat' dir='ltr'>autem</span> <span class='ocrx_word' id='word_1_87' title='bbox 1404 1374 1516 1445; x_wconf 87' lang='lat' dir='ltr'>sigillis</span> 
     </span>
     <span class='ocr_line' id='line_1_11' title="bbox 247 1478 1515 1551; baseline -0.003 -12"><span class='ocrx_word' id='word_1_88' title='bbox 247 1481 360 1539; x_wconf 89' lang='lat' dir='ltr'>nostris</span> <span class='ocrx_word' id='word_1_89' title='bbox 391 1479 714 1551; x_wconf 73' lang='lat' dir='ltr'>absentibussigillo</span> <span class='ocrx_word' id='word_1_90' title='bbox 747 1479 887 1551; x_wconf 85' lang='lat' dir='ltr'>magistri</span> <span class='ocrx_word' id='word_1_91' title='bbox 920 1479 1041 1536; x_wconf 86' lang='lat' dir='ltr'>Martini</span> <span class='ocrx_word' id='word_1_92' title='bbox 1075 1478 1153 1535; x_wconf 88' lang='lat' dir='ltr'>Ders</span> <span class='ocrx_word' id='word_1_93' title='bbox 1176 1479 1319 1536; x_wconf 87' lang='lat' dir='ltr'>vicebani</span> <span class='ocrx_word' id='word_1_94' title='bbox 1342 1486 1371 1536; x_wconf 93' lang='lat' dir='ltr'>et</span> <span class='ocrx_word' id='word_1_95' title='bbox 1394 1479 1515 1536; x_wconf 86' lang='lat' dir='ltr'>comitis</span> 
     </span>
     <span class='ocr_line' id='line_1_12' title="bbox 249 1583 1516 1658; baseline -0.003 -14"><span class='ocrx_word' id='word_1_96' title='bbox 249 1587 346 1644; x_wconf 90' lang='lat' dir='ltr'>nostri</span> <span class='ocrx_word' id='word_1_97' title='bbox 376 1586 583 1658; x_wconf 89' lang='lat' dir='ltr'>zagrabiensis</span> <span class='ocrx_word' id='word_1_98' title='bbox 614 1585 742 1643; x_wconf 82' lang='lat' dir='ltr'>lecimus</span> <span class='ocrx_word' id='word_1_99' title='bbox 773 1585 953 1656; x_wconf 86' lang='lat' dir='ltr'>consignari.</span> <span class='ocrx_word' id='word_1_100' title='bbox 984 1584 1100 1641; x_wconf 88' lang='lat' dir='ltr'>Datum</span> <span class='ocrx_word' id='word_1_101' title='bbox 1130 1584 1289 1656; x_wconf 90' lang='lat' dir='ltr'>Zagrabie,</span> <span class='ocrx_word' id='word_1_102' title='bbox 1321 1583 1442 1641; x_wconf 89' lang='lat' dir='ltr'>decimo</span> <span class='ocrx_word' id='word_1_103' title='bbox 1466 1583 1516 1641; x_wconf 91' lang='lat' dir='ltr'>die</span> 
     </span>
     <span class='ocr_line' id='line_1_13' title="bbox 251 1689 1310 1766; baseline -0.003 -16"><span class='ocrx_word' id='word_1_104' title='bbox 251 1693 374 1750; x_wconf 92' lang='lat' dir='ltr'>termini</span> <span class='ocrx_word' id='word_1_105' title='bbox 400 1693 559 1766; x_wconf 88' lang='lat' dir='ltr'>prenotati.</span> <span class='ocrx_word' id='word_1_106' title='bbox 584 1691 674 1749; x_wconf 80' lang='lat' dir='ltr'>Anno</span> <span class='ocrx_word' id='word_1_107' title='bbox 697 1690 815 1748; x_wconf 89' lang='lat' dir='ltr'>domini</span> <span class='ocrx_word' id='word_1_108' title='bbox 840 1689 949 1747; x_wconf 84' lang='lat' dir='ltr'>MCCC</span> <span class='ocrx_word' id='word_1_109' title='bbox 973 1691 1171 1761; x_wconf 87' lang='lat' dir='ltr'>nonagesimo</span> <span class='ocrx_word' id='word_1_110' title='bbox 1194 1691 1310 1763; x_wconf 90' lang='lat' dir='ltr'>quinto.</span> 
     </span>
    </p>
   </div>
   <div class='ocr_carea' id='block_1_3' title="bbox 251 1824 1515 1980">
    <p class='ocr_par' dir='ltr' id='par_1_3' title="bbox 251 1824 1515 1980">
     <span class='ocr_line' id='line_1_14' title="bbox 339 1824 1515 1894; baseline -0.004 -16"><span class='ocrx_word' id='word_1_111' title='bbox 339 1828 479 1894; x_wconf 84' lang='lat' dir='ltr'>Originale</span> <span class='ocrx_word' id='word_1_112' title='bbox 499 1827 525 1877; x_wconf 85' lang='lat' dir='ltr'>in</span> <span class='ocrx_word' id='word_1_113' title='bbox 544 1827 642 1883; x_wconf 87' lang='lat' dir='ltr'>charta.</span> <span class='ocrx_word' id='word_1_114' title='bbox 662 1841 676 1875; x_wconf 87' lang='lat' dir='ltr'>a</span> <span class='ocrx_word' id='word_1_115' title='bbox 696 1834 772 1891; x_wconf 81' lang='lat' dir='ltr'>tergo</span> <span class='ocrx_word' id='word_1_116' title='bbox 791 1825 932 1890; x_wconf 87' lang='lat' dir='ltr'>vestigium</span> <span class='ocrx_word' id='word_1_117' title='bbox 948 1825 1067 1890; x_wconf 86' lang='lat' dir='ltr'>appressi</span> <span class='ocrx_word' id='word_1_118' title='bbox 1087 1825 1178 1890; x_wconf 83' lang='lat' dir='ltr'>sigilli.</span> <span class='ocrx_word' id='word_1_119' title='bbox 1206 1825 1235 1874; x_wconf 92' lang='lat' dir='ltr'>ln</span> <span class='ocrx_word' id='word_1_120' title='bbox 1255 1824 1363 1875; x_wconf 87' lang='lat' dir='ltr'>archivo</span> <span class='ocrx_word' id='word_1_121' title='bbox 1389 1825 1434 1875; x_wconf 86' lang='lat' dir='ltr'>lib.</span> <span class='ocrx_word' id='word_1_122' title='bbox 1461 1841 1515 1890; x_wconf 81' lang='lat' dir='ltr'>reg.</span> 
     </span>
     <span class='ocr_line' id='line_1_15' title="bbox 251 1916 446 1980; baseline -0.005 -14"><span class='ocrx_word' id='word_1_123' title='bbox 251 1916 322 1966; x_wconf 85' lang='lat' dir='ltr'>civit.</span> <span class='ocrx_word' id='word_1_124' title='bbox 343 1917 446 1980; x_wconf 82' lang='lat' dir='ltr'>zagrab.</span> 
     </span>
    </p>
   </div>
   <div class='ocr_carea' id='block_1_4' title="bbox 842 2110 928 2177">
    <p class='ocr_par' dir='ltr' id='par_1_4' title="bbox 842 2110 928 2177">
     <span class='ocr_line' id='line_1_16' title="bbox 842 2110 928 2177; baseline -0.012 0"><span class='ocrx_word' id='word_1_125' title='bbox 842 2110 928 2177; x_wconf 81' lang='lat'><strong>385.</strong></span> 
     </span>
    </p>
   </div>
   <div class='ocr_carea' id='block_1_5' title="bbox 358 2268 941 2334">
    <p class='ocr_par' dir='ltr' id='par_1_5' title="bbox 358 2268 941 2334">
     <span class='ocr_line' id='line_1_17' title="bbox 358 2268 941 2334; baseline -0.002 -16"><span class='ocrx_word' id='word_1_126' title='bbox 358 2271 434 2318; x_wconf 78' lang='lat' dir='ltr'>Anno</span> <span class='ocrx_word' id='word_1_127' title='bbox 456 2278 530 2329; x_wconf 77' lang='lat'>1305,</span> <span class='ocrx_word' id='word_1_128' title='bbox 551 2278 590 2318; x_wconf 78' lang='lat'>22.</span> <span class='ocrx_word' id='word_1_129' title='bbox 610 2269 769 2319; x_wconf 87' lang='lat' dir='ltr'>novembris.</span> <span class='ocrx_word' id='word_1_130' title='bbox 789 2268 941 2334; x_wconf 83' lang='lat' dir='ltr'>Zagrabiae.</span> 
     </span>
    </p>
   </div>
   <div class='ocr_carea' id='block_1_6' title="bbox 256 2395 1513 2576">
    <p class='ocr_par' dir='ltr' id='par_1_6' title="bbox 256 2395 1513 2576">
     <span class='ocr_line' id='line_1_18' title="bbox 256 2395 1513 2470; baseline -0.002 -15"><span class='ocrx_word' id='word_1_131' title='bbox 256 2397 421 2470; x_wconf 78' lang='lat' dir='ltr'>Capitulrmr</span> <span class='ocrx_word' id='word_1_132' title='bbox 453 2396 569 2467; x_wconf 67' lang='lat' dir='ltr'>zagrab.</span> <span class='ocrx_word' id='word_1_133' title='bbox 601 2396 806 2453; x_wconf 81' lang='lat' dir='ltr'>reambulando</span> <span class='ocrx_word' id='word_1_134' title='bbox 831 2396 1031 2469; x_wconf 70' lang='lat' dir='ltr'>passessionem</span> <span class='ocrx_word' id='word_1_135' title='bbox 1062 2395 1250 2452; x_wconf 78' lang='lat' dir='ltr'>Pctrmv&#39;rram</span> <span class='ocrx_word' id='word_1_136' title='bbox 1272 2396 1392 2453; x_wconf 82' lang='lat' dir='ltr'>Detrico</span> <span class='ocrx_word' id='word_1_137' title='bbox 1415 2396 1513 2452; x_wconf 69' lang='lat' dir='ltr'>Bulek</span> 
     </span>
     <span class='ocr_line' id='line_1_19' title="bbox 387 2500 1379 2576; baseline 0.001 -18"><span class='ocrx_word' id='word_1_138' title='bbox 387 2501 462 2558; x_wconf 80' lang='lat' dir='ltr'>bano</span> <span class='ocrx_word' id='word_1_139' title='bbox 483 2501 583 2576; x_wconf 76' lang='lat' dir='ltr'>refert,</span> <span class='ocrx_word' id='word_1_140' title='bbox 606 2501 648 2557; x_wconf 86' lang='lat' dir='ltr'>ad</span> <span class='ocrx_word' id='word_1_141' title='bbox 667 2519 785 2574; x_wconf 75' lang='lat' dir='ltr'>errorque</span> <span class='ocrx_word' id='word_1_142' title='bbox 807 2501 1025 2558; x_wconf 80' lang='lat' dir='ltr'>contradictores</span> <span class='ocrx_word' id='word_1_143' title='bbox 1046 2500 1281 2558; x_wconf 80' lang='lat' dir='ltr'>reambulationr&#39;s</span> <span class='ocrx_word' id='word_1_144' title='bbox 1302 2502 1379 2559; x_wconf 84' lang='lat' dir='ltr'>citat.</span> 
     </span>
    </p>
   </div>
   <div class='ocr_carea' id='block_1_7' title="bbox 250 2643 1520 4831">
    <p class='ocr_par' dir='ltr' id='par_1_7' title="bbox 250 2643 1520 4831">
     <span class='ocr_line' id='line_1_20' title="bbox 339 2643 1516 2717; baseline 0 -15"><span class='ocrx_word' id='word_1_145' title='bbox 339 2644 504 2717; x_wconf 87' lang='lat' dir='ltr'>Magnifico</span> <span class='ocrx_word' id='word_1_146' title='bbox 536 2646 604 2702; x_wconf 92' lang='lat' dir='ltr'>viro</span> <span class='ocrx_word' id='word_1_147' title='bbox 637 2644 764 2702; x_wconf 87' lang='lat' dir='ltr'>domino</span> <span class='ocrx_word' id='word_1_148' title='bbox 799 2645 924 2702; x_wconf 88' lang='lat' dir='ltr'>Detrico</span> <span class='ocrx_word' id='word_1_149' title='bbox 960 2644 1073 2713; x_wconf 86' lang='lat' dir='ltr'>Bubek‚</span> <span class='ocrx_word' id='word_1_150' title='bbox 1110 2644 1196 2715; x_wconf 87' lang='lat' dir='ltr'>regni</span> <span class='ocrx_word' id='word_1_151' title='bbox 1227 2643 1390 2702; x_wconf 86' lang='lat' dir='ltr'>Sclauonie</span> <span class='ocrx_word' id='word_1_152' title='bbox 1425 2645 1516 2714; x_wconf 87' lang='lat' dir='ltr'>baon,</span> 
     </span>
     <span class='ocr_line' id='line_1_21' title="bbox 252 2750 1515 2825; baseline 0.001 -18"><span class='ocrx_word' id='word_1_153' title='bbox 252 2752 352 2808; x_wconf 91' lang='lat' dir='ltr'>amico</span> <span class='ocrx_word' id='word_1_154' title='bbox 382 2766 489 2808; x_wconf 90' lang='lat' dir='ltr'>eorum</span> <span class='ocrx_word' id='word_1_155' title='bbox 522 2750 711 2820; x_wconf 69' lang='lat' dir='ltr'>honorando</span> <span class='ocrx_word' id='word_1_156' title='bbox 746 2751 917 2825; x_wconf 89' lang='lat' dir='ltr'>capitulum</span> <span class='ocrx_word' id='word_1_157' title='bbox 949 2752 1076 2808; x_wconf 86' lang='lat' dir='ltr'>ecclesie</span> <span class='ocrx_word' id='word_1_158' title='bbox 1108 2751 1314 2822; x_wconf 86' lang='lat' dir='ltr'>zagrabiensis</span> <span class='ocrx_word' id='word_1_159' title='bbox 1344 2752 1515 2809; x_wconf 88' lang='lat' dir='ltr'>amiciciam</span> 
     </span>
     <span class='ocr_line' id='line_1_22' title="bbox 254 2856 1518 2930; baseline 0.001 -17"><span class='ocrx_word' id='word_1_160' title='bbox 254 2862 392 2930; x_wconf 91' lang='lat' dir='ltr'>paratam</span> <span class='ocrx_word' id='word_1_161' title='bbox 424 2872 494 2913; x_wconf 89' lang='lat' dir='ltr'>cum</span> <span class='ocrx_word' id='word_1_162' title='bbox 527 2856 651 2914; x_wconf 91' lang='lat' dir='ltr'>honore.</span> <span class='ocrx_word' id='word_1_163' title='bbox 685 2856 812 2914; x_wconf 82' lang='lat' dir='ltr'>Noverit</span> <span class='ocrx_word' id='word_1_164' title='bbox 845 2865 947 2915; x_wconf 84' lang='lat' dir='ltr'>vestra</span> <span class='ocrx_word' id='word_1_165' title='bbox 979 2857 1218 2929; x_wconf 84' lang='lat' dir='ltr'>magnificencia,</span> <span class='ocrx_word' id='word_1_166' title='bbox 1250 2856 1331 2929; x_wconf 84' lang='lat' dir='ltr'>quod</span> <span class='ocrx_word' id='word_1_167' title='bbox 1360 2872 1432 2914; x_wconf 94' lang='lat' dir='ltr'>cum</span> <span class='ocrx_word' id='word_1_168' title='bbox 1462 2873 1518 2914; x_wconf 92' lang='lat' dir='ltr'>nos</span> 
     </span>
     <span class='ocr_line' id='line_1_23' title="bbox 252 2962 1516 3036; baseline 0 -17"><span class='ocrx_word' id='word_1_169' title='bbox 252 2962 337 3019; x_wconf 85' lang='lat' dir='ltr'>iuxta</span> <span class='ocrx_word' id='word_1_170' title='bbox 360 2962 581 3020; x_wconf 88' lang='lat' dir='ltr'>continenciam</span> <span class='ocrx_word' id='word_1_171' title='bbox 605 2962 778 3020; x_wconf 87' lang='lat' dir='ltr'>litterarum</span> <span class='ocrx_word' id='word_1_172' title='bbox 805 2969 976 3020; x_wconf 88' lang='lat' dir='ltr'>vestrarum</span> <span class='ocrx_word' id='word_1_173' title='bbox 1004 2962 1199 3020; x_wconf 79' lang='lat' dir='ltr'>iudiciariam</span> <span class='ocrx_word' id='word_1_174' title='bbox 1230 2968 1369 3020; x_wconf 88' lang='lat' dir='ltr'>vestrum</span> <span class='ocrx_word' id='word_1_175' title='bbox 1395 2978 1516 3036; x_wconf 88' lang='lat' dir='ltr'>proces·</span> 
     </span>
     <span class='ocr_line' id='line_1_24' title="bbox 252 3066 1518 3140; baseline 0.002 -17"><span class='ocrx_word' id='word_1_176' title='bbox 252 3082 322 3124; x_wconf 92' lang='lat' dir='ltr'>sum</span> <span class='ocrx_word' id='word_1_177' title='bbox 356 3066 523 3124; x_wconf 91' lang='lat' dir='ltr'>simulcum</span> <span class='ocrx_word' id='word_1_178' title='bbox 554 3068 794 3140; x_wconf 88' lang='lat' dir='ltr'>possessionaria</span> <span class='ocrx_word' id='word_1_179' title='bbox 825 3068 1085 3137; x_wconf 86' lang='lat' dir='ltr'>reambulacione,</span> <span class='ocrx_word' id='word_1_180' title='bbox 1117 3074 1269 3125; x_wconf 89' lang='lat' dir='ltr'>metarum</span> <span class='ocrx_word' id='word_1_181' title='bbox 1299 3069 1456 3125; x_wconf 89' lang='lat' dir='ltr'>ereccione</span> <span class='ocrx_word' id='word_1_182' title='bbox 1488 3074 1518 3125; x_wconf 89' lang='lat' dir='ltr'>et</span> 
     </span>
     <span class='ocr_line' id='line_1_25' title="bbox 252 3173 1517 3245; baseline 0.002 -17"><span class='ocrx_word' id='word_1_183' title='bbox 252 3174 421 3229; x_wconf 89' lang='lat' dir='ltr'>statucione</span> <span class='ocrx_word' id='word_1_184' title='bbox 443 3173 523 3230; x_wconf 91' lang='lat' dir='ltr'>inter</span> <span class='ocrx_word' id='word_1_185' title='bbox 543 3179 644 3230; x_wconf 86' lang='lat' dir='ltr'>cetera</span> <span class='ocrx_word' id='word_1_186' title='bbox 668 3173 698 3230; x_wconf 94' lang='lat' dir='ltr'>in</span> <span class='ocrx_word' id='word_1_187' title='bbox 729 3189 761 3230; x_wconf 90' lang='lat' dir='ltr'>se</span> <span class='ocrx_word' id='word_1_188' title='bbox 792 3174 1026 3244; x_wconf 81' lang='lat' dir='ltr'>continenciam,</span> <span class='ocrx_word' id='word_1_189' title='bbox 1057 3174 1169 3245; x_wconf 90' lang='lat' dir='ltr'>sigillis</span> <span class='ocrx_word' id='word_1_190' title='bbox 1196 3175 1307 3231; x_wconf 91' lang='lat' dir='ltr'>vestris</span> <span class='ocrx_word' id='word_1_191' title='bbox 1329 3175 1517 3242; x_wconf 83' lang='lat' dir='ltr'>absentibus,</span> 
     </span>
     <span class='ocr_line' id='line_1_26' title="bbox 252 3260 1517 3352; baseline 0.002 -18"><span class='ocrx_word' id='word_1_192' title='bbox 252 3277 357 3348; x_wconf 87' lang='lat' dir='ltr'>sigillo</span> <span class='ocrx_word' id='word_1_193' title='bbox 382 3278 521 3349; x_wconf 84' lang='lat' dir='ltr'>magistri</span> <span class='ocrx_word' id='word_1_194' title='bbox 545 3279 669 3336; x_wconf 89' lang='lat' dir='ltr'>Martini</span> <span class='ocrx_word' id='word_1_195' title='bbox 699 3279 778 3336; x_wconf 89' lang='lat' dir='ltr'>Ders</span> <span class='ocrx_word' id='word_1_196' title='bbox 809 3280 950 3336; x_wconf 88' lang='lat' dir='ltr'>vicebani</span> <span class='ocrx_word' id='word_1_197' title='bbox 980 3285 1010 3337; x_wconf 91' lang='lat' dir='ltr'>et</span> <span class='ocrx_word' id='word_1_198' title='bbox 1040 3279 1161 3336; x_wconf 90' lang='lat' dir='ltr'>comitis</span> <span class='ocrx_word' id='word_1_199' title='bbox 1192 3280 1286 3337; x_wconf 89' lang='lat' dir='ltr'>vestri</span> <span class='ocrx_word' id='word_1_200' title='bbox 1310 3260 1517 3352; x_wconf 84' lang='lat' dir='ltr'>zagrabiensis</span> 
     </span>
     <span class='ocr_line' id='line_1_27' title="bbox 252 3384 1515 3457; baseline 0.006 -17"><span class='ocrx_word' id='word_1_201' title='bbox 252 3384 509 3455; x_wconf 84' lang='lat' dir='ltr'>consignatarum,</span> <span class='ocrx_word' id='word_1_202' title='bbox 534 3399 592 3457; x_wconf 89' lang='lat' dir='ltr'>pro</span> <span class='ocrx_word' id='word_1_203' title='bbox 615 3384 723 3454; x_wconf 90' lang='lat' dir='ltr'>iudice,</span> <span class='ocrx_word' id='word_1_204' title='bbox 749 3384 856 3443; x_wconf 89' lang='lat' dir='ltr'>iuratis</span> <span class='ocrx_word' id='word_1_205' title='bbox 871 3392 900 3441; x_wconf 89' lang='lat' dir='ltr'>et</span> <span class='ocrx_word' id='word_1_206' title='bbox 916 3385 1037 3441; x_wconf 90' lang='lat' dir='ltr'>civibus</span> <span class='ocrx_word' id='word_1_207' title='bbox 1053 3385 1185 3442; x_wconf 87' lang='lat' dir='ltr'>civitatis</span> <span class='ocrx_word' id='word_1_208' title='bbox 1210 3386 1322 3442; x_wconf 93' lang='lat' dir='ltr'>montis</span> <span class='ocrx_word' id='word_1_209' title='bbox 1346 3385 1515 3447; x_wconf 85' lang='lat' dir='ltr'>Greccnsis.</span> 
     </span>
     <span class='ocr_line' id='line_1_28' title="bbox 250 3489 1516 3561; baseline 0.002 -16"><span class='ocrx_word' id='word_1_210' title='bbox 250 3494 357 3546; x_wconf 91' lang='lat' dir='ltr'>contra</span> <span class='ocrx_word' id='word_1_211' title='bbox 386 3489 572 3560; x_wconf 86' lang='lat' dir='ltr'>ladizlaum,</span> <span class='ocrx_word' id='word_1_212' title='bbox 597 3489 696 3546; x_wconf 87' lang='lat' dir='ltr'>filium</span> <span class='ocrx_word' id='word_1_213' title='bbox 723 3489 886 3560; x_wconf 90' lang='lat' dir='ltr'>Valentini,</span> <span class='ocrx_word' id='word_1_214' title='bbox 919 3490 1058 3559; x_wconf 85' lang='lat' dir='ltr'>Paulum,</span> <span class='ocrx_word' id='word_1_215' title='bbox 1090 3489 1191 3547; x_wconf 87' lang='lat' dir='ltr'>filium</span> <span class='ocrx_word' id='word_1_216' title='bbox 1221 3491 1309 3560; x_wconf 83' lang='lat' dir='ltr'>Petri,</span> <span class='ocrx_word' id='word_1_217' title='bbox 1344 3491 1516 3561; x_wconf 88' lang='lat' dir='ltr'>Nicolaum,</span> 
     </span>
     <span class='ocr_line' id='line_1_29' title="bbox 253 3593 1517 3670; baseline 0.002 -19"><span class='ocrx_word' id='word_1_218' title='bbox 253 3593 356 3651; x_wconf 91' lang='lat' dir='ltr'>filium</span> <span class='ocrx_word' id='word_1_219' title='bbox 380 3594 470 3651; x_wconf 86' lang='lat' dir='ltr'>Nouk</span> <span class='ocrx_word' id='word_1_220' title='bbox 494 3601 523 3652; x_wconf 96' lang='lat' dir='ltr'>et</span> <span class='ocrx_word' id='word_1_221' title='bbox 547 3594 739 3666; x_wconf 89' lang='lat' dir='ltr'>Dyonisium,</span> <span class='ocrx_word' id='word_1_222' title='bbox 764 3595 863 3652; x_wconf 89' lang='lat' dir='ltr'>filium</span> <span class='ocrx_word' id='word_1_223' title='bbox 884 3597 972 3665; x_wconf 88' lang='lat' dir='ltr'>Petri,</span> <span class='ocrx_word' id='word_1_224' title='bbox 989 3601 1200 3653; x_wconf 83' lang='lat' dir='ltr'>emanaturum</span> <span class='ocrx_word' id='word_1_225' title='bbox 1218 3597 1368 3669; x_wconf 91' lang='lat' dir='ltr'>nobisque</span> <span class='ocrx_word' id='word_1_226' title='bbox 1389 3599 1517 3670; x_wconf 87' lang='lat' dir='ltr'>loquen-</span> 
     </span>
     <span class='ocr_line' id='line_1_30' title="bbox 253 3700 1514 3774; baseline 0.002 -18"><span class='ocrx_word' id='word_1_227' title='bbox 253 3701 334 3757; x_wconf 91' lang='lat' dir='ltr'>cium</span> <span class='ocrx_word' id='word_1_228' title='bbox 359 3706 388 3757; x_wconf 93' lang='lat' dir='ltr'>et</span> <span class='ocrx_word' id='word_1_229' title='bbox 412 3700 608 3769; x_wconf 89' lang='lat' dir='ltr'>directarum,</span> <span class='ocrx_word' id='word_1_230' title='bbox 633 3717 708 3773; x_wconf 90' lang='lat' dir='ltr'>quas</span> <span class='ocrx_word' id='word_1_231' title='bbox 731 3702 831 3774; x_wconf 89' lang='lat' dir='ltr'>capite</span> <span class='ocrx_word' id='word_1_232' title='bbox 854 3702 949 3772; x_wconf 86' lang='lat' dir='ltr'>sigilli</span> <span class='ocrx_word' id='word_1_233' title='bbox 974 3703 1069 3758; x_wconf 88' lang='lat' dir='ltr'>nostri</span> <span class='ocrx_word' id='word_1_234' title='bbox 1093 3701 1300 3773; x_wconf 88' lang='lat' dir='ltr'>consignando</span> <span class='ocrx_word' id='word_1_235' title='bbox 1325 3708 1426 3759; x_wconf 88' lang='lat' dir='ltr'>vestre</span> <span class='ocrx_word' id='word_1_236' title='bbox 1451 3718 1514 3759; x_wconf 86' lang='lat' dir='ltr'>ma-</span> 
     </span>
     <span class='ocr_line' id='line_1_31' title="bbox 252 3806 1514 3879; baseline 0.002 -17"><span class='ocrx_word' id='word_1_237' title='bbox 252 3806 434 3877; x_wconf 85' lang='lat' dir='ltr'>gnificencie</span> <span class='ocrx_word' id='word_1_238' title='bbox 458 3807 486 3862; x_wconf 91' lang='lat' dir='ltr'>in</span> <span class='ocrx_word' id='word_1_239' title='bbox 511 3807 611 3879; x_wconf 92' lang='lat' dir='ltr'>specie</span> <span class='ocrx_word' id='word_1_240' title='bbox 634 3806 780 3863; x_wconf 88' lang='lat' dir='ltr'>duximus</span> <span class='ocrx_word' id='word_1_241' title='bbox 803 3806 1010 3877; x_wconf 89' lang='lat' dir='ltr'>remittendas,</span> <span class='ocrx_word' id='word_1_242' title='bbox 1026 3822 1158 3864; x_wconf 90' lang='lat' dir='ltr'>unacum</span> <span class='ocrx_word' id='word_1_243' title='bbox 1176 3806 1280 3875; x_wconf 69' lang='lat' dir='ltr'>Paulo</span> <span class='ocrx_word' id='word_1_244' title='bbox 1300 3807 1367 3864; x_wconf 91' lang='lat' dir='ltr'>filio</span> <span class='ocrx_word' id='word_1_245' title='bbox 1391 3810 1514 3879; x_wconf 86' lang='lat' dir='ltr'>lllatbey</span> 
     </span>
     <span class='ocr_line' id='line_1_32' title="bbox 252 3909 1517 3984; baseline 0.002 -15"><span class='ocrx_word' id='word_1_246' title='bbox 252 3911 290 3969; x_wconf 90' lang='lat' dir='ltr'>de</span> <span class='ocrx_word' id='word_1_247' title='bbox 315 3909 484 3982; x_wconf 83' lang='lat' dir='ltr'>Mykulich,</span> <span class='ocrx_word' id='word_1_248' title='bbox 507 3910 673 3968; x_wconf 89' lang='lat' dir='ltr'>discretum</span> <span class='ocrx_word' id='word_1_249' title='bbox 698 3913 801 3969; x_wconf 92' lang='lat' dir='ltr'>virum</span> <span class='ocrx_word' id='word_1_250' title='bbox 825 3914 1008 3984; x_wconf 90' lang='lat' dir='ltr'>magistrum</span> <span class='ocrx_word' id='word_1_251' title='bbox 1035 3913 1115 3970; x_wconf 82' lang='lat' dir='ltr'>lwan</span> <span class='ocrx_word' id='word_1_252' title='bbox 1139 3912 1177 3969; x_wconf 89' lang='lat' dir='ltr'>de</span> <span class='ocrx_word' id='word_1_253' title='bbox 1202 3915 1378 3984; x_wconf 79' lang='lat' dir='ltr'>lloroucba,</span> <span class='ocrx_word' id='word_1_254' title='bbox 1400 3916 1517 3971; x_wconf 90' lang='lat' dir='ltr'>socium</span> 
     </span>
     <span class='ocr_line' id='line_1_33' title="bbox 252 4016 1513 4090; baseline 0.004 -18"><span class='ocrx_word' id='word_1_255' title='bbox 252 4023 282 4072; x_wconf 89' lang='lat' dir='ltr'>et</span> <span class='ocrx_word' id='word_1_256' title='bbox 306 4016 544 4073; x_wconf 89' lang='lat' dir='ltr'>concanonicum</span> <span class='ocrx_word' id='word_1_257' title='bbox 576 4024 716 4074; x_wconf 92' lang='lat' dir='ltr'>nostrum</span> <span class='ocrx_word' id='word_1_258' title='bbox 747 4034 804 4090; x_wconf 90' lang='lat' dir='ltr'>pro</span> <span class='ocrx_word' id='word_1_259' title='bbox 836 4025 924 4090; x_wconf 90' lang='lat' dir='ltr'>parte</span> <span class='ocrx_word' id='word_1_260' title='bbox 956 4018 1111 4075; x_wconf 91' lang='lat' dir='ltr'>dictorum</span> <span class='ocrx_word' id='word_1_261' title='bbox 1143 4017 1260 4086; x_wconf 88' lang='lat' dir='ltr'>iudicis,</span> <span class='ocrx_word' id='word_1_262' title='bbox 1289 4019 1459 4077; x_wconf 92' lang='lat' dir='ltr'>iuratorum</span> <span class='ocrx_word' id='word_1_263' title='bbox 1483 4027 1513 4077; x_wconf 89' lang='lat' dir='ltr'>et</span> 
     </span>
     <span class='ocr_line' id='line_1_34' title="bbox 251 4121 1516 4182; baseline 0.002 -3"><span class='ocrx_word' id='word_1_264' title='bbox 251 4123 368 4179; x_wconf 90' lang='lat' dir='ltr'>civium</span> <span class='ocrx_word' id='word_1_265' title='bbox 391 4121 470 4179; x_wconf 92' lang='lat' dir='ltr'>dicte</span> <span class='ocrx_word' id='word_1_266' title='bbox 494 4124 627 4181; x_wconf 89' lang='lat' dir='ltr'>civitatis</span> <span class='ocrx_word' id='word_1_267' title='bbox 649 4126 763 4181; x_wconf 92' lang='lat' dir='ltr'>montis</span> <span class='ocrx_word' id='word_1_268' title='bbox 784 4124 945 4182; x_wconf 89' lang='lat' dir='ltr'>Greccnsis</span> <span class='ocrx_word' id='word_1_269' title='bbox 961 4132 1108 4181; x_wconf 88' lang='lat' dir='ltr'>actorum.</span> <span class='ocrx_word' id='word_1_270' title='bbox 1126 4125 1201 4180; x_wconf 91' lang='lat' dir='ltr'>ltem</span> <span class='ocrx_word' id='word_1_271' title='bbox 1218 4125 1362 4182; x_wconf 90' lang='lat' dir='ltr'>similiter</span> <span class='ocrx_word' id='word_1_272' title='bbox 1385 4141 1516 4182; x_wconf 87' lang='lat' dir='ltr'>unacum</span> 
     </span>
     <span class='ocr_line' id='line_1_35' title="bbox 252 4228 1517 4303; baseline 0.003 -19"><span class='ocrx_word' id='word_1_273' title='bbox 252 4228 358 4298; x_wconf 90' lang='lat' dir='ltr'>Paulo,</span> <span class='ocrx_word' id='word_1_274' title='bbox 381 4228 447 4285; x_wconf 90' lang='lat' dir='ltr'>filio</span> <span class='ocrx_word' id='word_1_275' title='bbox 470 4228 594 4286; x_wconf 88' lang='lat' dir='ltr'>Chernk</span> <span class='ocrx_word' id='word_1_276' title='bbox 617 4228 655 4286; x_wconf 92' lang='lat' dir='ltr'>de</span> <span class='ocrx_word' id='word_1_277' title='bbox 679 4245 790 4303; x_wconf 90' lang='lat' dir='ltr'>campo</span> <span class='ocrx_word' id='word_1_278' title='bbox 813 4231 1011 4301; x_wconf 88' lang='lat' dir='ltr'>zagrabiensi,</span> <span class='ocrx_word' id='word_1_279' title='bbox 1029 4230 1207 4287; x_wconf 91' lang='lat' dir='ltr'>bominibus</span> <span class='ocrx_word' id='word_1_280' title='bbox 1230 4231 1349 4299; x_wconf 88' lang='lat' dir='ltr'>vestris,</span> <span class='ocrx_word' id='word_1_281' title='bbox 1373 4232 1402 4288; x_wconf 94' lang='lat' dir='ltr'>in</span> <span class='ocrx_word' id='word_1_282' title='bbox 1427 4230 1517 4288; x_wconf 89' lang='lat' dir='ltr'>dictis</span> 
     </span>
     <span class='ocr_line' id='line_1_36' title="bbox 253 4332 1514 4410; baseline 0.002 -22"><span class='ocrx_word' id='word_1_283' title='bbox 253 4332 363 4389; x_wconf 91' lang='lat' dir='ltr'>litteris</span> <span class='ocrx_word' id='word_1_284' title='bbox 386 4333 498 4390; x_wconf 89' lang='lat' dir='ltr'>vestris</span> <span class='ocrx_word' id='word_1_285' title='bbox 521 4333 600 4390; x_wconf 87' lang='lat' dir='ltr'>inter</span> <span class='ocrx_word' id='word_1_286' title='bbox 623 4334 700 4391; x_wconf 86' lang='lat' dir='ltr'>alios</span> <span class='ocrx_word' id='word_1_287' title='bbox 723 4335 863 4392; x_wconf 90' lang='lat' dir='ltr'>homines</span> <span class='ocrx_word' id='word_1_288' title='bbox 887 4342 1005 4393; x_wconf 91' lang='lat' dir='ltr'>vestros</span> <span class='ocrx_word' id='word_1_289' title='bbox 1029 4335 1112 4392; x_wconf 87' lang='lat' dir='ltr'>clare</span> <span class='ocrx_word' id='word_1_290' title='bbox 1135 4341 1165 4391; x_wconf 89' lang='lat' dir='ltr'>et</span> <span class='ocrx_word' id='word_1_291' title='bbox 1191 4336 1373 4393; x_wconf 92' lang='lat' dir='ltr'>nominatim</span> <span class='ocrx_word' id='word_1_292' title='bbox 1391 4352 1514 4410; x_wconf 84' lang='lat' dir='ltr'>expres·</span> 
     </span>
     <span class='ocr_line' id='line_1_37' title="bbox 253 4438 1513 4512; baseline 0.005 -20"><span class='ocrx_word' id='word_1_293' title='bbox 253 4438 302 4507; x_wconf 91' lang='lat' dir='ltr'>sis,</span> <span class='ocrx_word' id='word_1_294' title='bbox 326 4439 428 4495; x_wconf 88' lang='lat' dir='ltr'>virum</span> <span class='ocrx_word' id='word_1_295' title='bbox 453 4439 620 4496; x_wconf 90' lang='lat' dir='ltr'>discretum</span> <span class='ocrx_word' id='word_1_296' title='bbox 643 4443 828 4512; x_wconf 90' lang='lat' dir='ltr'>magistrum</span> <span class='ocrx_word' id='word_1_297' title='bbox 851 4441 1013 4509; x_wconf 82' lang='lat' dir='ltr'>Thomam</span> <span class='ocrx_word' id='word_1_298' title='bbox 1030 4441 1124 4498; x_wconf 91' lang='lat' dir='ltr'>modo</span> <span class='ocrx_word' id='word_1_299' title='bbox 1139 4442 1234 4499; x_wconf 91' lang='lat' dir='ltr'>simili</span> <span class='ocrx_word' id='word_1_300' title='bbox 1258 4443 1377 4499; x_wconf 89' lang='lat' dir='ltr'>socium</span> <span class='ocrx_word' id='word_1_301' title='bbox 1397 4448 1427 4498; x_wconf 92' lang='lat' dir='ltr'>et</span> <span class='ocrx_word' id='word_1_302' title='bbox 1443 4457 1513 4499; x_wconf 91' lang='lat' dir='ltr'>con·</span> 
     </span>
     <span class='ocr_line' id='line_1_38' title="bbox 251 4544 1514 4621; baseline 0.005 -22"><span class='ocrx_word' id='word_1_303' title='bbox 251 4544 431 4600; x_wconf 86' lang='lat' dir='ltr'>canonicum</span> <span class='ocrx_word' id='word_1_304' title='bbox 455 4551 603 4615; x_wconf 88' lang='lat' dir='ltr'>nostrum,</span> <span class='ocrx_word' id='word_1_305' title='bbox 627 4546 767 4603; x_wconf 89' lang='lat' dir='ltr'>homines</span> <span class='ocrx_word' id='word_1_306' title='bbox 797 4553 927 4617; x_wconf 91' lang='lat' dir='ltr'>nostros,</span> <span class='ocrx_word' id='word_1_307' title='bbox 958 4563 1016 4621; x_wconf 91' lang='lat' dir='ltr'>pro</span> <span class='ocrx_word' id='word_1_308' title='bbox 1040 4553 1126 4620; x_wconf 86' lang='lat' dir='ltr'>parte</span> <span class='ocrx_word' id='word_1_309' title='bbox 1157 4547 1311 4604; x_wconf 90' lang='lat' dir='ltr'>dictorum</span> <span class='ocrx_word' id='word_1_310' title='bbox 1336 4549 1364 4605; x_wconf 94' lang='lat' dir='ltr'>in</span> <span class='ocrx_word' id='word_1_311' title='bbox 1389 4563 1514 4605; x_wconf 84' lang='lat' dir='ltr'>causam</span> 
     </span>
     <span class='ocr_line' id='line_1_39' title="bbox 253 4648 1518 4726; baseline 0.005 -22"><span class='ocrx_word' id='word_1_312' title='bbox 253 4652 463 4717; x_wconf 88' lang='lat' dir='ltr'>attractorum‚</span> <span class='ocrx_word' id='word_1_313' title='bbox 487 4648 524 4706; x_wconf 89' lang='lat' dir='ltr'>ad</span> <span class='ocrx_word' id='word_1_314' title='bbox 549 4666 585 4707; x_wconf 90' lang='lat' dir='ltr'>ea</span> <span class='ocrx_word' id='word_1_315' title='bbox 609 4651 793 4723; x_wconf 89' lang='lat' dir='ltr'>peragenda,</span> <span class='ocrx_word' id='word_1_316' title='bbox 824 4667 884 4723; x_wconf 89' lang='lat' dir='ltr'>que</span> <span class='ocrx_word' id='word_1_317' title='bbox 915 4653 946 4709; x_wconf 91' lang='lat' dir='ltr'>in</span> <span class='ocrx_word' id='word_1_318' title='bbox 976 4652 1092 4709; x_wconf 87' lang='lat' dir='ltr'>eisdem</span> <span class='ocrx_word' id='word_1_319' title='bbox 1125 4653 1234 4710; x_wconf 91' lang='lat' dir='ltr'>litteris</span> <span class='ocrx_word' id='word_1_320' title='bbox 1258 4654 1368 4710; x_wconf 87' lang='lat' dir='ltr'>vestris</span> <span class='ocrx_word' id='word_1_321' title='bbox 1395 4653 1518 4726; x_wconf 91' lang='lat' dir='ltr'>plenius</span> 
     </span>
     <span class='ocr_line' id='line_1_40' title="bbox 253 4739 1520 4831; baseline 0.006 -21"><span class='ocrx_word' id='word_1_322' title='bbox 253 4754 454 4823; x_wconf 89' lang='lat' dir='ltr'>continentur,</span> <span class='ocrx_word' id='word_1_323' title='bbox 477 4757 590 4813; x_wconf 88' lang='lat' dir='ltr'>nostris</span> <span class='ocrx_word' id='word_1_324' title='bbox 613 4771 671 4829; x_wconf 94' lang='lat' dir='ltr'>pro</span> <span class='ocrx_word' id='word_1_325' title='bbox 690 4739 878 4815; x_wconf 85' lang='lat' dir='ltr'>testimoniis</span> <span class='ocrx_word' id='word_1_326' title='bbox 893 4772 952 4831; x_wconf 90' lang='lat' dir='ltr'>pro</span> <span class='ocrx_word' id='word_1_327' title='bbox 968 4758 1106 4830; x_wconf 88' lang='lat' dir='ltr'>utrisque</span> <span class='ocrx_word' id='word_1_328' title='bbox 1123 4758 1264 4831; x_wconf 89' lang='lat' dir='ltr'>partibus</span> <span class='ocrx_word' id='word_1_329' title='bbox 1287 4759 1520 4817; x_wconf 89' lang='lat' dir='ltr'>transmisimus</span> 
     </span>
    </p>
   </div>
   <div class='ocr_carea' id='block_1_8' title="bbox 0 0 1753 5242">
    <p class='ocr_par' dir='ltr' id='par_1_8' title="bbox 0 0 1753 5242">
     <span class='ocr_line' id='line_1_41' title="bbox 0 0 1753 5242; baseline 0 0"><span class='ocrx_word' id='word_1_330' title='bbox 0 0 1753 5242; x_wconf 95' lang='lat' dir='ltr'> </span> 
     </span>
    </p>
   </div>
  </div>
 </body>
</html>
