3488 5242
272 322 334 382 ²²4
689 303 762 361 Doc.
785 316 856 381 242.
883 336 920 346 -
945 304 1002 362 An.
1027 299 1115 381 1361.

269 507 415 577 pretacte‚
439 501 490 558 vel
512 500 624 558 saltem
647 501 712 558 sine
735 500 905 574 preiudicio
928 502 1025 575 partis
1048 502 1111 559 lese
1134 503 1256 560 actricis
1271 503 1323 561 vel
1339 504 1384 560 rei
1399 503 1432 561 id
1450 504 1534 578 quod

269 607 407 666 iudicum
428 607 460 664 in
482 620 615 681 persona
636 607 722 678 regia
745 613 862 679 spectat
883 606 921 663 ad
939 608 1097 678 honorem,
1114 606 1250 680 predicte
1265 608 1368 666 littere
1384 609 1534 667 haberent

267 713 320 770 vel
342 717 467 787 possent
489 712 638 782 relaxare,
659 713 717 769 hac
747 712 786 769 de
816 728 908 769 causa
937 712 1029 770 iudex
1061 718 1090 770 et
1120 714 1211 772 iurati
1242 728 1277 771 ac
1309 715 1392 772 cives
1421 715 1535 772 montis

267 818 460 889 Grechensis,
483 817 593 876 fideles
616 823 647 875 et
671 817 800 875 devotos
830 833 902 876 suos
932 820 1094 876 canonicos
1126 819 1256 893 capituli
1277 820 1405 878 ecclesie
1428 836 1533 892 zagra-

266 925 382 983 biensis
405 924 437 982 in
459 923 574 983 iudicio
597 924 774 999 calumpnie
805 931 912 982 contra
940 925 1024 997 ipsos
1055 930 1125 982 ante
1156 930 1298 999 tempora
1320 924 1459 999 predicte
1480 942 1534 983 sue

266 1033 369 1104 gracie
391 1031 552 1112 generalis,
576 1031 607 1087 in
630 1045 692 1103 quo
715 1045 809 1103 super
840 1029 921 1088 facto
953 1031 1195 1104 possessionario
1225 1030 1257 1088 in
1279 1032 1438 1103 presencia
1463 1047 1533 1089 con-

266 1135 339 1194 dam
364 1136 518 1208 magnifici
544 1136 603 1193 viri
627 1136 787 1193 Laurencii
810 1142 881 1193 tunc
904 1137 1134 1194 tavarnicorum
1157 1151 1286 1194 suorum
1303 1137 1444 1209 magistri
1467 1153 1533 1194 sen·

265 1244 388 1301 tenciati
410 1244 590 1313 extitissent,
613 1257 783 1315 aggravare
807 1243 988 1299 nitterentur
1011 1247 1118 1300 contra
1137 1241 1272 1299 formam
1300 1243 1450 1315 premisse
1478 1259 1531 1300 sue

266 1349 368 1420 gracie
390 1349 550 1421 generalis.
582 1348 651 1421 Ipse
681 1347 786 1420 itaque
820 1348 975 1420 predictus
1006 1346 1151 1405 dominus
1178 1336 1285 1405 'noster
1315 1364 1378 1418 rex,
1410 1349 1464 1421 qui
1494 1365 1531 1406 ex

265 1453 371 1512 officio
392 1455 527 1528 suscepti
550 1454 597 1511 sui
620 1454 780 1525 regiminis
810 1459 840 1510 et
870 1454 945 1511 iuris
975 1455 1110 1526 equitate
1136 1453 1284 1511 svadente
1307 1469 1378 1512 suas
1401 1454 1532 1522 litteras,

265 1561 317 1618 vel
340 1561 417 1618 alias
440 1561 579 1632 graciose
602 1565 759 1617 emanatas
789 1560 969 1616 contrahere
991 1566 1022 1617 et
1045 1560 1208 1617 extendere
1231 1567 1260 1616 et
1284 1566 1433 1633 quantum
1458 1560 1529 1634 plus

266 1666 317 1723 vel
341 1667 444 1723 minus
467 1666 606 1723 valerent
630 1665 826 1738 interpretari
848 1665 985 1737 haberet,
1019 1665 1058 1722 de
1083 1666 1243 1723 voluntate
1274 1672 1304 1723 et
1335 1666 1530 1739 beneplacito

264 1772 388 1830 domine
411 1760 516 1845 regine
538 1764 718 1848 genitricils)
749 1787 802 1828 sue
833 1771 994 1829 karissime
1027 1778 1056 1828 et
1088 1771 1126 1829 de
1157 1787 1305 1830 consensu
1337 1773 1529 1844 prelatorum

266 1884 296 1936 et
316 1878 470 1952 baronum
494 1879 582 1950 regni
604 1878 651 1935 sui
674 1883 796 1935 matura
819 1893 890 1935 curn
913 1877 1029 1935 eisdem
1054 1877 1280 1936 deliberacione
1298 1878 1462 1951 prehabita
1478 1877 1529 1934 de-

264 1984 418 2054 clarasset,
442 1983 526 2057 quod
550 1985 647 2041 eciam
671 1984 778 2055 vigore
794 1989 824 2040 et
839 1984 954 2041 virtute
969 1984 1144 2041 litterarum
1167 2000 1293 2041 suarum
1316 1985 1528 2056 graciosarum

264 2096 473 2165 pretactarum
497 2090 669 2163 capitulum
701 2089 828 2147 ecclesie
858 2090 1065 2162 zagrabiensis
1095 2106 1113 2146 a
1144 2089 1283 2163 predicto
1316 2089 1452 2147 iudiciali
1480 2105 1529 2146 ca·

264 2196 405 2270 lumpnie
428 2197 617 2269 gravamine,
652 2210 769 2253 necnon
793 2186 863 2252 alii‘s
886 2197 1048 2268 quibusvis
1071 2197 1305 2268 gravaminibus
1328 2195 1526 2253 iudicialibus
1552 2267 1554 2272 .

263 2317 322 2376 pro
344 2318 424 2360 anno
448 2303 565 2360 domini
589 2308 619 2359 et
642 2307 783 2374 tempore
800 2302 987 2375 prescriptis,
1004 2307 1069 2358 tam
1085 2316 1143 2374 pro
1158 2306 1247 2375 parte
1267 2300 1414 2372 iudicum,
1433 2316 1528 2374 quam

262 2424 322 2481 pro
342 2415 430 2483 parte
454 2408 678 2479 inlitigancium
702 2407 843 2464 veniente
866 2406 1032 2467 comodum
1056 2413 1183 2478 extaret,
1207 2414 1237 2465 et
1259 2407 1300 2464 ab
1324 2422 1360 2464 eo
1388 2412 1528 2480 tempore

262 2512 325 2587 quo
348 2529 450 2587 supra,
467 2514 615 2571 extitisset
637 2512 817 2586 expeditum
840 2521 869 2570 et
891 2514 1037 2570 immune.
1062 2513 1110 2570 Ad
1133 2514 1311 2571 uberiorem
1334 2519 1438 2570 tamen
1454 2528 1525 2570 cau·

262 2621 365 2692 telam,
389 2621 462 2694 quia
484 2625 623 2676 sanctam
647 2625 780 2677 matrem
811 2620 973 2676 ecclesiam
1004 2626 1034 2677 et
1065 2619 1123 2677 deo
1157 2619 1343 2677 famulantes
1367 2620 1397 2677 in
1420 2619 1527 2677 eadem

262 2741 367 2798 regem
408 2725 576 2798 graciosius
606 2725 753 2799 prosequi
784 2729 981 2799 competeret,
1012 2725 1187 2798 predictum
1218 2726 1391 2799 capitulum
1422 2741 1526 2798 zagra-

262 2832 367 2889 biense
389 2847 407 2888 a
431 2830 569 2905 predicto
592 2830 730 2889 iudiciali
764 2831 941 2904 calumpnie
973 2832 1153 2904 gravamine
1176 2832 1206 2888 in
1230 2847 1293 2904 quo
1316 2837 1422 2889 contra
1445 2833 1528 2889 cives

262 2936 452 2995 Grechenses
475 2937 560 3010 ipsos
582 2937 744 2994 canonicos
774 2952 827 2993 seu
858 2936 1031 3010 capitulum
1061 2937 1147 2994 iuxta
1177 2938 1364 2995 sentenciam
1396 2937 1527 3010 predicti

263 3043 403 3114 magistri
437 3044 666 3100 tavarnicorum
704 3058 831 3100 suorum
869 3044 1052 3100 remansisse
1089 3043 1300 3116 perhibentur,
1343 3043 1380 3100 de
1424 3044 1527 3115 gracia

262 3150 390 3222 speciali
412 3165 499 3207 mero
522 3155 609 3206 motu
633 3155 662 3206 et
686 3148 724 3205 de
748 3149 939 3222 plenitudine
962 3151 1045 3221 regie
1068 3150 1200 3222 pietatis
1224 3150 1308 3207 etad
1329 3150 1447 3221 largius
1464 3164 1526 3222 quo

264 3256 367 3327 gracie
390 3257 474 3328 regie
497 3263 622 3329 possent
645 3256 849 3328 interpretari,
880 3255 919 3313 de
947 3256 1027 3313 bona
1058 3257 1217 3313 voluntate
1245 3264 1274 3312 et
1297 3271 1421 3313 assensu
1445 3254 1525 3313 dicte

262 3360 387 3418 domine
421 3361 525 3432 regine
549 3354 728 3440 genitrici(s)
759 3377 813 3418 sue
843 3361 1003 3419 karissime
1032 3378 1068 3419 ac
1097 3362 1288 3435 prelatorum
1312 3370 1341 3418 et
1374 3363 1526 3418 baronum

262 3468 348 3539 regui
371 3468 418 3524 sui
442 3467 585 3523 exomni
608 3473 695 3540 parte
719 3473 782 3524 tam
807 3468 910 3541 ipsum
932 3468 1095 3525 dominum
1118 3483 1223 3538 regern
1247 3468 1297 3525 vel
1327 3467 1442 3524 iudices
1459 3468 1526 3523 vice

262 3588 315 3629 sue
338 3589 476 3646 persone,
511 3588 605 3646 quam
636 3575 733 3631 eciam
757 3573 951 3632 adversarios
981 3581 1135 3648 pretactos
1166 3581 1316 3646 tangente,
1351 3574 1473 3647 penitus
1496 3578 1525 3628 et

261 3679 388 3736 omnino
410 3695 448 3736 ex
479 3679 766 3753 superhabundanti
796 3695 878 3737 nova
909 3681 1005 3737 eciam
1037 3679 1205 3737 donacione
1228 3697 1265 3736 ex
1290 3686 1372 3736 certa
1396 3679 1526 3736 sciencia

262 3785 479 3842 exhonerasset
503 3792 532 3842 et
555 3785 748 3856 absolvisset,
772 3785 957 3842 reddidisset
981 3793 1010 3843 et
1032 3787 1202 3843 comisisset
1233 3784 1402 3858 expeditos
1428 3785 1524 3856 preci·

261 3889 377 3960 piendo
400 3890 545 3946 omnibus
568 3888 731 3959 iudicibus,
755 3897 816 3947 tam
843 3890 923 3947 infra
946 3890 1077 3948 confinia
1109 3891 1193 3962 regni
1226 3892 1282 3960 sui,
1306 3905 1400 3962 quarn
1424 3891 1521 3946 eciam

261 3995 292 4051 in
316 3994 454 4052 dominio
477 4011 530 4052 seu
554 3995 676 4052 Ducatu
707 3995 825 4053 domini
850 3996 998 4078 Johannis
1028 3995 1123 4063 ducis
1147 3997 1268 4068 nepotis
1291 3997 1338 4052 sui
1361 3994 1524 4058 karissimi,

261 4100 433 4157 constitutis
458 4101 507 4158 vel
532 4101 750 4158 constituendis
773 4102 804 4158 iu
828 4100 974 4171 futurum,
1007 4101 1142 4158 cuiusvis
1172 4102 1361 4158 auctoritatis
1385 4109 1414 4158 et
1438 4117 1524 4173 pree·

261 4206 411 4263 minencie
442 4207 612 4264 exstiterint
646 4213 675 4263 et
698 4207 810 4278 quovis
838 4207 962 4264 honoris
985 4213 1015 4263 et
1038 4206 1195 4278 dignitatis
1217 4208 1341 4264 nomine
1366 4205 1521 4277 fulgerent

260 4311 346 4383 regio
368 4310 461 4368 firmo
484 4313 542 4369 sub
566 4312 674 4383 edicto,
699 4311 782 4384 quod
814 4319 943 4386 propter
974 4311 1147 4385 predictum
1180 4311 1323 4369 iudiciale
1347 4312 1523 4385 calumpnie

260 4431 428 4487 gravamen
464 4423 569 4474 contra
591 4417 674 4474 cives
697 4416 888 4475 Grecbenses
911 4417 1017 4489 aliquo
1040 4432 1177 4488 unquam
1206 4424 1346 4489 ternpore
1370 4425 1522 4490 pretactos

260 4519 370 4579 fideles
392 4538 463 4579 suos
486 4523 647 4580 canonicos
667 4528 697 4579 et
720 4523 892 4595 capitulum
915 4523 1042 4580 ecclesie
1058 4523 1265 4593 zagrabiensis
1281 4524 1310 4579 in
1328 4522 1454 4596 speciali
1472 4523 1521 4579 vel

260 4628 406 4699 generali,
429 4629 635 4686 communiter
658 4628 709 4685 vel
732 4627 866 4693 divisim.
889 4628 1016 4685 realiter
1038 4627 1103 4684 sive
1126 4628 1330 4699 personaliter
1353 4630 1385 4685 in
1408 4627 1521 4685 iudicio

260 4734 312 4790 vel
336 4740 422 4791 extra
444 4734 623 4818 inquietare,
647 4734 821 4804 molestare,
845 4734 1028 4808 perturbare
1050 4749 1104 4790 seu
1126 4733 1233 4805 aliquo
1257 4733 1350 4791 modo
1372 4733 1521 4791 auderent
