3488 5242
269 333 395 393 CXCIV
814 330 999 406 Argumenta.

291 621 330 671 13.
350 613 427 663 Anno
449 619 524 669 1235.
544 609 699 677 Zugrabiee.
718 610 883 672 Pancratius.
902 611 1027 663 ecclesiae
1044 610 1222 678 zngrabiensis
1243 617 1343 671 cautor,
1362 536 1520 662 emitpw

348 700 382 750 ab
400 698 539 751 ordinario
557 698 691 764 Stephano
709 697 744 750 II.
764 704 864 750 terram
882 699 981 767 Crogh,
1001 713 1080 763 quem
1099 699 1218 766 capitulo
1235 700 1317 751 donat
1323 726 1417 740 ······
1497 709 1530 751 1ο

290 816 329 868 14.
348 808 426 857 Anno
447 814 521 865 1237.
541 803 695 871 Zugrabiae.
708 805 857 872 Stephanus
865 805 900 858 II.
910 806 1048 872 episcopus
1058 806 1176 858 restituit
1187 807 1305 874 capitulo
1316 806 1423 873 zagrab.
1524 820 1529 830 ’

347 895 487 962 praedium
505 893 644 960 Toplicha.
665 895 718 944 I‘ro
737 895 831 960 Vugra
849 901 875 946 et
893 895 982 946 Zelina
1000 895 1139 962 praedium
1160 895 1293 959 Podgoriu
1311 901 1337 946 et
1357 897 1423 946 duas

347 984 446 1035 insulas
464 984 498 1034 ad
516 984 613 1034 Savum
630 982 695 1033 situs
714 983 800 1042 offert.
828 997 878 1050 pro
902 983 1032 1035 fructibus
1051 983 1149 1034 iniuste
1168 984 1283 1050 acceptis
1301 993 1361 1044 300.
1380 999 1423 1035 cu-

345 1072 423 1123 bulos
441 1072 505 1132 vini,
532 1075 648 1136 quatuor
666 1077 757 1123 aratra
780 1071 926 1138 Zagrabiae
953 1087 1013 1123 cum
1032 1078 1145 1135 quatuor
1167 1071 1347 1123 mansionibus
1367 1087 1419 1123 ser-

346 1175 442 1211 vorum
465 1159 593 1211 concedit.
620 1159 740 1225 Spatium
764 1159 829 1211 item
856 1175 947 1211 versus
971 1160 1215 1227 septemtrionalem
1236 1167 1339 1226 partem
1358 1163 1422 1211 eccl.

346 1249 508 1300 cathedralis
533 1264 591 1300 cum
617 1248 727 1314 piscina,
753 1248 859 1312 quoda
884 1248 994 1300 fundata
1019 1248 1129 1300 ecclesia
1148 1248 1260 1316 capituli
1280 1249 1368 1307 suerit,
1389 1264 1419 1299 ac

346 1339 451 1390 demum
464 1338 506 1389 ius
518 1338 632 1389 testandi
645 1342 671 1388 et
689 1337 811 1389 intestate
830 1337 1013 1389 decedentium
1031 1336 1206 1388 substantiam
1224 1336 1364 1397 mactandi,
1382 1352 1422 1387 ca·

345 1426 508 1493 pitularibus
527 1425 659 1492 permittit
666 1450 1417 1466 ···········································
1496 1436 1524 1476 ιι

287 1541 326 1591 15.
345 1536 422 1584 Anno
443 1543 518 1594 1240.
538 1531 564 1582 b.
584 1530 665 1595 Junii.
686 1531 834 1597 Gregorius
854 1531 903 1604 IX.
923 1533 995 1597 Papa
1024 1531 1118 1582 scribit
1144 1532 1289 1584 Colomuno
1317 1531 1376 1596 regi
1395 1538 1421 1582 et

345 1622 406 1673 duci
425 1620 579 1673 Scluvoniue
598 1620 631 1670 de
649 1619 746 1671 unione
765 1619 935 1670 eeclesiarum
952 1619 1112 1685 Spalatensis
1130 1624 1155 1670 et
1174 1619 1358 1687 Zagrubiensis
1372 1647 1378 1659 ·
1390 1648 1414 1660 ··
1494 1629 1523 1680 13

283 1728 324 1778 16,
343 1730 420 1778 Anno
435 1737 510 1789 1241,
524 1728 563 1777 18.
577 1722 815 1792 maii.'Zagrabiae.
828 1725 892 1775 Bela
905 1725 950 1777 IV.
966 1725 1120 1792 ilungariae
1133 1732 1182 1777 etc.
1195 1741 1251 1784 rex,
1266 1725 1416 1793 pontificem

345 1816 378 1867 de
397 1815 531 1866 invasione
549 1814 724 1866 Tartarorum
743 1813 769 1864 in
788 1813 956 1880 liungariam
975 1815 1066 1865 edocet
1073 1839 1417 1855 ....................
1424 1804 1429 1815 ’

287 1928 325 1977 17.
345 1924 421 1972 Anno
437 1932 511 1982 1241,
527 1923 566 1992 16.
579 1919 781 1996 Junii.·Romae.
802 1919 950 1985 Gregorius
962 1920 1012 1999 IX.
1028 1921 1106 1987 Papa,
1124 1919 1295 1988 praepositis:
1314 1919 1419 1988 zagrub.

344 2018 371 2062 et
381 2010 526 2062 chasmensi
537 2025 566 2060 ac
576 2010 710 2076 superiori
720 2009 823 2060 ordinis
833 2009 947 2060 fratrum
961 2009 1176 2060 Praedicatorum
1190 2010 1295 2076 zagrab.
1305 2010 1420 2066 mundat,

343 2116 375 2151 ne
393 2115 482 2165 regern
502 2099 592 2149 Belem
611 2098 747 2149 molestari
766 2097 923 2164 permittant
929 2123 1415 2138 ...........................

285 2208 325 2258 18.
344 2208 421 2257 Auno
443 2215 517 2267 1242,
540 2206 578 2255 16.
598 2203 758 2255 novembris.
779 2205 858 2270 Apud
878 2204 1033 2255 Wereuzha.
1054 2205 1117 2254 bela
1133 2203 1179 2254 IV.
1200 2204 1355 2271 Hungariae
1369 2208 1418 2254 ctc.

342 2310 399 2354 rex,
425 2293 527 2346 civitati
547 2292 643 2344 montis
663 2292 820 2344 Grechensis
837 2308 883 2343 seu
903 2293 1081 2358 zagrnbiensis
1100 2293 1214 2359 insignes
1233 2292 1371 2343 libertates
1391 2298 1417 2342 et

342 2385 401 2449 jura
421 2382 524 2433 confert
540 2407 1060 2422 ······························
1072 2421 1078 2433 .
1090 2406 1414 2421 ···················

284 2500 322 2554 19.
344 2491 421 2568 Circa
439 2503 481 2540 eu.
507 2496 689 2549 1242-1250.
715 2489 776 2538 Bela
795 2487 842 2538 IV.
868 2488 957 2551 Hung.
984 2494 1033 2537 etc.
1053 2503 1099 2537 rex
1120 2488 1259 2538 conventui
1280 2488 1415 2538 Praedica-

342 2586 431 2630 torum
448 2577 593 2640 Zagrubiae
608 2577 795 2642 possessionem
807 2576 906 2635 Blizna‚
925 2581 1040 2626 montem
1055 2578 1171 2642 Warheg
1184 2593 1214 2626 ac
1227 2583 1310 2627 terras
1325 2577 1416 2628 Crath-

342 2668 417 2719 kidol
436 2672 462 2716 et
487 2666 571 2723 Luka.
598 2665 700 2715 confert
706 2691 1428 2706 ········································

280 2784 321 2825 20.
341 2776 390 2824 An.
417 2783 494 2834 1244.
518 2773 665 2838 Stephanus
685 2771 717 2824 II.
738 2771 879 2838 episcopus
897 2772 1003 2838 uagrab.
1029 2771 1179 2838 hospitibus
1200 2773 1248 2831 „de
1267 2772 1326 2822 vico
1344 2771 1417 2822 Lati·

341 2873 436 2913 norum
449 2860 628 2927 'Zagrabiae“‚
652 2862 780 2925 quasdam
798 2860 938 2912 libertates
957 2860 1060 2912 confert
1085 2887 1411 2900 ...................

280 2979 320 3019 21.
340 2970 416 3019 Anno
438 2969 511 3029 1246,
531 2978 573 3018 22.
592 2967 694 3033 aprilis.
716 2967 850 3032 Lugduni.
867 2968 1034 3019 Innocentius
1052 2967 1099 3018 IV.
1127 2969 1197 3034 Papa
1222 2967 1348 3034 episcopo
1377 2982 1417 3017 aa·
1489 2955 1491 2959 ’

341 3055 477 3122 grabieusi
495 3055 607 3114 nuntiat,
625 3071 657 3105 ne
676 3055 736 3118 quis
754 3055 824 3106 sedis
842 3055 1004 3121 apostolicae
1023 3056 1161 3121 delegatus
1174 3057 1215 3106 vel
1227 3056 1416 3122 subdelegatus

341 3151 433 3195 contra
451 3159 511 3196 eum
530 3149 576 3194 aut
595 3145 731 3194 ecclesiam
750 3144 905 3194 sententiam
924 3144 1203 3194 excommunicationis
1216 3147 1258 3195 vel
1271 3144 1415 3202 interdicti,

341 3234 440 3297 absque
457 3233 527 3283 sedis
546 3233 706 3298 apostolicae
725 3234 856 3290 mundato,
876 3235 1048 3298 promulgare
1066 3235 1152 3284 valeat
1174 3259 1410 3274 ··············

279 3351 320 3391 22.
338 3343 414 3390 Anno
436 3341 509 3401 1246.
529 3350 553 3389 2.
572 3338 635 3389 maii
655 3338 787 3405 Lugduni.
807 3339 973 3389 Innocentius
984 3338 1030 3392 IV.
1043 3340 1120 3404 Papa,
1140 3342 1241 3390 relevat
1259 3339 1412 3406 episcopum

340 3434 365 3477 et
382 3427 528 3492 capitulum
544 3427 725 3502 ¹zagrabiense
743 3441 758 3476 a
777 3427 937 3514 recipiendis
966 3429 1008 3477 vel
1037 3428 1209 3494 providendis
1233 3427 1337 3493 legatis,
1364 3429 1414 3478 nisi

340 3531 494 3582 expressum
512 3515 625 3565 habeant
644 3517 678 3565 ab
696 3517 843 3581 apostolica
861 3517 922 3565 sede
941 3518 1093 3567 mandatum
1100 3544 1408 3557 ··················

279 3630 321 3679 23.
340 3623 417 3670 Anno
438 3628 512 3695 1247.
536 3630 573 3670 11,
592 3627 658 3686 sept.
677 3620 708 3671 In
726 3621 827 3672 Zolum.
853 3621 917 3672 Belo
935 3623 982 3674 IV.
1003 3623 1158 3687 Hungariae
1177 3629 1225 3673 etc.
1245 3638 1293 3673 rex
1312 3622 1414 3674 confert

338 3708 456 3773 capitulo
474 3708 638 3773 zagrabiensi
657 3715 772 3759 montem
791 3711 898 3776 Gradyz
917 3710 991 3762 iuxta
1010 3712 1175 3776 Zagrabiam‚
1196 3718 1224 3761 ut
1241 3711 1278 3761 ibi
1293 3710 1414 3761 aedilicia
1443 3707 1445 3711 '

339 3802 445 3847 extruat
462 3797 602 3860 locumque
621 3797 722 3847 muniat
729 3825 1408 3840 ·······································

268 3912 320 3986 24.
339 3904 416 3951 Anno
439 3902 549 3962 1248.1.
565 3903 687 3980 octobris.
703 3903 836 3969 Lugduni.
852 3904 993 3972 Philippus
1006 3907 1180 3956 cancellarius
1192 3905 1293 3956 Mariae
1306 3906 1412 3972 reginae

339 3991 493 4055 Hungariue
511 4007 526 4042 a
545 3992 663 4058 capitulo
688 3994 851 4059 zagrabiensi
878 3994 905 4044 io
931 3995 1084 4061 episcopum
1103 3995 1299 4060 zagrabiensem
1318 3995 1413 4045 vitiose

338 4080 449 4146 eligitur
462 4107 821 4122 ·····················
834 4112 856 4133 .·
869 4110 1266 4122 ·······················
1281 4112 1283 4116 >
1297 4109 1409 4122 ·······
1503 4095 1517 4134 2

278 4196 318 4246 25.
339 4187 416 4238 Circa
427 4203 486 4238 ann.
503 4198 577 4246 1250.
597 4187 659 4237 Bela
672 4189 719 4239 IV.
734 4189 821 4254 iiung.
835 4197 883 4240 etc.
898 4205 944 4238 rex
964 4189 1092 4238 iratribus
1112 4189 1290 4240 cisterciensis
1311 4188 1411 4238 ordinis

267 4332 269 4336 Α
338 4274 584 4342 ininsula'Egidii,
605 4285 701 4329 terram
720 4278 797 4327 unius
816 4279 898 4329 aratri
919 4277 1029 4328 confert.
1037 4305 1400 4318 ·····················
1480 4291 1494 4328 2

277 4364 318 4416 26.
337 4364 413 4414 Anno
436 4375 509 4423 1251.
532 4375 571 4425 15.
591 4367 647 4416 dec.
667 4365 778 4415 Perusii.
797 4366 964 4417 Innocentius
983 4367 1030 4417 IV.
1051 4367 1123 4432 Papa
1141 4366 1271 4425 concedit,
1294 4373 1322 4416 ut
1343 4365 1409 4417 iesto

337 4468 356 4503 s.
376 4453 501 4519 Stephani
520 4455 591 4520 regis
610 4455 637 4505 in
655 4454 763 4504 ecclesia
783 4455 929 4505 cathedrali
943 4456 1049 4518 zagrab.
1060 4455 1242 4521 indulgentiae
1251 4465 1294 4515 40.
1307 4455 1410 4506 dierum

337 4544 539 4610 promulgentur
547 4570 1404 4587 ·················································
1482 4557 1496 4595 2

276 4639 316 4684 27.
338 4633 415 4681 Anno
436 4641 511 4691 1252.
530 4634 554 4685 8.
574 4632 641 4684 iebr.
662 4634 773 4686 Perusii.
792 4633 960 4686 Innocentius
978 4635 1026 4686 1v.
1046 4636 1126 4701 Papa,
1146 4635 1266 4686 concedit
1290 4634 1409 4701 capitulo

336 4720 452 4788 amab„
470 4727 501 4772 ut
518 4724 552 4773 ad
571 4723 688 4789 aliquem
705 4723 761 4775 sive
780 4723 960 4792 recipiendum
978 4725 1034 4776 sive
1052 4724 1204 4791 praebenda
1216 4724 1260 4774 vel
1272 4722 1409 4773 beneficiis

336 4809 520 4864 ecclesiasticis
537 4812 741 4892 providendum,
760 4814 889 4881 elegatis
908 4813 1062 4881 apostolicis
1080 4812 1207 4879 compelli
1225 4827 1278 4863 non
1291 4810 1403 4877 possit··
1480 4809 1513 4864 2l
