3488 5242
260 359 318 418 roo
683 356 755 413 Doc.
779 351 851 430 189.
878 387 913 396 -
939 353 995 411 An.
1019 367 1107 432 1343.

692 460 922 467 -—.-—.-—--
929 459 1027 466 ——-
1044 457 1303 465 ---—-..-———-—

255 557 390 615 indebite
413 562 518 614 exacte
547 555 661 613 suerint
684 555 734 613 vel
758 553 796 611 de
821 555 887 610 iure
910 554 991 625 exigi
1020 552 1198 621 debeantur,
1219 551 1258 608 de
1283 549 1441 623 premissis
1464 565 1520 623 per

256 670 390 720 vestram
421 662 593 720 amiciciam
625 660 765 733 indagari
799 659 933 717 velimus
965 659 1143 727 veritatem;
1178 657 1351 714 amiciciam
1385 661 1520 712 vestram

255 768 450 841 presentibus
474 768 661 840 requirimus
684 766 857 838 diligenter,
881 769 1039 838 quatenus,
1068 763 1225 836 quomodo
1248 767 1278 820 et
1302 762 1444 834 qualiter,
1468 767 1520 818 aut

254 872 293 930 de
317 873 431 946 quibus
454 874 547 929 rebus
570 873 639 930 aliis
662 872 843 945 retrolapsis
871 871 1065 944 temporibus
1092 870 1158 943 ipse
1192 870 1346 926 tricesime
1368 868 1520 940 reginales

256 983 361 1036 exacte
384 976 499 1035 fuerint
522 987 553 1036 et
575 978 712 1050 exegisse
742 976 896 1046 exististiS,
929 982 958 1032 et
982 975 1155 1049 specialiter
1190 979 1296 1032 utrum
1326 974 1365 1031 de
1399 972 1521 1030 florenis

255 1090 284 1142 et
307 1091 453 1158 prompta
476 1084 605 1156 pecunia
629 1082 667 1140 de
683 1082 835 1139 extraneis
851 1081 992 1154 partibus
1008 1082 1039 1138 in
1055 1080 1240 1153 Zagrabiam
1256 1080 1307 1136 vel
1324 1078 1519 1136 Sclauoniam

256 1190 386 1264 portatis
409 1195 439 1247 et
462 1189 637 1247 deferendis
661 1188 816 1246 tricesima
839 1187 922 1259 exigi
937 1185 1030 1244 fuerit
1049 1191 1228 1244 consvetum
1245 1202 1301 1242 nec
1315 1202 1361 1255 ne,
1378 1186 1521 1242 similiter

255 1311 326 1353 cum
350 1294 496 1368 predictis
520 1297 613 1352 rebus
637 1296 923 1354 mercimonialibus
947 1300 976 1352 et
999 1295 1069 1352 aliis
1091 1292 1237 1370 jumentis
1257 1292 1405 1366 predictis
1433 1292 1520 1350 trice-

257 1402 370 1459 simam
392 1401 443 1457 vel
467 1401 618 1458 tributum
643 1401 859 1459 tricesimatori
882 1401 1003 1458 solvere
1027 1399 1087 1456 sint
1108 1400 1148 1456 ab
1177 1399 1303 1471 antiquo
1333 1399 1468 1455 consveti
1492 1404 1521 1455 et

257 1507 357 1565 facere
380 1511 547 1577 teneantur,
570 1522 608 1564 an
632 1521 701 1576 non,
718 1511 839 1563 matura
856 1505 1082 1564 deliberacione
1107 1506 1184 1562 inter
1208 1519 1264 1561 vos
1287 1504 1457 1577 prehabita,
1481 1504 1519 1561 ad

256 1611 438 1670 fidelitatem
466 1618 566 1669 vestre
590 1612 786 1670 discrecionis
815 1612 947 1685 reginali
970 1611 1155 1669 excellencie
1187 1610 1336 1678 habitam,
1367 1609 1466 1666 eidem
1491 1618 1520 1667 et

255 1717 345 1776 nobis
368 1719 481 1776 seriose
504 1718 614 1775 litteris
637 1718 814 1792 patentibus
845 1718 1054 1775 rescribentes.
1087 1716 1201 1773 Datum
1230 1716 1261 1772 in
1284 1715 1420 1785 Modrus,
1445 1714 1521 1773 feria
1611 1749 1612 1753 =

257 1830 367 1898 quarta
393 1824 537 1897 proxima
570 1830 640 1898 post
669 1823 781 1881 festum
806 1825 968 1881 beatorum
993 1822 1075 1879 Petri
1113 1826 1143 1879 et
1177 1821 1264 1878 Pauli
1298 1821 1520 1894 apostolorum.

259 1931 348 1988 Anno
371 1929 489 1986 domini
513 1928 679 1987 MCCCXL
702 1930 803 1988 tercio.

345 2063 367 2113 E
385 2069 550 2129 transumpto
570 2064 675 2115 Nicolai
698 2066 759 2116 bani
780 2066 861 2116 totius
880 2064 1027 2122 slavoniae,
1047 2078 1115 2113 anno
1137 2071 1210 2124 1343.

846 2352 930 2419 189.

364 2511 441 2559 Anno
463 2517 536 2570 1343,
554 2524 579 2570 4
598 2510 672 2576 Julii.
692 2510 722 2560 ln
741 2510 801 2561 foro
818 2512 934 2562 Modrus.

287 2638 434 2694 Domnius
456 2654 544 2694 comcs
584 2638 694 2712 chlac.
725 2639 884 2697 Modrus‘ae
905 2649 934 2698 et
953 2640 1083 2714 I'uz'rgue
1105 2640 1304 2712 investigando
1326 2641 1489 2697 solutionem

460 2744 616 2800 tricesimae
638 2746 785 2818 regiratis,
810 2746 935 2803 lVr'culao
956 2747 1031 2803 bano
1053 2747 1087 2802 de
1107 2747 1202 2803 eudem
1226 2748 1322 2821 refert.

314 2867 316 2870 ’
347 2887 511 2959 Magnifice
535 2894 565 2945 et
588 2890 705 2962 potenti
732 2889 808 2960 viro,
832 2889 958 2947 domino
981 2889 1110 2948 Nicolao
1136 2892 1216 2947 bano
1236 2892 1334 2947 tocius
1350 2889 1521 2961 Sclauonie,

259 2992 359 3049 amico
383 3007 439 3050 suo
461 2993 491 3049 in
523 2994 668 3052 omnibus
698 2995 886 3066 honorando
920 2996 1022 3068 Duym
1057 3011 1161 3053 comes
1188 2997 1294 3069 Vegle‚
1325 2997 1469 3055 llodruse
1493 3007 1522 3055 et

261 3095 375 3169 Posege
399 3100 539 3170 salutem,
564 3115 658 3172 quarn
682 3101 740 3158 sibi
758 3100 911 3158 desiderat
935 3108 964 3158 et
988 3102 1147 3159 honorem.
1167 3102 1397 3159 Dominacionis
1413 3110 1442 3159 et
1458 3119 1522 3159 ma-

260 3201 438 3275 gnificencie
462 3211 562 3261 vestre
587 3206 704 3262 litteras
727 3207 919 3279 suscepimus
945 3222 1016 3263 cum
1039 3208 1123 3263 omui
1143 3208 1319 3264 reverencia
1343 3213 1372 3264 et
1395 3209 1521 3275 honore,

260 3310 339 3366 inter
362 3316 463 3367 cetera
486 3311 683 3382 continentes
707 3312 789 3384 quod
815 3313 905 3369 vobis
929 3314 1078 3384 legaliter,
1103 3324 1135 3370 ut
1157 3314 1265 3383 amic0,
1282 3316 1395 3372 nostris
1411 3316 1522 3372 litteris

260 3414 476 3486 mediantibus,
501 3415 684 3473 deberemus
714 3416 877 3475 certificari
911 3419 1044 3490 qualiter
1075 3426 1104 3475 et
1135 3419 1293 3492 quomodo
1324 3421 1383 3478 tuit
1407 3422 1447 3478 ab
1471 3437 1522 3478 an·

260 3520 346 3592 tiquo
370 3536 442 3577 usus
466 3521 635 3594 accipiendi
659 3522 846 3580 tricesimam
871 3523 909 3581 de
937 3525 1145 3582 mercimoniis
1169 3525 1379 3583 deferentibus
1403 3527 1440 3584 de
1464 3528 1522 3584 Ve-

261 3626 362 3695 ueciis‚
386 3625 556 3683 Theutonia
578 3633 608 3684 et
631 3628 700 3685 aliis
731 3629 923 3701 quibuslibet
954 3632 1107 3688 extraneis
1139 3632 1279 3704 partibus
1307 3634 1387 3689 intus
1411 3632 1521 3705 Zagra-

262 3731 344 3787 biam
369 3731 420 3788 vel
445 3730 649 3802 Sclauoniam,
669 3741 698 3790 et
722 3735 820 3791 eciam
845 3736 871 3792 si
886 3735 924 3792 de
941 3737 1035 3793 rebus
1051 3738 1352 3795 mercimonialibus:
1377 3755 1454 3808 cera,
1472 3756 1521 3796 cu-

261 3837 343 3893 tibus
366 3837 432 3894 sive
455 3838 702 3912 quibuscumque
725 3841 794 3897 aliis
813 3842 905 3898 rebus
923 3843 974 3898 vei
990 3843 1186 3912 animalibus,
1211 3844 1327 3901 scilicet
1350 3845 1522 3918 pecudibus

261 3941 311 3998 vel
336 3942 438 3999 bobus
460 3950 513 4000 aut
536 3945 638 4017 porcis
661 3954 714 4001 aut
737 3947 806 4003 aliis
825 3948 1012 4004 animalibus
1039 3948 1077 4006 de
1093 3949 1243 4021 Zagrabia
1260 3958 1289 4007 et
1306 3950 1468 4008 Sclauonia
1484 3951 1522 4008 ad
1540 4003 1544 4010 .

246 4024 434 4116 'Veneciam
459 4047 663 4106 Theutoniam
688 4051 738 4106 vei
761 4050 799 4107 ad
832 4052 952 4124 aliquas
983 4061 1086 4127 partes
1116 4061 1276 4112 extraneas
1307 4057 1463 4128 quaslibet
1498 4060 1521 4114 si

209 4151 211 4156 ’
261 4153 301 4209 ab
325 4154 452 4226 antiquo
476 4152 568 4212 suerit
590 4164 770 4214 consuetum
795 4159 935 4231 accipere
952 4160 1145 4216 tricesimam.
1165 4160 1211 4217 Ad
1229 4162 1313 4234 quod
1330 4167 1431 4219 vestre
1447 4165 1509 4220 ami

264 4259 357 4317 cabili
381 4258 586 4319 dominacioni
611 4264 805 4334 presentibus
830 4280 887 4336 pro
911 4273 994 4322 certo
1017 4272 1046 4322 et
1070 4282 1214 4339 expresse
1231 4267 1331 4325 dicere
1349 4284 1522 4340 possumus,

261 4371 291 4422 et
313 4365 390 4422 sieut
413 4383 431 4423 a
452 4367 591 4439 quolibet
615 4370 738 4426 homine
762 4379 931 4428 mercatore
954 4373 1044 4428 unius
1080 4373 1298 4446 cuiuscumque
1326 4374 1522 4445 condicionis,

263 4469 426 4543 fidedignis
460 4455 599 4545 personis
634 4475 788 4547 inquirere
826 4477 992 4549 potuimus,
1025 4485 1138 4535 testare
1169 4494 1342 4552 possumus,
1374 4480 1456 4552 quod
1486 4481 1523 4538 de

262 4577 355 4633 rebus
378 4579 663 4638 mercimonialibus
691 4582 882 4655 quibuslibet
902 4582 1110 4641 deferentibus
1134 4584 1172 4641 de
1188 4585 1336 4656 Veneciis,
1353 4585 1524 4644 Theutonia

262 4687 292 4738 et
315 4681 385 4738 aliis
408 4685 550 4757 partibus
572 4687 732 4755 extraneis,
755 4687 821 4744 sive
844 4688 905 4746 sint
926 4690 1029 4764 pauni,
1046 4691 1111 4747 sive
1127 4690 1187 4748 alie
1203 4707 1252 4748 res
1277 4694 1524 4750 mercimoniales

261 4785 413 4859 accipitur
435 4790 598 4862 tricesima,
621 4791 675 4849 sed
706 4792 745 4850 de
776 4792 899 4852 llorenis
930 4795 980 4852 vel
1011 4795 1072 4853 alia
1104 4798 1232 4870 pecunia
1263 4813 1339 4867 non;
1370 4796 1409 4854 de
1431 4798 1524 4855 rebus
