3488 5242
667 312 740 368 Duc.
765 320 830 385 172.
851 342 887 351 -
906 310 961 367 An.
989 323 1078 387 1339.
1443 329 1498 383 151

239 510 391 583 presentis
422 510 529 582 scripti
561 512 731 583 patrocinio
762 509 991 579 confirmamus,
1023 509 1211 568 addicientes
1242 517 1272 567 et
1299 510 1504 581 decernentes,

240 615 322 687 quod
347 630 541 687 quecumque
572 616 738 688 singularis
769 630 901 689 persona
924 616 975 672 vel
997 616 1126 673 societas
1149 625 1256 673 contra
1280 617 1430 689 premissa
1454 617 1505 674 vel

238 720 363 793 aliquod
387 722 610 793 premissorum
634 729 819 793 attemptare
842 721 1009 793 quicquam
1032 722 1257 795 presumpserit
1281 738 1337 795 per
1353 722 1505 780 vicarium

235 827 410 899 generalem
435 842 493 900 pro
517 834 656 900 tempore
672 828 880 896 constitutum,
904 836 998 900 prout
1021 827 1059 884 de
1080 828 1146 884 iure
1169 826 1237 885 fieri
1261 828 1382 900 poterit,
1400 830 1505 901 puniri

237 935 286 990 vel
312 932 532 1005 condempnari
556 931 669 989 debeat
692 940 721 989 et
745 934 843 1006 possit
866 932 1005 990 eiusdem
1029 934 1136 990 vicarii
1160 949 1218 1006 pro
1243 933 1331 990 libito
1350 933 1504 992 volutatis.

239 1039 269 1096 ln
294 1040 381 1095 cuius
404 1039 448 1095 rei
471 1037 651 1095 firmitatem
676 1039 871 1112 presentibus
894 1039 1032 1112 sigillum
1058 1044 1198 1097 nostrum
1214 1040 1402 1096 autenticum
1417 1039 1506 1096 duxi·

238 1160 307 1201 mus
330 1144 558 1218 apponendum.
591 1144 707 1201 Datum
738 1146 767 1201 in
800 1151 900 1202 castro
923 1150 1029 1202 nostro
1050 1160 1131 1203 novo
1155 1144 1193 1202 de
1217 1144 1348 1214 lwanch‚
1374 1147 1403 1201 in
1429 1145 1506 1202 festo

236 1253 436 1309 exaltacionis
459 1259 562 1308 sancte
585 1251 692 1309 crucis.
716 1253 806 1309 Anno
828 1251 947 1308 domini
971 1251 1235 1308 MCCCXXXVll.

325 1387 347 1435 E
377 1387 447 1435 libro
477 1387 591 1435 Statuor.
618 1387 688 1451 capit
721 1388 825 1450 zagrab.
845 1388 919 1453 Joan.
939 1386 1055 1435 Tkalcic.
1076 1386 1146 1435 Mon.
1167 1385 1227 1434 hist.
1247 1385 1326 1449 episc.
1346 1384 1450 1448 zagrab.
1471 1382 1504 1432 11.

236 1491 264 1540 p.
285 1485 395 1533 31-32.

835 1686 914 1754 172.

344 1829 418 1875 Anno
441 1835 514 1887 1339,
535 1825 575 1875 28.
596 1824 697 1889 aprilis.
717 1824 870 1890 Zagrabiae.

308 1954 463 2011 Concordia
494 1956 567 2010 cives
597 1953 769 2011 Greclrcnses
792 1956 868 2011 inter
888 1963 916 2011 ct
937 1955 1093 2027 capitulum
1116 1954 1150 2010 dc
1172 1955 1318 2011 exacttbne
1340 1954 1443 2011 trt'buti

539 2062 699 2134 „postauffl
727 2061 797 2117 di'cti
817 2080 851 2117 ac
873 2061 906 2118 dc
928 2061 1048 2118 diuersis
1071 2061 1209 2117 articulis.

325 2206 388 2263 Nos
421 2206 592 2278 capitulum
625 2207 751 2263 ecclesie
776 2207 990 2279 zagrabiensis.
1014 2203 1231 2278 significamus
1254 2211 1360 2261 tenore
1382 2218 1507 2277 presen-

238 2314 329 2381 cium,
354 2312 468 2384 quibus
492 2311 616 2385 expedit
641 2312 800 2381 universis,
831 2311 914 2384 quod
939 2326 1010 2368 cum
1033 2326 1089 2368 nos
1115 2310 1259 2367 villicum
1282 2314 1312 2366 et
1335 2309 1507 2366 communi·

238 2426 332 2474 tatem
356 2416 541 2475 Grecensem
576 2417 614 2473 de
645 2417 804 2490 Zagrabia,
833 2433 926 2490 super
949 2417 1081 2474 diversis
1104 2430 1266 2474 causarum
1289 2415 1454 2488 generibus
1477 2420 1507 2471 et

237 2539 344 2581 earum
383 2525 521 2580 articulis
558 2524 808 2581 convenissemus
842 2522 950 2579 ordine
980 2521 1140 2579 iudiciario
1171 2522 1202 2578 in
1236 2521 1393 2594 presencia
1423 2518 1507 2592 regie

238 2631 414 2698 maiestatis,
441 2629 607 2702 fuissetque
631 2630 710 2686 inter
733 2644 788 2686 nos
805 2637 834 2686 et
851 2631 935 2702 ipsos
950 2626 1120 2685 Grecenses
1142 2641 1236 2699 super
1260 2626 1419 2699 premissis
1442 2625 1507 2682 litis

238 2737 368 2793 materia
392 2735 511 2792 diucius
536 2736 690 2792 ventilata.
716 2735 854 2793 Tandem
877 2736 955 2792 iuter
970 2741 1072 2790 cetera
1087 2748 1181 2805 super
1196 2732 1359 2789 exaccione
1375 2735 1508 2804 poztaua

238 2848 355 2910 vocata,
379 2858 436 2914 per
460 2843 544 2914 ipsos
567 2841 711 2898 villicum
734 2849 763 2898 et
788 2841 1041 2899 communitatem
1068 2854 1086 2895 a
1109 2837 1236 2895 domino
1259 2844 1365 2895 nostro
1388 2835 1505 2893 Karolo

239 2963 310 3020 rege
334 2948 493 3019 Hungarie
517 2948 631 3004 illustri
656 2949 815 3021 inpetrata,
843 2964 900 3020 per
923 2961 1057 3018 eumque
1080 2945 1144 3003 suis
1167 2944 1375 3002 mediantibus
1395 2944 1506 3001 litteris

238 3069 380 3110 concessa
411 3052 535 3122 eisdem,
568 3053 605 3109 ad
641 3055 734 3110 talem
767 3055 851 3127 pacis
882 3061 911 3111 et
942 3052 1104 3110 concordie
1138 3051 1320 3108 devenimus
1346 3051 1506 3107 unionem:

238 3159 320 3231 qnod
346 3161 414 3232 ipsi,
440 3159 563 3216 villicus
587 3168 616 3215 et
641 3161 845 3217 communitas
863 3174 1033 3231 numquam
1051 3159 1080 3215 in
1097 3163 1285 3231 perpetuum
1301 3157 1402 3230 ipsam
1418 3170 1506 3213 exac-

239 3268 358 3323 cionem
392 3273 521 3338 poztaua
553 3265 676 3334 dictam,
707 3266 758 3322 vel
790 3266 853 3322 alio
883 3266 1007 3322 nomine
1030 3263 1202 3321 vocandam
1226 3268 1330 3336 petent
1354 3277 1409 3319 nec
1432 3262 1508 3318 reci·

239 3373 324 3444 pient
355 3387 372 3427 a
406 3372 630 3445 pertinentibus
661 3371 700 3427 ad
729 3372 959 3444 zagrabiensem
994 3370 1156 3427 ecclesiam
1188 3367 1419 3441 quoquomodo,
1452 3381 1508 3424 nec

238 3479 303 3534 eins
334 3478 492 3534 occasione
525 3478 573 3533 vel
606 3478 826 3550 cuiuscumque
848 3478 975 3534 alterius
999 3476 1171 3533 exaccionis
1201 3475 1240 3532 de
1272 3489 1354 3532 novo
1379 3473 1507 3547 aliquod

239 3598 406 3655 gravamen
432 3582 576 3639 inducent
600 3584 659 3655 ipsi
684 3583 734 3639 vel
759 3584 873 3656 aliquis
894 3599 931 3640 ex
955 3582 1070 3640 eisdem
1095 3597 1292 3654 quocumque
1316 3581 1438 3653 ingenio
1454 3581 1506 3638 vel

239 3690 360 3757 colore;
384 3690 595 3746 renunciantes
610 3689 695 3746 omni
719 3690 787 3758 iuri,
812 3689 895 3762 quod
920 3689 963 3746 eis
987 3690 1017 3745 in
1042 3690 1098 3746 hac
1122 3694 1209 3761 parte
1229 3703 1266 3744 ex
1285 3687 1396 3743 litteris
1414 3687 1506 3758 regiis

241 3796 291 3852 vel
315 3796 385 3852 aliis
408 3795 604 3866 competebat
640 3795 689 3851 vel
714 3803 890 3868 competere
917 3802 1038 3868 poterat
1058 3793 1287 3867 quoquomodo,
1313 3793 1397 3860 Item,
1421 3791 1506 3865 quod

239 3902 365 3958 villicus
390 3907 419 3957 ct
443 3902 528 3956 cives
553 3900 692 3973 predicti,
722 3901 873 3957 tributum
897 3917 955 3973 per
977 3916 1049 3957 suos
1072 3900 1214 3957 subditos
1238 3901 1287 3956 vel
1312 3898 1507 3970 singulorum

240 4024 277 4064 ex
302 4009 344 4064 eis
377 4007 415 4063 de
448 4007 534 4062 villis
567 4005 748 4075 forensibus
780 4007 876 4063 salvis
899 4007 1079 4064 concivibus
1103 4007 1243 4079 ipsorum
1267 4005 1401 4062 exterius
1424 4018 1508 4061 com·

240 4115 441 4182 morantibus,
466 4114 555 4170 nobis
579 4129 616 4169 ex
648 4113 817 4170 collacione
847 4115 931 4185 regia
959 4113 1108 4183 debitum,
1134 4112 1247 4169 facient
1271 4126 1395 4183 semper
1417 4111 1508 4184 plene

240 4219 376 4293 persolvi
409 4220 521 4276 nostris
558 4219 728 4276 tributariis
761 4220 840 4276 sicut
870 4234 927 4292 per
957 4219 1035 4277 alios
1061 4218 1219 4276 communi
1242 4218 1308 4274 iure
1331 4215 1369 4272 de
1392 4216 1507 4272 bauatu

240 4327 290 4381 vel
315 4325 438 4381 aliunde
464 4324 651 4397 persolvitur
676 4324 726 4380 vel
750 4324 842 4382 debet
866 4325 1023 4398 persolvi;
1055 4340 1111 4381 uec
1134 4324 1272 4397 aliquem
1296 4321 1450 4379 forensem
1469 4320 1508 4378 de

240 4438 343 4489 cetero
375 4432 404 4488 in
437 4430 657 4487 detrimentum
686 4430 783 4487 nostri
815 4430 922 4487 tributi
953 4430 1085 4504 predicti
1119 4435 1331 4501 assumpment
1362 4426 1392 4484 in
1415 4442 1506 4484 suum

240 4538 443 4607 consorcium,
467 4538 588 4593 racione
612 4537 692 4594 dacii
715 4537 759 4594 eis
783 4536 983 4610 persolvendi
1017 4537 1067 4593 vel
1091 4537 1182 4593 aliter
1204 4533 1370 4592 defendent
1404 4549 1423 4590 a
1446 4533 1507 4591 sol·

240 4645 342 4702 vendo
365 4644 490 4700 tributo.
515 4643 600 4713 Item,
625 4642 707 4715 quod
732 4643 912 4700 hedificium
935 4643 1001 4700 sive
1024 4642 1153 4700 domurn
1176 4641 1311 4716 positam
1326 4656 1383 4714 per
1399 4654 1508 4713 quem·

241 4750 314 4808 dam
336 4765 445 4807 eorum
469 4749 628 4807 concivem
652 4749 683 4806 in
707 4764 777 4807 area
802 4753 915 4819 nostra,
938 4747 1024 4822 apud
1045 4752 1183 4806 nostram
1208 4747 1318 4804 turrim
1342 4747 1374 4804 in
1396 4743 1508 4819 Grech‚
