3488 5242
672 336 746 394 Doc.
764 331 842 413 396.
869 368 906 378 -
924 336 980 393 An.
1004 348 1093 412 1397.
1453 350 1512 409 377

252 445 291 452 ,-
309 444 427 450 -—-—-
439 442 671 449 -.—-—-—-—.
1074 440 1275 447 ——.--.—.
1283 439 1385 445 -ι
1397 438 1514 445 ——-

255 534 349 593 effodi
371 540 400 592 et
423 534 586 591 exhumari
616 550 652 590 ac
678 533 898 591 miserabiliter
925 532 963 590 ad
989 532 1201 591 devorandum
1226 533 1354 590 canibus
1377 536 1407 589 et
1428 532 1512 589 vola·

256 642 363 699 tilibus
394 640 451 698 celi
476 639 513 696 ad
538 639 666 697 fluvium
690 640 828 712 ipsorum
858 638 972 696 civium
997 639 1103 712 proici.
1135 639 1182 696 De
1205 638 1264 696 hiis
1287 638 1432 695 omnibus
1456 653 1516 696 non

254 747 395 817 contenti,
426 745 557 819 predicti
589 745 725 802 canonici
753 744 917 802 nonnullas
947 745 1077 802 ancillas
1107 744 1319 817 predictorum
1346 743 1461 801 civium
1485 745 1516 801 in

252 853 400 927 predictis
431 852 516 910 sestis
547 852 658 909 natalis
688 850 806 909 domini
838 857 868 908 et
899 852 982 909 beati
1013 849 1165 921 Siluestri,
1193 865 1307 923 aquam
1330 850 1516 913 haurientes,

250 960 378 1033 spoliari
402 966 432 1015 et
455 957 615 1031 deturpari
637 973 673 1015 ac
698 964 797 1014 certos
821 959 917 1015 boves
941 957 1080 1031 ipsorum
1103 957 1135 1014 in
1159 956 1314 1014 territorio
1337 954 1418 1013 dicte
1442 956 1517 1014 civi·

254 1066 324 1123 tatis
349 1065 444 1137 recipi
476 1071 505 1120 et
535 1063 686 1136 quosdam
711 1064 794 1121 cives
815 1063 939 1135 sagitari
964 1069 995 1120 et
1016 1062 1144 1136 spoliari
1170 1060 1328 1132 fecissent;
1351 1077 1408 1134 per
1433 1060 1517 1134 quod

254 1170 368 1228 lactum
394 1171 452 1244 ipsi
476 1171 559 1227 cives
582 1171 624 1227 ob
647 1170 790 1226 timorem
816 1170 953 1242 ipsorum
979 1168 1097 1225 domini
1121 1167 1258 1242 episcopi
1283 1173 1313 1225 et
1332 1168 1461 1240 capituli
1477 1167 1516 1224 de

252 1277 349 1350 portis
380 1276 513 1334 civitatis
545 1274 682 1350 predicte
713 1275 797 1332 exire
827 1289 887 1332 non
910 1274 1067 1343 auderent,
1092 1273 1220 1347 propria
1243 1288 1351 1330 eorum
1375 1273 1516 1346 potencia

250 1381 413 1453 mediante,
445 1383 474 1439 in
507 1380 711 1454 preludicium
744 1380 883 1453 ipsorum
916 1379 1008 1438 valde
1031 1394 1194 1450 magnum;
1232 1379 1285 1436 lite
1309 1384 1412 1436 tamen
1437 1379 1516 1437 inter

250 1489 333 1561 ipsos
358 1487 517 1562 pendente.
542 1487 656 1544 Datum
680 1486 838 1559 Zagrabie.
862 1486 893 1544 in
917 1485 995 1543 festo
1020 1485 1264 1559 lipiphaniarum
1280 1483 1406 1542 domini.
1426 1485 1516 1543 Anno

253 1592 389 1650 eiusdem
414 1594 583 1650 millesimo
607 1592 684 1649 t'CC
708 1593 907 1665 nonagesimo
930 1593 1071 1665 septime.

341 1710 481 1776 originale
500 1710 528 1760 in
547 1711 645 1768 charta,
670 1726 685 1760 a
706 1716 781 1775 tergo
801 1708 914 1774 vestigia
933 1708 1014 1759 triurn
1032 1708 1185 1776 sigillorum
1205 1713 1340 1774 apparent.
1367 1706 1397 1758 ln
1416 1706 1515 1758 archiv.

252 1801 269 1846 l.
289 1813 309 1847 r.
331 1798 380 1849 civ.
400 1799 504 1864 zagrab.
525 1799 606 1850 Adest
625 1798 704 1850 etiam
724 1796 750 1848 in
770 1804 830 1848 actu
850 1796 1055 1853 transactionali,
1077 1802 1329 1863 supramemorato.

837 2029 927 2095 396.

357 2171 433 2218 Anno
454 2146 533 2231 '1392
553 2170 576 2219 ὁ.
594 2169 716 2235 januarii.
735 2169 888 2234 Zagrabiae.

253 2298 376 2355 Dclrr'ns
398 2299 497 2355 linbek
518 2299 609 2355 barlens
631 2307 796 2356 conventren
819 2300 1005 2371 srnrrgu'ensenr
1033 2305 1143 2367 exorat,
1170 2306 1204 2377 nt
1224 2299 1254 2354 in
1278 2316 1406 2355 cxccssns
1435 2316 1518 2372 qnas-

496 2404 563 2460 nrm
586 2405 762 2461 ‹lorrrinnrmn
785 2404 819 2461 de
841 2405 966 2478 crptt'tnlo
988 2404 1104 2478 sngrnb.
1128 2405 1265 2478 inquirat.

342 2549 458 2605 Amicis
482 2549 544 2604 suis
561 2548 746 2618 reverendis,
763 2549 927 2606 conventui
943 2549 1121 2621 simigiensi,
1139 2549 1281 2606 Detricus
1298 2548 1413 2619 Bubelr,
1428 2552 1515 2622 regni

251 2651 414 2710 Sclauonle
438 2654 545 2723 banus,
569 2655 742 2711 amiciciam
766 2660 905 2727 paratam
927 2670 998 2712 cum
1014 2656 1138 2712 honore.
1156 2656 1238 2713 Dicit
1255 2656 1343 2713 nobis
1369 2656 1519 2730 providus

251 2760 300 2815 vir
324 2761 444 2816 hlarcus
468 2760 559 2817 ludex
593 2777 648 2817 sun
678 2767 708 2817 et
739 2761 952 2819 universorum
985 2762 1102 2819 civium
1132 2763 1266 2819 civitatis
1297 2764 1411 2820 montis
1442 2764 1518 2820 tire·

254 2865 374 2921 eliensis
398 2864 436 2921 de
459 2865 609 2937 Zagrabia
633 2867 662 2923 in
679 2867 828 2939 personis
852 2866 934 2939 quod
953 2868 1125 2941 capitulum
1149 2868 1277 2925 ecclesie
1301 2869 1518 2941 zagrabiensis,

251 2969 407 3027 dominico
438 2970 488 3027 die
521 2972 664 3043 proximo
696 2979 765 3029 ante
799 2971 911 3029 festum
943 2973 1024 3030 beati
1056 2973 1175 3030 Thome
1205 2974 1348 3046 apostoli,
1377 2974 1519 3047 proxime

251 3077 442 3148 preteritum,
467 3077 569 3133 missis
592 3078 745 3149 tiregorio
769 3078 905 3135 litterato
928 3078 1062 3136 officiale
1085 3085 1115 3135 et
1139 3079 1291 3137 universis
1309 3079 1517 3137 familiaribus

251 3184 390 3256 ipsorum
415 3183 541 3239 armatis
558 3184 701 3240 manibus
720 3180 755 3240 et'
766 3184 963 3256 potenciariis
978 3184 1017 3242 ad
1035 3184 1206 3258 predictam
1222 3185 1389 3255 civitatem,
1410 3200 1518 3257 quam-

253 3289 358 3360 plures
382 3290 464 3346 cives
488 3289 526 3345 de
550 3288 658 3346 eadem
688 3290 800 3347 ictibus
828 3291 1010 3363 sagittarum
1040 3293 1207 3349 enormiter
1237 3292 1395 3349 vulnerari
1420 3296 1449 3348 et
1474 3291 1518 3348 in-

252 3395 363 3461 terimi,
388 3410 503 3452 necnon
529 3394 666 3465 detineri,
690 3397 896 3469 universaque
920 3396 1096 3455 molendina
1116 3399 1256 3471 ipsorum
1272 3396 1388 3454 destrui
1405 3402 1435 3454 et
1451 3398 1515 3454 ani-

252 3502 352 3562 hitari.
377 3502 625 3574 muliebremque
648 3517 755 3558 sexum
786 3508 987 3575 pregnantem
1011 3504 1041 3560 in
1065 3503 1181 3560 eisdem
1203 3503 1389 3560 molendinis
1413 3519 1517 3576 reper-

251 3613 316 3663 tum
341 3623 412 3664 curn
437 3608 612 3680 pectoribus
635 3623 786 3679 equorum
811 3607 965 3666 trucidari.
990 3610 1027 3667 lit
1050 3610 1175 3683 insuper
1192 3608 1268 3666 seria
1290 3608 1424 3665 secunda
1445 3624 1516 3683 pro

251 3714 334 3770 xima
357 3718 427 3770 ante
451 3713 623 3785 predictum
649 3712 760 3769 festum
788 3714 868 3772 beati
892 3714 1011 3772 Thome
1031 3715 1173 3788 apostoli,
1190 3714 1383 3787 congregatis
1406 3713 1515 3772 eodem

251 3818 403 3889 Gregorio
425 3817 560 3876 olliciale
583 3826 613 3876 et
637 3819 788 3877 universis
813 3817 1019 3878 familiaribus
1039 3827 1069 3877 et
1084 3819 1302 3892 iobagionibus
1325 3834 1361 3876 ac
1384 3825 1448 3875 tota
1464 3834 1518 3892 po·

252 3925 350 3981 tencia
373 3924 514 3997 ipsorum
537 3931 644 3982 eontra
667 3924 795 3982 eandem
828 3926 986 3984 civitatem
1018 3927 1170 4001 plurimas
1201 3926 1328 3997 sagittas
1350 3926 1456 3997 igneas
1478 3924 1518 3981 ad

252 4032 351 4103 ipsam
375 4030 530 4087 civitatem
555 4032 681 4102 sagitari
704 4036 734 4088 et
757 4037 856 4089 certos
879 4033 963 4089 cives
978 4032 1017 4090 de
1033 4031 1141 4090 eadem
1159 4032 1317 4089 vulnerari
1334 4038 1363 4089 et
1379 4030 1519 4104 spoliari,

250 4152 367 4193 necnon
389 4136 527 4193 mutilari
551 4152 586 4193 ac
608 4137 759 4210 quasdam
783 4137 876 4194 villas
899 4139 1048 4211 ipsorum,
1086 4137 1247 4195 videlicet:
1278 4137 1430 4206 Grachan,
1458 4137 1518 4194 Dc-

251 4242 321 4299 dich
347 4248 376 4299 et
399 4242 634 4301 Chumomerch
657 4242 780 4316 penitus
803 4243 940 4316 spoliari.
965 4244 1011 4301 De
1035 4244 1094 4301 hiis
1117 4258 1178 4301 non
1205 4243 1348 4313 contenti,
1372 4241 1454 4300 idem
1470 4257 1518 4300 ca·

252 4349 386 4421 pitulum
409 4348 439 4405 in
463 4346 540 4406 testo
561 4349 729 4406 nativitatis
753 4347 880 4419 domini,
904 4365 985 4407 nunc
1005 4350 1162 4423 preterit0,
1193 4348 1358 4406 nonnullas
1388 4348 1517 4406 ancillas

251 4453 433 4511 corumdem
456 4454 572 4511 civium
603 4470 717 4527 aquam
745 4454 920 4512 haurientes
950 4471 1007 4528 per
1035 4455 1176 4514 homines
1211 4454 1350 4528 ipsorum
1373 4453 1516 4528 spoliari;

252 4574 368 4616 necnon
392 4559 423 4617 in
447 4557 532 4617 lestis
556 4562 718 4618 beatorum
742 4558 889 4634 Stephani
916 4561 1168 4636 prothomartiris
1191 4567 1221 4619 et
1242 4560 1392 4642 johannis
1415 4575 1516 4620 ewan-

250 4665 369 4737 geliste,
392 4680 472 4722 nunc
502 4666 707 4739 retrogressis,
737 4674 838 4725 certos
869 4666 965 4724 boves
987 4666 1201 4742 predictorum
1223 4665 1338 4725 civium
1366 4666 1516 4740 recipiet

251 4767 374 4828 auferri.
397 4770 435 4828 Et
457 4769 541 4844 quod
563 4787 619 4845 per
640 4770 846 4831 reverendum
867 4771 900 4831 in
923 4770 1048 4830 Christo
1067 4777 1198 4847 patrem,
1222 4769 1384 4829 dominum
1403 4770 1518 4855 Johau·
