3488 5242
640 357 712 414 Duc.
737 369 806 431 [90.
834 389 870 397 —
895 356 952 413 An.
977 369 1064 432 1343.
1433 356 1490 426 167

522 461 893 468 ———..—--—--
904 461 942 466 -
951 461 990 467 .-
1005 461 1047 466 -.-
1061 459 1489 466 —————-——-.—.

228 565 331 612 autem
356 555 564 613 deserentibus
588 566 674 612 extra
698 555 881 628 Zagrabiam
904 555 955 612 vel
979 553 1176 612 Sclauoniam
1209 553 1247 610 ad
1271 565 1375 627 partes
1400 555 1493 611 mari-

229 662 319 719 timas
342 663 392 718 vel
416 661 619 719 Theutoniam
655 677 714 718 non
744 661 893 734 accipitur
924 660 1078 718 tricesima
1103 676 1156 716 nec
1184 660 1338 717 tributum
1361 676 1418 733 per
1440 660 1492 717 tri-

228 768 433 836 cesimatorcs,
458 767 495 823 de
520 768 585 824 iure
606 766 699 824 vadat
723 782 785 839 quo
809 767 913 840 placet
936 771 966 822 et
990 773 1144 823 transeant
1168 765 1292 838 ubique,
1316 772 1345 821 et
1370 766 1428 822 hoc
1447 780 1494 821 se-

229 871 364 928 cundum
388 872 594 945 approbatam
619 871 872 929 consuetudinem
903 871 943 927 ab
975 871 1110 943 antiquo,
1138 885 1304 944 possumus
1330 869 1492 927 testificare

229 986 258 1034 et
284 976 493 1035 testificamur.
516 978 631 1034 Datum
657 978 687 1034 in
711 977 779 1065 soro
803 977 938 1048 Modrus,
962 976 1012 1033 die
1028 982 1146 1049 quarto
1170 992 1274 1033 mense
1296 976 1380 1058 Julii.
1405 977 1495 1032 Anno

229 1081 346 1139 domini
369 1082 535 1139 MCCCXL
557 1084 658 1140 tercio

317 1235 454 1285 Elitteris
473 1236 576 1286 Nicolai
597 1236 658 1286 bani
684 1236 768 1287 tocius
794 1235 940 1294 Slavoniae,
960 1237 1029 1286 datis
1049 1236 1075 1286 in
1100 1236 1304 1302 congregatione
1324 1234 1405 1284 Crisii
1426 1236 1491 1283 cele-

230 1325 312 1382 brata,
332 1340 399 1374 anno
422 1334 495 1385 1343.

818 1573 906 1638 190.

337 1716 412 1763 Anno
436 1722 508 1773 1343,
529 1724 551 1761 2.
572 1713 693 1778 Augusti.
713 1712 865 1778 Zagrabiac.

235 1842 397 1914 thitulum
420 1842 481 1898 cccl.
501 1842 618 1912 zugrab.
644 1838 768 1899 Mculuu
791 1842 865 1897 buno
888 1843 973 1899 totius
1000 1841 1157 1898 Stzvomae
1176 1842 1210 1897 de
1232 1842 1312 1898 modu
1334 1842 1494 1898 exactionis

633 1949 791 2006 tricesimae
816 1949 965 2021 reginalis,
991 1949 1089 2023 refert.

319 2110 484 2182 llagnifico
509 2112 576 2168 viro
600 2110 726 2169 domino
749 2111 878 2169 Nicolao
901 2111 983 2168 bano
1007 2110 1105 2168 tocius
1128 2109 1298 2181 Sclauonie,
1323 2112 1494 2184 capitulum

229 2216 436 2288 zagrabiensis
468 2217 604 2287 ecclesie,
636 2217 793 2273 oraciones
823 2231 881 2289 pro
914 2232 949 2273 eo
980 2216 1019 2273 ad
1051 2215 1220 2274 dominum.
1253 2215 1417 2287 Noveritis,
1440 2232 1495 2274 nos

229 2323 348 2379 litteras
383 2329 501 2380 vestras
534 2324 687 2396 recepisse
722 2324 751 2380 in
788 2324 844 2380 hec
867 2324 980 2381 verba:
1012 2317 1085 2401 (vid.
1114 2339 1158 2380 nr.
1194 2323 1262 2380 188.
1286 2337 1366 2379 anno
1404 2337 1495 2397 1343,

233 2445 258 2485 2.
282 2421 378 2509 Julii.)
408 2428 555 2485 Volentcs
586 2434 687 2486 vestre
716 2430 880 2488 intencioni
908 2429 938 2486 in
964 2428 1122 2502 premissis
1145 2428 1330 2498 satisfacere,
1354 2428 1495 2500 diligenti

230 2535 430 2606 inquisicione
455 2535 617 2607 prehabita
632 2536 711 2593 inter
734 2551 789 2592 nos
811 2542 841 2593 et
864 2536 951 2606 alios,
970 2535 1073 2592 taliter
1088 2534 1204 2592 fuimus
1220 2534 1394 2592 informati:
1412 2534 1496 2607 quod

231 2641 468 2697 tricesimatorcs
492 2641 616 2698 domine
639 2642 745 2713 regine
768 2641 944 2699 novissimis
964 2641 1159 2713 temporibus
1174 2647 1357 2714 receperunt
1373 2641 1496 2712 exigere

232 2747 417 2803 tricesimam
443 2750 483 2804 ab
507 2748 653 2804 omnibus
674 2750 768 2805 rebus
792 2747 1084 2816 mercimonialibus
1108 2763 1168 2819 que
1192 2763 1247 2820 per
1262 2761 1393 2818 regnum
1409 2753 1497 2804 extra

232 2868 360 2924 regnum
392 2853 545 2910 ducuntur
577 2861 606 2910 et
629 2869 761 2925 gravare
783 2855 813 2911 in
836 2854 894 2910 hac
918 2859 1005 2927 parte
1028 2858 1222 2923 mercatores,
1246 2868 1370 2925 semper
1393 2858 1496 2909 tamen

232 2958 472 3015 reclamantibus
505 2961 729 3016 mercatoribus
760 2968 790 3016 et
824 2960 1000 3032 specialiter
1034 2959 1156 3017 civibus
1192 2958 1407 3029 Grecensibus‚
1441 2958 1494 3015 sed

232 3072 320 3120 antea
345 3064 450 3136 aliqua
475 3072 614 3137 tempora
638 3081 698 3122 non
723 3066 886 3139 petebatur
908 3081 964 3122 nec
986 3050 1167 3136 exigebatur
1191 3064 1345 3121 tricesima
1367 3065 1408 3120 ab
1427 3065 1497 3121 aliis

232 3170 325 3226 rebus
348 3171 398 3226 vel
423 3171 587 3240 mercibus,
610 3171 669 3228 nisi
692 3170 730 3228 de
755 3172 826 3240 illis,
847 3187 906 3244 que
922 3170 1127 3244 portabantur
1143 3170 1327 3242 Zagrabiam
1345 3185 1400 3243 per
1416 3185 1497 3227 mer-

232 3287 349 3333 catores
380 3278 420 3333 ab
451 3277 520 3333 aliis
550 3278 691 3350 partibus
722 3276 761 3333 de
791 3282 878 3334 extra
910 3276 1024 3334 finibus
1055 3283 1135 3333 terre
1165 3277 1252 3348 regni
1277 3277 1441 3348 Hungarie,
1467 3277 1496 3332 in

233 3398 308 3439 auro
340 3383 484 3440 videlicet
516 3388 544 3439 et
580 3383 609 3440 in
645 3390 780 3455 argento,
811 3398 871 3440 non
907 3384 936 3440 in
970 3388 1093 3440 moneta
1123 3398 1333 3455 quacumque;
1363 3382 1497 3455 recepie·

233 3489 324 3544 batur
347 3489 445 3545 eciam
470 3490 623 3546 tricesima
655 3489 692 3546 de
716 3490 786 3546 aliis
810 3489 974 3559 mercibus,
998 3489 1075 3546 sicut
1098 3487 1136 3544 de
1161 3488 1277 3562 pannis
1301 3487 1497 3555 animalibus,

232 3596 393 3667 speciebus
417 3603 445 3651 et
470 3596 577 3651 ceteris
600 3596 693 3652 rebus
717 3595 1001 3652 mercimonialibus
1025 3595 1272 3667 quibuscumque
1295 3593 1436 3650 adductis
1459 3592 1498 3649 de

232 3706 319 3756 extra
351 3700 464 3756 finibus
498 3702 593 3772 regni,
625 3710 658 3756 ut
689 3709 733 3757 est
766 3699 892 3770 dictum,
917 3706 947 3757 et
970 3700 1147 3774 specialiter
1170 3701 1280 3772 primis
1304 3699 1497 3772 temporibus

234 3821 362 3878 persone
397 3807 600 3863 ecclesiastice
624 3822 798 3878 nuncquam
824 3807 944 3863 racione
972 3806 1082 3863 talium
1107 3805 1230 3862 fuerunt
1252 3821 1309 3878 per
1333 3804 1499 3862 tricesima·

234 3920 314 3968 tores
344 3914 509 3983 angariate,
541 3913 598 3969 nisi
631 3913 716 3983 talea,
745 3929 805 3983 que
838 3912 995 3969 mercandi
1018 3927 1108 3968 causa
1132 3927 1181 3968 res
1206 3909 1420 3968 huiuscemodi
1443 3909 1498 3966 Za·

233 4019 375 4090 grabiam
410 4018 448 4075 de
482 4025 568 4076 extra
603 4018 726 4089 finibus
761 4026 793 4075 ut
829 4017 1006 4091 predicitur,
1040 4025 1262 4090 apportassent.
1300 4016 1366 4072 Hoc
1400 4016 1498 4072 eciam

234 4125 446 4196 investigando
478 4127 658 4197 reperimus,
690 4125 773 4198 quod
804 4124 938 4181 forenses
970 4130 1156 4180 mercatores
1192 4120 1403 4180 huiuscemodi
1435 4121 1498 4177 suis

234 4230 366 4287 venditis
395 4232 487 4287 rebus
518 4242 547 4288 et
579 4233 733 4288 tricesima
757 4231 795 4287 de
819 4230 935 4287 eisdem
963 4231 1130 4303 persoluta,
1154 4230 1180 4286 si
1203 4244 1280 4300 quas
1303 4243 1421 4285 merces
1444 4226 1498 4283 Za·

234 4337 340 4408 grabie
364 4337 545 4393 deferendas
570 4343 655 4395 extra
679 4352 809 4410 regnum
832 4346 1070 4409 comparassent,
1087 4336 1125 4392 de
1142 4336 1189 4392 his
1209 4334 1245 4391 ad
1272 4334 1391 4391 nullam
1410 4334 1499 4390 trice-

234 4444 345 4499 simam
361 4443 548 4514 obligantur,
565 4443 617 4499 sed
635 4443 737 4500 soluto
753 4441 791 4499 de
807 4442 855 4499 his
871 4443 987 4500 tributo
1003 4443 1089 4514 regio
1105 4443 1135 4499 in
1152 4441 1274 4497 civitate
1291 4441 1341 4497 rel
1358 4438 1499 4496 districtu

235 4548 390 4620 Grecensi,
414 4550 512 4606 libere
543 4548 582 4606 ad
614 4550 743 4622 propria
774 4548 960 4611 remeabant,
990 4548 1107 4605 Datum
1138 4549 1168 4604 in
1200 4547 1333 4604 crastino
1363 4543 1433 4602 festi
1459 4543 1498 4601 ad

235 4656 359 4713 vincula
383 4656 477 4712 sancti
503 4655 583 4712 Petri
606 4656 748 4728 apostoli,
772 4669 852 4712 anno
875 4653 1062 4726 supradicto.

324 4807 345 4856 E
366 4814 531 4873 transumpto
550 4807 656 4857 Nicolai
678 4807 739 4858 bani
757 4807 838 4859 totius
857 4805 1004 4867 Slauouiae,
1023 4814 1053 4857 ut
1071 4805 1148 4857 inira.
