3488 5242
236 311 298 385 360
677 315 750 374 Dor.
769 314 844 394 381.
869 334 906 361 4
932 321 987 378 An.
1005 334 1094 397 1395,
1161 403 1164 408 Ι

236 525 291 566 vas
315 509 383 568 sesti
407 515 631 587 assumpcionis
654 516 784 587 virginis
806 518 950 590 gloriose,
973 537 1053 577 nune
1076 527 1230 595 venturas,
1254 523 1400 582 duximus
1427 541 1499 598 pro·

236 615 414 687 rogandam.
438 617 597 675 Presentes
628 627 732 677 autem
755 623 868 694 sigillis
887 626 1000 682 nostris
1022 627 1210 700 absentibus,
1234 629 1340 701 sigillo
1361 631 1500 703 magistri

236 723 360 779 Martini
389 723 468 781 Ders
498 725 640 783 vicebani
670 731 700 783 et
729 729 851 786 comitis
881 731 977 788 nostri
1008 733 1215 804 zagrabiensis
1252 733 1380 792 fecimus
1404 737 1500 793 consi·

236 827 332 899 gnari.
363 827 479 885 Datum
503 829 661 903 Zagrabie,
692 837 801 890 octavo
832 834 882 892 die
913 837 1036 894 termini
1068 840 1227 910 prenotati.
1261 841 1350 897 Anno
1374 840 1501 899 domino

238 933 407 990 millesimo
431 933 508 992 CCC
531 937 731 1008 nonagesimo
754 939 869 1011 quinto.

327 1050 468 1116 Originale
487 1051 514 1102 in
533 1053 631 1113 charta,
650 1070 665 1105 a
687 1061 762 1122 tergo
781 1057 923 1124 vestigium
943 1059 1064 1125 impressi
1084 1061 1176 1127 sigilli.
1205 1062 1236 1112 In
1255 1062 1363 1113 archivo
1380 1062 1427 1113 lib.
1447 1078 1501 1129 reg.

239 1138 288 1189 civ.
307 1139 412 1204 zagrab.

828 1307 911 1373 381.

345 1448 422 1495 Anno
444 1455 518 1509 1395,
541 1456 561 1496 l.
581 1447 745 1511 septembris,
768 1448 906 1513 Strigonii.

242 1571 443 1645 Segismundees
466 1575 643 1646 Heagariae
665 1583 712 1632 ele.
736 1595 790 1633 rex
807 1577 947 1652 Joleama'
967 1578 1001 1634 de
1024 1578 1107 1636 Senis
1128 1580 1236 1636 vicarii}
1251 1581 1374 1654 episcopi
1386 1582 1503 1653 nigrai.

241 1680 371 1736 receives
400 1679 573 1738 Greeleeases
595 1682 625 1737 ia
649 1683 794 1738 exactione
823 1683 996 1741 deeimarum
1029 1687 1129 1759 „altra
1153 1687 1278 1758 ipsorum
1301 1686 1457 1744 libertatem
1480 1695 1508 1744 el

241 1786 464 1843 c‘oeeseteteede'aem
495 1788 531 1844 ab
558 1789 678 1862 aieleilua
706 1789 915 1864 apprabcetaeee“
946 1799 1090 1864 aggravet
1119 1799 1147 1848 el
1173 1793 1234 1848 ecel.
1266 1792 1443 1849 interdictum
1476 1801 1509 1849 ut

730 1904 846 1967 revecat,
865 1897 1018 1970 praecipit.

331 2036 546 2108 sigismundus
578 2038 626 2096 dei
661 2041 765 2111 gracia
794 2057 849 2098 rex
883 2040 1049 2112 Hungarie‚
1084 2041 1254 2112 Dalmacie,
1291 2040 1418 2099 Croacie
1452 2051 1507 2100 etc.

244 2143 445 2215 marchioque
469 2142 787 2218 Brandemburgensis
811 2151 866 2204 etc.
890 2145 1050 2204 Fidelibus
1074 2148 1145 2216 suis
1169 2146 1345 2204 honorabili
1363 2147 1430 2203 viro
1454 2146 1508 2204 do·

245 2249 329 2305 mino
359 2249 491 2330 Johanni
523 2249 561 2306 de
592 2248 687 2321 Senis,
719 2251 835 2309 vicario
859 2252 888 2308 in
912 2253 1127 2326 spiritualibus
1150 2252 1295 2323 generali,
1319 2252 1393 2308 item
1417 2252 1508 2309 Petro

245 2360 273 2411 et
297 2353 463 2428 Stephano
487 2357 638 2426 litteratis,
664 2356 872 2414 familiaribus
895 2364 925 2414 ct
948 2356 1136 2415 officialibus
1156 2358 1258 2414 fidelis
1283 2359 1378 2416 nostri
1395 2357 1509 2425 devoti,

246 2461 407 2518 reverendi
430 2462 459 2518 in
485 2461 608 2519 Christo
640 2463 744 2536 patris.
776 2462 893 2521 domini
923 2464 1071 2546 Johannis
1094 2464 1231 2537 episcopi
1255 2464 1382 2521 ecclesie
1405 2479 1508 2536 zagra·

247 2566 379 2638 byensis,
403 2567 534 2624 salutem
558 2574 587 2624 et
610 2569 754 2640 graciam.
777 2568 812 2626 ln
834 2570 974 2643 personis
998 2568 1114 2638 iudicis
1139 2570 1311 2626 iuratorum
1335 2574 1364 2626 et
1388 2569 1510 2626 univer·

248 2688 352 2730 sorum
385 2675 501 2732 civium
533 2690 568 2731 ac
595 2675 754 2747 hospitum
784 2682 960 2732 nostrorum
985 2674 1023 2732 de
1046 2674 1206 2746 Zagrabia,
1230 2679 1333 2731 nostre
1358 2675 1510 2733 maiestati

246 2779 359 2837 dicitur
389 2781 562 2852 querulose,
594 2780 751 2854 quomodo
780 2795 836 2838 vos
866 2780 1002 2837 decimas
1026 2781 1122 2853 ipsius
1146 2780 1263 2838 domini
1286 2780 1432 2854 episcopi,
1457 2781 1510 2838 do-

248 2886 323 2942 mini
355 2886 457 2956 vestri,
489 2892 637 2959 exparte
668 2888 808 2959 ipsorum
832 2887 948 2943 civium
971 2893 1148 2943 nostrorum
1171 2885 1272 2943 eidem
1296 2884 1422 2943 domino
1446 2887 1510 2959 epi·

249 3005 344 3063 scopo
374 2992 539 3064 provenire
570 2991 734 3061 debendas‚
767 3006 827 3048 non
854 2991 1024 3049 secundum
1048 2992 1188 3065 ipsorum
1212 2990 1512 3049 consvctudinariam

250 3097 352 3168 legem
375 3099 415 3154 ab
439 3098 565 3170 antiquo
586 3098 784 3155 observatam
817 3105 846 3155 et
870 3104 962 3171 prout
986 3099 1062 3155 alias
1080 3097 1136 3155 suit
1153 3105 1342 3169 consuetum,
1359 3097 1412 3154 sed
1430 3099 1512 3155 ultra

249 3205 377 3262 eandem
401 3205 653 3262 consuetudinem
669 3203 859 3274 eorumdem,
876 3221 969 3278 super
985 3205 1069 3277 ipsos
1085 3203 1187 3260 dicare
1203 3210 1232 3260 et
1249 3204 1372 3275 exigere
1388 3204 1512 3260 nittere·

251 3313 325 3369 mini
350 3319 379 3369 et
402 3312 534 3382 velletis,
557 3311 860 3384 ecclesiasticumque
876 3309 1072 3368 interdictum
1089 3326 1183 3382 super
1198 3307 1323 3365 eosdem
1340 3295 1449 3381 previa
1465 3325 1513 3365 ra-

251 3419 337 3475 cione
354 3418 577 3491 imposuissetis
589 3418 619 3474 in
632 3416 837 3490 preiudicium
855 3417 930 3474 iuris
947 3416 1086 3489 ipsorum
1103 3421 1133 3472 et
1146 3415 1364 3472 detrimentum
1379 3416 1513 3472 multum

252 3527 358 3597 ingens
367 3543 374 3594 ;
400 3540 456 3597 per
479 3524 691 3597 quodquidem
715 3524 955 3581 ecclesiasticum
983 3523 1179 3580 interdictum
1211 3523 1347 3594 plurima
1380 3528 1516 3579 mortuo-

251 3646 321 3687 rum
355 3645 483 3687 suorum
514 3645 582 3687 ossa
614 3638 701 3687 extra
731 3645 817 3687 sacra
848 3630 916 3685 loca
945 3628 1066 3702 sepulta
1090 3628 1285 3698 haberentur,
1317 3643 1388 3683 cum
1413 3633 1515 3684 tamen

252 3738 311 3811 ipsi
334 3737 470 3794 decimas
493 3735 647 3809 predictas
670 3736 759 3793 sicuti
782 3736 859 3792 alias
879 3734 1001 3792 easdem
1019 3735 1140 3791 solvere
1157 3732 1284 3790 luissent
1301 3734 1408 3804 asveti,
1426 3734 1516 3790 vobis

254 3843 391 3916 plenarie
422 3843 634 3915 persolverent
664 3847 693 3898 et
725 3841 872 3898 effective.
904 3840 1007 3913 Quare
1030 3840 1173 3898 fidelitati
1196 3845 1297 3897 vestre
1321 3840 1516 3912 presentibus

253 3949 437 4006 mandamus
460 3948 662 4019 severissime,
686 3953 835 4020 quatenus
859 3945 996 4019 prefatos
1020 3946 1102 4002 cives
1126 3952 1155 4002 et
1178 3946 1315 4018 hospites
1339 3951 1464 4001 nostros
1487 3944 1517 4000 in

254 4055 409 4112 dicacione
433 4060 462 4110 et
485 4054 646 4110 exaccione
678 4053 887 4126 predictarum
919 4052 1110 4109 decimarum
1143 4052 1225 4108 ultra
1256 4051 1395 4123 ipsorum
1424 4050 1518 4106 liber·

255 4166 350 4217 tatem
372 4168 401 4217 et
424 4159 675 4239 eonsvctudinem
700 4159 890 4232 abantiquo
921 4159 1126 4232 approbatam
1151 4156 1291 4231 inpedire
1314 4164 1343 4213 et
1367 4171 1518 4228 agravare

254 4269 342 4325 nullo
367 4267 460 4324 modo
484 4266 734 4340 presumpmatis‚
757 4282 812 4322 nec
836 4261 930 4339 super
949 4264 1073 4321 eosdem
1090 4263 1211 4320 racione
1228 4263 1450 4336 premissarum
1467 4260 1518 4317 de·

256 4375 407 4430 cimarum
432 4373 604 4430 indebitum
628 4372 867 4429 ecclesiasticum
892 4370 1089 4428 interdictum
1106 4370 1253 4443 inponere
1269 4367 1407 4424 debeatis
1425 4366 1518 4424 modo

255 4479 400 4552 aliquali;
432 4488 462 4536 et
492 4479 577 4536 aliud
609 4479 709 4535 facere
739 4493 801 4536 non
823 4478 935 4536 ausuri.
958 4478 1074 4535 Datum
1098 4475 1252 4547 strigonii,
1277 4475 1307 4531 in
1333 4473 1410 4531 festo
1435 4474 1517 4530 beati

256 4584 358 4658 Egidii
377 4586 506 4643 abbatis.
534 4587 624 4642 Anno
648 4584 766 4642 domini
793 4584 903 4642 MCCC
926 4584 1124 4656 nonagesimo
1149 4581 1263 4654 quinto
1294 4659 1303 4670 ,Ι

347 4701 485 4768 Originale
509 4703 537 4752 in
561 4703 658 4753 charta.
686 4703 711 4752 A
735 4709 811 4768 tergo
835 4701 992 4769 impressum
1016 4700 1099 4750 maius
1120 4699 1240 4765 sigillum
1258 4697 1337 4762 regis.
1361 4695 1392 4746 In
1412 4696 1520 4746 archivo

257 4790 305 4841 lib.
325 4805 380 4855 reg.
400 4790 471 4842 civit.
492 4791 596 4858 zagrab.
