3488 5242
664 306 736 363 Dec.
761 318 811 383 49.
839 340 875 348 -
903 305 957 363 An.
983 299 1072 363 1266.
1458 323 1499 385 43

235 505 321 576 Item,
353 506 525 576 statuimus,
558 504 642 577 quod
673 506 706 562 in
740 504 848 563 eadem
882 505 1007 563 civitate
1041 504 1145 563 forum
1180 505 1356 580 sollempne
1378 503 1501 564 duobus

235 609 345 668 diebus
362 611 394 668 in
408 610 591 681 ebdomada,
616 609 761 669 videlicet
780 611 830 669 die
846 613 930 669 Lune
947 617 977 669 et
1000 612 1049 669 die
1072 612 1159 695 Jouis
1176 611 1358 682 celebretur,
1381 618 1412 669 et
1432 627 1501 686 pre·

235 720 318 773 terea
341 716 444 773 forum
470 716 699 788 quottidianum
719 716 843 774 cottidie
871 718 1028 774 habeatur.
1045 717 1095 775 Ad
1119 718 1375 775 sustentacionem
1397 723 1501 775 autern

235 821 395 895 hospitum
418 822 449 878 in
471 822 611 894 predicto
635 829 735 880 castro
758 823 977 893 habitancium,
1001 823 1144 883 dedimus
1168 829 1282 881 terram
1306 823 1388 882 circa
1415 839 1502 882 mon-

236 932 299 984 tem
322 926 434 996 Grech‚
457 943 549 1000 quam
581 929 657 986 olim
689 944 744 1002 per
775 928 924 986 dilectum
955 935 984 986 et
1014 928 1140 987 fidelem
1171 935 1312 987 nostrum
1344 930 1502 1003 quondam

236 1033 410 1091 Dionisium
434 1035 548 1091 banom
574 1035 672 1091 tocius
695 1033 859 1092 Sclauonie
874 1034 990 1093 eisdem
1007 1036 1128 1093 civibus
1145 1035 1335 1093 dinoscimur
1352 1037 1501 1108 statuisse,

236 1139 294 1196 sub
317 1141 408 1197 certis
432 1141 521 1197 metis
545 1147 574 1197 et
598 1139 749 1198 distinctis
773 1148 922 1214 perpetuo
945 1140 1173 1214 possidendam.
1198 1141 1293 1200 Cuius
1316 1146 1398 1200 terre
1421 1149 1502 1200 mete

236 1245 294 1302 hoc
318 1245 425 1303 ordine
449 1246 672 1319 distinguntur:
696 1245 801 1304 Prima
816 1252 900 1304 meta
915 1251 961 1305 est
977 1248 1007 1304 in
1024 1252 1116 1321 portu
1131 1247 1230 1319 Zawe,
1247 1249 1301 1320 qui
1317 1248 1502 1320 Kyralrevy

236 1351 349 1410 dicitur
372 1353 457 1410 iuxta
481 1369 627 1425 magnam
651 1353 744 1425 viam,
776 1360 806 1411 et
836 1370 892 1428 per
922 1353 1052 1412 eandem
1076 1353 1174 1412 tendit
1197 1370 1296 1428 usque
1319 1355 1424 1413 rivum
1447 1353 1502 1412 Za·

237 1459 346 1530 wycha
370 1459 497 1531 dictum,
523 1475 615 1531 quem
639 1460 744 1517 rivum
768 1461 876 1518 transit
905 1476 961 1534 per
991 1466 1126 1534 pontem,
1159 1460 1270 1519 deinde
1293 1476 1350 1534 per
1373 1460 1502 1519 eandem

236 1566 320 1622 viam
345 1565 441 1622 tendit
465 1581 573 1622 versus
596 1566 775 1638 aquilonem
796 1566 946 1623 transiens
968 1582 1091 1638 aquam,
1116 1583 1175 1639 que
1198 1566 1302 1624 Mlaka
1329 1566 1450 1637 dicitur,
1472 1573 1502 1624 et

238 1672 396 1745 perveniet
428 1671 467 1728 ad
499 1672 707 1729 monticulum
738 1671 824 1729 iuxta
854 1688 949 1745 quem
982 1679 1028 1729 est
1058 1680 1140 1732 meta
1171 1680 1279 1743 terrea,
1307 1689 1367 1746 que
1390 1671 1503 1730 dividit

238 1787 354 1835 terram
379 1778 571 1852 populorum
594 1779 676 1850 regis
699 1793 717 1834 a
739 1783 827 1852 parte
858 1778 1008 1849 orientali,
1038 1778 1149 1836 deinde
1176 1780 1327 1837 transiens
1349 1779 1502 1836 minorem

239 1883 376 1941 Mlakam
399 1884 558 1958 perveniet
580 1884 619 1940 ad
645 1896 790 1956 magnam
819 1885 911 1954 viam,
943 1900 1003 1957 que
1026 1885 1111 1957 wigo
1135 1886 1272 1943 Ettewen
1301 1885 1423 1957 dicitur,
1445 1901 1503 1960 per

238 2005 331 2062 quam
364 1990 489 2047 veniens
516 1991 657 2063 pervenit
681 1989 719 2046 ad
743 1991 846 2046 rivum
869 1989 1052 2062 Cyrlrenich‚
1076 1991 1120 2048 ibi
1145 1996 1190 2048 est
1214 2007 1301 2066 pons,
1317 1992 1391 2049 binc
1412 2007 1502 2065 supe·

239 2097 303 2153 rius
325 2112 383 2169 per
407 2095 538 2153 eundem
563 2097 701 2153 rivulum
726 2096 812 2153 iuxta
835 2101 973 2153 montem
1004 2096 1105 2155 Grech
1139 2097 1225 2155 vadit
1255 2098 1372 2155 directe
1395 2113 1503 2155 versus

238 2203 416 2276 aquilonem
448 2204 597 2273 metatim,
630 2203 755 2260 tendens
787 2202 826 2259 ad
851 2202 976 2274 fontem,
1001 2204 1054 2276 qui
1077 2203 1191 2262 dicitur
1218 2202 1390 2277 Kubullrut,
1418 2204 1505 2262 iuxta

238 2325 331 2383 quem
354 2315 400 2367 est
423 2319 506 2366 meta
529 2314 635 2379 terrea,
659 2324 677 2365 a
700 2325 762 2381 quo
784 2309 926 2383 superius
956 2326 1014 2383 per
1035 2310 1176 2368 rivulum
1200 2309 1373 2383 Cyrlrenich
1396 2325 1504 2368 versus

238 2415 415 2487 aquilonem
448 2416 589 2488 pervenit
620 2414 659 2473 ad
689 2415 838 2486 rivulum,
870 2416 923 2488 qui
953 2418 1082 2473 vocatur
1111 2414 1290 2491 Zapotnilra,
1322 2416 1392 2473 hinc
1423 2422 1505 2473 tran·

238 2521 318 2578 siens
341 2522 548 2579 monticulum
571 2521 653 2578 cadit
675 2522 706 2578 in
731 2521 887 2594 quandam
919 2522 1044 2593 vallem,
1073 2537 1130 2595 per
1161 2537 1255 2595 quam
1279 2522 1388 2580 transit
1409 2522 1441 2579 in
1462 2522 1505 2580 ri·

239 2627 358 2697 vulum,
383 2627 436 2700 qui
459 2627 571 2684 dicitur
593 2627 730 2699 Lomzky
746 2627 851 2702 potolr,
876 2626 987 2686 deinde
1010 2626 1147 2686 ascendit
1170 2626 1211 2687 ad
1238 2633 1354 2686 metam
1377 2628 1506 2701 capituli

238 2734 454 2806 zagrabiensis,
479 2741 508 2791 et
532 2734 575 2792 ibi
606 2739 677 2791 sunt
708 2739 788 2792 mete
820 2739 890 2806 tres,
922 2751 983 2793 una
1016 2735 1145 2809 capituli
1168 2735 1384 2808 zagrabiensis‚
1407 2734 1506 2793 altera

238 2840 397 2912 hospitum
432 2839 470 2896 de
501 2839 612 2912 Grech,
645 2841 738 2898 tercia
769 2840 907 2899 filiorum
931 2841 1070 2911 Dobclra,
1094 2840 1132 2899 de
1154 2856 1266 2915 genere
1295 2843 1371 2914 Aga,
1395 2840 1505 2899 deinde

240 2946 380 3021 procedit
412 2963 468 3021 per
501 2963 646 3004 cacumen
678 2947 817 3005 eiusdem
847 2948 961 3005 montis
984 2947 1140 3006 vocabulo
1172 2947 1374 3006 Meduenicha
1396 2962 1506 3006 versus

239 3053 429 3111 occidentem
460 3061 489 3111 et
520 3056 662 3127 pervenit
692 3054 731 3112 ad
762 3059 877 3112 metam
909 3054 1047 3111 filiorum
1078 3054 1199 3124 Micola,
1223 3069 1283 3126 que
1314 3053 1506 3125 Plesyvvicha

239 3159 360 3230 dicitur,
384 3161 470 3218 iuxta
493 3177 589 3234 quam
611 3169 657 3219 est
678 3167 761 3218 meta
776 3167 884 3232 terrea,
901 3160 1011 3218 deinde
1027 3177 1046 3218 a
1061 3161 1222 3219 cacumine
1237 3159 1376 3218 eiusdem
1392 3160 1506 3217 montis

239 3266 396 3325 descendit
420 3283 528 3325 versus
551 3274 671 3341 partem
697 3267 933 3326 meridionalem
949 3267 1090 3325 metatim
1106 3265 1145 3324 ad
1161 3267 1308 3324 arborem
1324 3273 1506 3335 castaneam,

239 3389 333 3446 super
355 3389 416 3446 qua
440 3382 485 3431 est
508 3390 593 3444 crux,
618 3379 647 3430 et
670 3375 756 3431 iuxta
787 3388 856 3430 eam
887 3378 932 3430 est
961 3378 1044 3430 meta
1073 3377 1181 3444 terrea,
1215 3372 1326 3430 deinde
1350 3370 1508 3429 descendit

238 3479 277 3537 ad
301 3486 394 3553 caput
417 3480 518 3550 tontis,
543 3481 596 3553 qui
619 3479 784 3538 Chicheria
800 3480 920 3549 dicitur,
938 3479 990 3552 qul
1007 3478 1075 3536 fons
1091 3477 1203 3537 dividit
1218 3482 1335 3536 terram
1350 3477 1452 3536 Endre
1468 3476 1507 3535 de

240 3594 322 3644 terra
345 3586 493 3660 predicta,
518 3594 547 3643 et
570 3587 614 3644 sic
637 3585 849 3644 descendendo
873 3601 931 3659 per
954 3584 1096 3656 eundem,
1120 3584 1245 3643 divertit
1277 3583 1507 3657 aliquantulum

243 3707 352 3749 versus
374 3692 564 3750 occidentem
588 3692 625 3749 ad
650 3698 789 3749 montem
812 3699 842 3749 et
865 3692 908 3749 ibi
932 3701 977 3748 est
992 3692 1087 3749 arbor
1103 3695 1243 3750 castanea
1267 3705 1357 3747 cruce
1380 3690 1507 3762 signata,

240 3799 325 3856 iuxta
342 3814 436 3872 quam
452 3807 497 3856 est
513 3804 596 3856 meta
612 3805 719 3870 terrea,
729 3798 840 3856 deinde
856 3797 895 3855 ad
912 3813 1059 3855 cacumen
1075 3798 1189 3855 montis
1205 3795 1344 3854 eiusdem
1366 3793 1508 3869 procedit

240 3921 348 3962 versus
371 3905 533 3962 meridiem
565 3905 733 3963 dividendo
765 3911 879 3963 terram
911 3904 1039 3963 ecclesie
1069 3903 1285 3981 zagrabiensis,
1317 3901 1429 3960 deinde
1451 3916 1508 3974 per

240 4027 352 4085 gyrum
377 4013 415 4069 ad
438 4012 628 4070 occidentem
652 4013 880 4086 aliquantulum
905 4012 1069 4070 divertitur
1100 4016 1130 4070 et
1159 4011 1204 4069 ibi
1228 4010 1336 4068 transit
1358 4008 1507 4080 rivulum,

243 4119 296 4191 qui
320 4125 449 4176 vocatur
471 4119 607 4177 Neanich
631 4119 755 4194 potolra,
777 4131 806 4176 et
829 4120 900 4177 inde
916 4117 1109 4177 ascendendo
1125 4118 1268 4192 superius
1290 4114 1329 4173 de
1351 4121 1433 4172 terra
1448 4114 1506 4171 En·

244 4224 299 4283 dre
323 4241 380 4298 per
403 4226 521 4283 vallem
544 4226 583 4283 ad
614 4228 763 4284 verticem
793 4227 883 4284 unius
913 4225 1035 4297 montis,
1067 4225 1111 4283 ibi
1134 4229 1180 4282 est
1201 4229 1299 4292 meta;
1327 4222 1399 4279 hinc
1421 4235 1508 4293 sepa·

242 4331 340 4388 rando
374 4347 430 4404 per
460 4339 579 4389 veteres
603 4340 701 4390 metas
724 4336 838 4390 terram
869 4330 1006 4403 Gremle,
1029 4329 1186 4390 descendit
1210 4329 1248 4387 ad
1272 4329 1426 4398 arborem,
1449 4342 1510 4399 que

242 4445 374 4495 vocatur
397 4440 474 4509 ihor,
506 4446 535 4496 et
565 4439 609 4496 ibi
640 4445 686 4496 est
715 4443 806 4509 meta,
829 4444 859 4496 et
884 4437 965 4496 cadit
995 4438 1025 4495 in
1058 4437 1151 4508 viam,
1182 4451 1242 4509 que
1273 4435 1336 4492 exit
1366 4432 1404 4490 de
1430 4432 1509 4489 villa

241 4543 380 4616 Gremle,
404 4545 515 4602 deinde
538 4562 596 4620 per
618 4545 747 4603 eandem
770 4560 879 4602 versus
902 4543 1066 4602 meridiem
1081 4541 1223 4621 procedit
1241 4539 1281 4598 ad
1298 4553 1445 4613 campum
1468 4535 1509 4595 ad

242 4657 358 4708 metam
383 4657 524 4723 terream,
548 4651 660 4709 deinde
684 4645 910 4724 aliquantulum
934 4649 1061 4708 divertit
1092 4649 1132 4707 ad
1162 4648 1319 4707 sinistram
1345 4645 1509 4719 perviam

241 4764 276 4814 et
299 4760 441 4831 pervenit
457 4757 497 4815 ad
517 4757 656 4832 paludes,
676 4775 735 4831 que
751 4756 855 4816 Mlalra
878 4756 1031 4829 dicuntur,
1046 4757 1090 4815 ibi
1105 4760 1152 4814 est
1172 4759 1256 4815 meta
1276 4754 1363 4812 iuxta
1381 4749 1512 4810 eandem
