3488 5242
613 328 687 385 Doc.
710 341 784 406 404.
807 339 879 405 405.
906 360 942 370 -
964 327 1020 385 Aa
1044 340 1133 406 1397.

830 539 926 605 404.

350 680 426 728 Anno
448 685 522 741 1397,
543 687 584 727 21.
605 677 702 727 martii.
724 676 975 742 Quinqueecclesiis.

246 804 447 878 Segismundus
466 805 644 878 Hungorioe
665 813 713 862 etc.
737 824 791 862 rex
812 805 886 861 cives
922 804 1104 875 Grccltenses,
1134 825 1169 863 nc
1190 814 1314 879 prepter
1339 825 1469 864 excessus
1492 825 1511 861 a

310 911 434 984 quolibet
454 911 544 967 iudice
565 913 785 968 molestarentur
798 911 943 983 prohibet,
965 930 1066 985 eosque
1088 913 1117 968 in
1141 912 1269 969 tutellam
1290 913 1444 968 assummit.

333 1070 397 1128 Nos
419 1068 636 1142 sigismundus
660 1071 709 1129 dei
733 1072 836 1144 gracia
859 1087 915 1128 rex
930 1072 1096 1144 Hungarie,
1114 1072 1283 1142 Dalmacie‚
1306 1071 1433 1129 Croacie
1457 1078 1511 1129 etc.

246 1178 396 1234 Memorie
428 1177 683 1235 commendamus
714 1185 823 1234 tenore·
851 1178 1044 1251 presencium
1067 1177 1285 1250 significantes
1316 1178 1431 1249 quibus
1461 1193 1513 1233 ex-

246 1281 334 1356 pedit
355 1283 518 1353 universis,
542 1282 625 1354 quod
649 1299 705 1341 nos
728 1282 767 1340 de
788 1283 977 1355 benignitate
1000 1283 1107 1355 regali,
1130 1298 1191 1355 qua
1218 1283 1437 1341 excedentibus
1460 1298 1513 1339 ve-

247 1388 331 1445 niam
343 1393 373 1445 et
386 1388 482 1462 lapsis
495 1389 698 1446 sublevamen
714 1390 851 1447 solemus
866 1389 1030 1462 impertiri,
1047 1390 1185 1461 iurisque
1200 1389 1337 1461 rigorem
1357 1387 1513 1445 interdum

248 1493 373 1550 lenitate
396 1493 608 1551 misericordie
623 1495 840 1551 consvevimus
857 1500 1037 1565 temperare.
1058 1494 1217 1551 Fidelibus
1233 1494 1345 1550 nostris
1361 1493 1514 1550 universis

248 1608 278 1656 et
301 1598 431 1671 singulis
455 1599 576 1656 civibus
599 1616 651 1658 seu
676 1600 851 1673 hospitibus
874 1601 986 1657 nostris
1010 1599 1049 1657 de
1074 1598 1225 1671 Zagrabia
1244 1615 1338 1673 super
1362 1598 1514 1655 universis

249 1704 338 1762 iactis
360 1706 565 1778 potenciariis‚
590 1707 751 1763 hominum
782 1705 1076 1778 interempcionibus
1107 1715 1137 1762 et
1168 1704 1437 1774 wlneracionibus,
1461 1703 1515 1760 do·

249 1825 437 1883 morumque
460 1811 727 1869 combustionibus
750 1828 786 1869 ac
806 1810 876 1868 aliis
904 1810 992 1869 factis
1023 1811 1178 1869 iniuriosis
1202 1816 1233 1867 et
1256 1808 1436 1867 facinorosis
1460 1824 1517 1881 per

250 1917 335 1989 ipsos
358 1916 506 1973 hactenus
529 1917 751 1989 quoquomodo
780 1917 1017 1974 honorabilibus
1047 1917 1123 1974 viris
1154 1915 1289 1973 dominis
1317 1914 1356 1972 de
1378 1915 1516 1987 capitulo

249 2021 377 2078 ecclesie
406 2021 613 2092 zagrabiensis
643 2022 738 2079 illatis
769 2028 799 2079 et
828 2023 965 2095 patratis,
997 2022 1158 2094 capitibus,
1189 2020 1444 2095 possessionibus,
1471 2035 1517 2077 re·

251 2128 371 2199 busque
395 2132 425 2182 et
450 2127 539 2184 bonis
571 2143 678 2185 eorum
709 2129 862 2186 universis
892 2129 1030 2200 graciam
1056 2135 1086 2185 et
1119 2127 1365 2186 misericordiam
1388 2125 1518 2184 fecimus

251 2232 427 2305 specialem.
459 2231 610 2304 Quocirca
635 2234 725 2306 vobis
749 2234 922 2306 magnificis
946 2235 1030 2305 viris,
1047 2233 1181 2291 dominis
1212 2233 1351 2307 palatino
1373 2238 1402 2289 et
1425 2230 1517 2289 iudici

251 2337 335 2394 curie
359 2342 471 2407 nostre,
501 2338 576 2394 item
607 2340 694 2410 regni
724 2340 821 2397 nostri
854 2337 1018 2398 Sclauonie
1048 2341 1137 2409 ban0,
1170 2345 1350 2415 vestrasque
1380 2339 1464 2395 vices
1487 2338 1518 2394 in

252 2443 389 2501 iudicatu
412 2445 599 2515 gerentibus,
622 2446 692 2502 aliis
715 2447 811 2504 eciam
836 2446 953 2503 cunctis
977 2446 1063 2517 regni
1084 2445 1180 2502 nostri
1196 2443 1358 2513 iudicibus,
1377 2443 1518 2500 ecclesia-

252 2550 336 2607 sticis
360 2549 505 2607 videlicet
529 2556 559 2607 et
581 2551 782 2622 secularibus,
815 2552 1004 2624 alteriusque
1035 2558 1133 2608 status
1162 2556 1193 2607 et
1223 2548 1411 2607 condicionis
1432 2547 1518 2619 regni

252 2657 350 2714 nostri
373 2655 552 2713 hominibus
584 2659 778 2729 presencium
810 2658 957 2715 noticiam
988 2656 1140 2713 habituris
1171 2655 1302 2712 firmiter
1328 2654 1519 2727 precipimus

253 2769 284 2819 et
307 2761 500 2826 mandamus.
532 2768 682 2835 quatenus
714 2763 851 2837 prefatos
882 2765 965 2821 cives
995 2770 1025 2819 et
1056 2762 1193 2835 hospites
1224 2766 1344 2818 nostros
1375 2759 1519 2817 dedicta

254 2867 406 2941 Zagrabia
429 2875 460 2924 et
482 2869 656 2941 quemlibet
686 2885 796 2927 eorum
828 2875 972 2943 pretextu
1003 2869 1228 2942 premissorum
1259 2866 1289 2924 in
1321 2865 1435 2923 iudicio
1467 2865 1519 2922 vel

254 2979 341 3031 extra
364 2973 513 3031 iudicium
542 2975 572 3031 in
603 2975 692 3033 nullo
721 2975 870 3048 inpedire,
901 2974 1075 3044 molestare,
1107 2972 1329 3046 dampnificare
1360 2987 1413 3028 seu
1444 2986 1520 3044 quo·

255 3095 389 3152 cumque
412 3081 595 3153 perturbare
612 3082 847 3153 presummatis;
871 3096 958 3137 secus
974 3086 1080 3137 contra
1097 3078 1231 3137 formam
1247 3078 1398 3151 premisse
1416 3082 1520 3133 nostre

255 3186 358 3258 gracie
381 3185 456 3258 ipsis
480 3185 559 3243 facte
592 3185 692 3243 iacere
715 3201 775 3243 non
799 3187 904 3243 ausuri
927 3187 958 3243 in
982 3185 1150 3258 premissis.
1182 3184 1295 3240 Datum
1328 3182 1521 3255 Quinqueec·

255 3291 364 3362 clesiis‚
388 3293 419 3349 in
442 3290 520 3348 festo
543 3292 625 3349 beati
658 3292 812 3349 Benedicti
843 3292 972 3350 abbatis,
997 3293 1085 3347 Anno
1118 3289 1236 3347 domini
1270 3289 1438 3346 millesimo
1462 3297 1521 3345 tre·

257 3397 424 3454 centesimo
447 3397 648 3469 nonagesimo
671 3398 813 3471 septimo,

345 3532 367 3581 E
387 3538 551 3596 transumpto
569 3532 696 3598 Johannis
716 3533 775 3582 abb.
796 3538 903 3583 monast.
924 3533 948 3582 b.
968 3549 991 3580 v.
1012 3532 1119 3589 Mariac,
1139 3532 1195 3580 ord.
1217 3530 1406 3586 Cistcrcicnsis,
1426 3530 1459 3579 de
1473 3529 1519 3578 Za·

257 3619 360 3686 grabia,
379 3634 446 3670 anno
469 3629 542 3681 1435,
562 3620 605 3669 die
628 3629 647 3669 l.
665 3620 787 3685 januarii.
813 3620 844 3671 In
865 3619 973 3670 archivo
994 3621 1039 3668 lib.
1060 3635 1114 3684 reg.
1135 3618 1184 3669 civ.
1204 3618 1307 3685 zagrab.

848 3886 939 3951 405.

364 4029 440 4075 Anno
462 4032 535 4088 1397,
554 4034 595 4084 25.
615 4024 716 4075 marcii.
736 4025 986 4090 Quinqueecctesiis.

261 4152 462 4226 Segismundus
477 4153 654 4225 Hungorioc
668 4161 715 4210 etc.
733 4172 795 4222 rex,
809 4155 934 4227 episcopo
945 4162 973 4210 et
982 4155 1107 4227 capitulo
1119 4154 1245 4225 aagrab,
1256 4153 1362 4209 ciuibus
1382 4152 1524 4210 Greclteu·

264 4260 341 4317 sibus
357 4259 478 4335 flendos,
502 4259 601 4316 uineas
615 4267 662 4316 etc.
678 4277 751 4333 quas
767 4260 878 4316 ratione
892 4259 1099 4317 discortltumm
1116 4266 1330 4332 occupaverunt,
1346 4258 1428 4315 reticii
1441 4259 1522 4316 tiebat

1113 4410 1205 4454 Relecio
1219 4408 1341 4453 Eberhardi
1356 4408 1470 4463 prepositi.

349 4541 564 4616 sigismundus
587 4543 637 4602 dei
659 4544 763 4617 gracia
776 4559 832 4601 reu
847 4543 1014 4616 Hungarie,
1030 4541 1199 4612 Dalmacie‚
1216 4540 1342 4598 Croacie
1359 4547 1422 4610 etc,
1445 4555 1526 4597 mar·

263 4649 395 4722 chioque
418 4648 735 4723 Brandemburgensis
766 4655 821 4708 etc.
852 4649 1012 4708 Fidelibus
1043 4650 1114 4719 suis
1145 4647 1316 4706 reverendo
1339 4648 1371 4705 in
1402 4646 1526 4705 Christo

263 4753 355 4829 patri,
378 4752 504 4814 domino
528 4756 683 4831 episcopo
705 4770 823 4814 necnon
846 4755 982 4830 capitulo
1011 4755 1139 4813 ecclesie
1165 4753 1371 4828 zagrabiensis
1394 4753 1527 4810 salutem
