3488 5242
585 356 657 412 Dae.
677 366 749 430 525.
768 351 844 430 326.
872 388 908 396 -
934 356 990 413 An.
1015 351 1106 431 1384.

807 548 891 613 325.

302 673 378 720 Anno
401 672 474 732 1384,
498 672 533 718 lb.
554 669 717 735 septembris.
739 670 767 719 In
788 670 869 735 Siget.

214 798 364 854 Elisabeth
388 798 488 869 regina
513 798 689 870 Hungariae
720 796 866 870 Stephana
893 798 966 854 bana
994 806 1027 855 ut
1054 807 1194 871 expensae
1216 808 1276 873 per
1305 801 1377 858 cibes
1407 799 1480 859 Gre-

287 905 399 960 cltanses
421 904 477 959 sibi
487 904 599 978 factae,
623 922 642 958 a
665 904 860 976 tabagianitur
883 903 1006 960 danatus
1028 906 1226 975 restituantur,
1243 907 1394 979 praecipit.

301 1049 468 1117 Elizabeth,
493 1049 543 1106 dei
566 1050 670 1120 gracia
691 1049 795 1120 regina
821 1049 963 1121 Vngarie‚
981 1049 1115 1119 polonie,
1132 1050 1292 1107 Dalmacie
1309 1057 1364 1107 etc.
1381 1049 1479 1107 Fideli

214 1172 269 1213 suo
294 1155 459 1224 magnifico
483 1155 551 1211 viro
575 1155 701 1211 domino
725 1153 890 1228 Stephan0,
914 1156 999 1227 regni
1024 1156 1119 1213 nostri
1143 1155 1305 1213 Sclauonie
1328 1157 1417 1226 bana,
1433 1170 1480 1212 sa·

214 1261 312 1317 lutem
335 1269 364 1316 et
387 1261 532 1331 graciam.
556 1261 677 1317 Dicitur
700 1261 789 1317 nobis
813 1262 844 1317 in
866 1261 1006 1334 personis
1028 1262 1247 1318 universorum
1267 1262 1383 1319 civium
1407 1261 1480 1318 civi-

215 1367 284 1422 tatis
307 1370 410 1422 nostre
434 1367 547 1422 montis
563 1365 732 1435 Grecensis
750 1365 833 1438 quod
851 1381 906 1423 vos
923 1367 1070 1424 victualia
1086 1366 1210 1439 pridem
1226 1367 1315 1423 nobis
1331 1365 1480 1438 Zagrabie

214 1472 423 1542 existentibus,
448 1473 478 1529 in
502 1471 605 1529 medio
629 1473 768 1545 ipsorum
794 1471 874 1528 facta
890 1477 919 1528 et
936 1473 1075 1545 exposita
1092 1488 1147 1544 per
1164 1472 1343 1543 iobagiones
1359 1478 1480 1529 nostros

215 1579 243 1634 in
269 1579 384 1634 honore
408 1584 511 1633 vestro
535 1578 698 1634 existentes
722 1577 838 1634 eisdem
862 1578 899 1634 ad
926 1578 1062 1650 plurima
1093 1584 1197 1634 nostra
1222 1577 1367 1635 mandata
1390 1579 1480 1635 vobis

214 1700 307 1756 super
336 1700 372 1740 eo
404 1683 501 1740 allata
531 1683 738 1756 persolvisare
770 1685 965 1741 recusassetis
996 1684 1025 1740 in
1057 1685 1196 1757 ipsorum
1230 1701 1289 1742 non
1323 1684 1479 1741 modicum

215 1789 385 1862 dampnum
411 1795 502 1860 atque
527 1790 699 1846 maximum
723 1789 950 1846 detrimentum.
983 1788 1083 1863 Super
1113 1806 1175 1861 quo
1207 1789 1346 1847 fidelitati
1380 1796 1480 1847 vestre

214 1894 306 1951 firmo
331 1895 459 1966 reginali
483 1894 592 1951 dantus
616 1896 675 1951 sub
699 1895 975 1968 edic10‚quatenus
993 1910 1064 1951 mox
1082 1896 1155 1953 visis
1180 1897 1373 1968 presentibus
1397 1895 1478 1952 dicta

216 2001 371 2068 victualia,
395 2002 596 2073 quantitatem
625 2002 806 2057 victualium
836 2017 891 2073 per
914 2003 998 2075 ipsos
1022 2002 1104 2058 cives
1131 2009 1234 2058 nostre
1259 2002 1409 2059 maiestati
1442 2018 1480 2058 ex

214 2107 320 2164 debito
352 2107 494 2163 datorum
521 2113 548 2163 et
573 2109 800 2178 assignatorum
824 2107 1031 2176 extendencia,
1056 2109 1085 2164 in
1111 2107 1214 2164 medio
1240 2115 1313 2180 puta
1338 2109 1478 2180 ipsorum

217 2229 272 2286 pro
304 2219 408 2270 nostra
439 2214 597 2269 maiestate
631 2212 710 2271 facta
741 2219 770 2270 et
802 2214 941 2286 exposita
973 2213 1089 2269 eisdem
1121 2214 1241 2270 civibus
1280 2214 1391 2270 nostris
1425 2230 1481 2286 per

216 2326 402 2376 memoratos
422 2320 601 2391 iobagiones
624 2325 745 2376 nostros
770 2319 905 2392 persolvi
932 2318 1030 2376 facere
1054 2319 1200 2385 debeatis,
1224 2320 1371 2391 ampliori
1396 2334 1480 2375 man-

215 2425 286 2482 dato
311 2427 474 2499 superbis
499 2442 515 2481 a
540 2432 644 2482 nostra
669 2427 826 2482 maiestate
849 2432 1203 2498 nonexpectat0,1uora
1228 2432 1258 2480 et
1282 2441 1387 2481 recusa
1411 2426 1478 2497 qui·

218 2532 323 2587 busvis
349 2533 509 2602 relegatis;
532 2531 617 2587 aliud
642 2532 736 2602 igitur
756 2548 813 2604 pro
833 2537 938 2589 nostra
954 2533 1056 2604 gracia
1073 2547 1130 2588 non
1149 2530 1292 2588 facturus
1319 2531 1432 2587 Datum
1450 2532 1480 2587 in
1540 2547 1546 2559 ·

217 2636 329 2709 Zyged.
354 2639 447 2694 tercio
472 2639 520 2695 die
545 2637 613 2694 sesti
637 2638 836 2695 exaltacionis
860 2645 961 2695 sancte
985 2638 1091 2694 crucis
1118 2640 1206 2694 Anno
1230 2636 1347 2693 domini
1371 2635 1481 2693 MCCC

216 2745 426 2815 octuagesimo
451 2750 568 2816 quarto

304 2880 325 2927 13
345 2885 509 2943 transumpto
529 2879 640 2943 capituli
659 2879 784 2928 eeclesiae
802 2879 987 2944 zagrabiensis,
1007 2895 1075 2929 anno
1098 2881 1170 2939 1384.
1192 2888 1231 2933 27.
1252 2878 1416 2943 septembris.

803 3110 890 3175 326.

322 3253 397 3299 Anno
421 3251 493 3309 1384,
516 3257 556 3303 27.
576 3250 740 3314 septembris.
761 3251 913 3314 Zagrabiae.

220 3375 383 3448 Capitulum
401 3378 517 3448 narrati.
534 3362 700 3434 nraiidatnni
716 3379 833 3450 reginae
859 3379 1007 3435 Elisabeth
1030 3378 1064 3435 a'e
1086 3381 1216 3453 expensis
1238 3379 1296 3438 siti
1309 3379 1403 3454 factis
1423 3387 1481 3454 per

295 3484 368 3539 ciues
398 3483 572 3539 Greelunses
595 3503 613 3538 a
637 3483 831 3553 iuliaeianibus
853 3485 977 3540 bannitus
1000 3486 1194 3554 resarciendis,
1218 3487 1389 3550 transcribit.

305 3626 367 3682 Nos
384 3627 555 3699 capitulum
573 3627 698 3683 ecclesie
716 3628 929 3697 zagrabiensis
947 3629 1095 3685 Memorie
1113 3629 1365 3688 commendantes
1378 3628 1489 3688 tenore

217 3733 408 3804 presencium
434 3733 643 3803 significamus
667 3734 781 3804 quibus
805 3733 928 3806 expedit
953 3735 1111 3802 universis,
1136 3734 1218 3808 quod
1244 3737 1420 3794 accedentes
1442 3737 1481 3794 ad

216 3846 351 3894 nostram
379 3840 570 3910 presenciam
605 3839 662 3895 viri
696 3838 828 3912 providi,
860 3840 1054 3908 LaurenciuS,
1089 3842 1254 3900 modernus
1281 3851 1310 3901 et
1335 3845 1480 3912 Francba,

216 3943 372 4016 quondam
398 3943 513 4000 iudices
537 3961 572 4001 ac
594 3946 676 4001 cives
701 3946 833 4017 civitatis
858 3947 970 4002 montis
998 3947 1182 4005 Greebensis
1198 3949 1236 4006 de
1252 3948 1413 4022 Zagrabia,
1430 3967 1481 4007 ex·

216 4048 382 4104 bibuerunt
406 4056 434 4104 et
456 4056 701 4122 apportaverunt
724 4050 813 4106 nobis
838 4052 955 4108 litteras
981 4059 1117 4125 patentes
1148 4056 1341 4112 serenissime
1366 4056 1480 4129 princi·

218 4156 298 4226 pisse
330 4153 454 4212 domine
485 4156 653 4224 Elizabeth,
685 4155 733 4212 dei
765 4159 867 4228 gracia
898 4159 1001 4214 inclite
1032 4161 1136 4231 regine
1168 4161 1310 4233 Vngarie,
1348 4161 1481 4219 Potonie.

216 4261 377 4316 Dalmacie
408 4267 471 4329 etc,
507 4263 621 4318 tenoris
655 4261 851 4335 infrascripti,
887 4271 1023 4336 petentes
1052 4281 1107 4321 nos
1138 4265 1243 4323 debita
1277 4282 1405 4340 precum
1437 4268 1481 4324 in-

216 4369 339 4433 stancia,
363 4373 396 4422 ut
420 4366 544 4423 easdem
568 4367 606 4423 de
632 4368 727 4424 verbo
750 4368 788 4424 ad
815 4371 947 4427 verbum
975 4373 1138 4428 transcribi
1169 4379 1198 4429 et
1233 4374 1344 4430 litteris
1367 4373 1479 4430 nostris

218 4473 393 4544 patentibus
423 4473 515 4529 inseri
539 4472 709 4529 faceremus
737 4474 775 4530 ad
807 4476 967 4532 cautelam.
991 4475 1130 4547 Quarum
1154 4486 1242 4536 tenor
1266 4480 1292 4535 is
1320 4487 1379 4536 est:
1408 4475 1481 4552 (vid.

215 4593 259 4633 nr.
285 4592 356 4648 325,
381 4592 461 4634 anno
490 4579 580 4653 1384,
609 4577 654 4636 16.
679 4574 885 4656 septembris).
917 4580 980 4638 Nos
1011 4582 1114 4654 itaque
1146 4584 1232 4640 iustis
1266 4592 1295 4641 et
1323 4585 1482 4657 condignis

216 4684 421 4754 peticionibus
445 4683 600 4741 dictorum
623 4684 758 4741 iudicum
783 4695 957 4757 annuentes,
974 4687 1166 4761 supradictas
1186 4690 1304 4747 litteras
1321 4692 1482 4764 reginales,

216 4789 309 4845 modo
333 4805 395 4861 quo
419 4805 521 4863 supra,
545 4789 583 4847 de
607 4789 704 4847 verbo
728 4790 767 4848 ad
791 4793 925 4850 verbum
957 4795 1120 4854 transcribi
1152 4802 1181 4854 et
1212 4799 1409 4870 presentibus
1433 4800 1481 4858 lit·

1343 4927 1378 4967 20
