3488 5242
257 346 318 404 260
625 342 698 399 Doc.
721 336 794 416 269.
817 351 886 418 270.
914 374 950 383 —
976 340 1142 418 An.1377.

255 541 336 597 circa
359 541 468 598 horam
493 554 703 612 vesperarum,
736 539 886 596 mittendo
917 540 1061 598 similiter
1092 539 1211 613 pedites
1240 545 1270 597 et
1302 547 1437 598 armatos
1461 542 1516 598 ho·

255 647 353 704 mines
377 647 516 719 ipsorum
540 661 635 719 super
657 643 829 718 predictam
854 644 974 702 Novam
998 646 1119 717 viliam,
1142 647 1298 704 territorio
1322 651 1423 703 vestre
1447 663 1517 720 pre·

255 751 335 809 dicte
358 750 540 809 Grechensis
564 750 705 820 civitatis,
727 750 866 806 volentes
889 751 989 822 ipsam
1005 753 1140 824 spoliare
1157 758 1185 808 et
1202 751 1403 824 depopulare,
1421 767 1517 808 onum

255 859 449 930 iobagionem
473 859 504 915 in
528 858 595 930 ipsa
618 856 695 913 villa
715 862 958 913 commorantem
973 857 1066 927 iwan,
1083 857 1185 915 filium
1209 857 1356 929 Bogdesa,
1373 858 1520 914 letalibus

255 964 437 1021 vulneribus
461 963 670 1031 vulnerarunt,
695 963 747 1034 qui
772 961 895 1018 tandem
913 963 1020 1034 quinto
1037 963 1086 1020 die
1102 964 1246 1036 spiritum
1264 963 1407 1032 exalavit,
1425 978 1519 1035 quem

255 1077 413 1128 mortuum
439 1070 575 1126 vidimus
591 1067 653 1125 fide
671 1068 800 1124 oculata.
817 1068 933 1125 Datum
950 1068 1109 1140 Zagrabie,
1126 1069 1202 1126 feria
1218 1069 1352 1126 secunda
1376 1070 1520 1142 proxima

256 1182 325 1250 post
349 1175 463 1232 festum
487 1175 710 1231 penthecostes.
735 1175 824 1230 Anno
847 1172 966 1231 domini
988 1176 1130 1247 superius
1153 1181 1305 1232 annotato,

345 1310 484 1375 Originale
504 1309 531 1359 in
550 1309 648 1366 charta,
668 1308 780 1370 vestigia
798 1307 915 1371 quinque
934 1307 1086 1372 sigillorum
1099 1315 1227 1373 apparent
1240 1324 1255 1358 a
1269 1314 1351 1373 tergo.
1366 1308 1396 1358 In
1410 1308 1519 1358 archivo

256 1399 301 1449 lib.
322 1415 377 1464 reg.
399 1398 470 1447 civit.
491 1396 595 1462 zagrab.
616 1397 710 1445 Exstat
723 1411 830 1459 quoque
844 1395 869 1444 in
882 1402 942 1445 actu
955 1396 1152 1445 transactiouali
1166 1396 1389 1461 supranominato.
1403 1396 1433 1445 In
1449 1397 1519 1444 arch.

255 1503 311 1537 ven.
332 1486 409 1550 capit.
430 1486 535 1551 zagrab.
555 1484 616 1533 fasc.
640 1494 677 1533 10.
698 1499 736 1533 nr.
759 1493 797 1543 14.
1384 1476 1388 1487 '

842 1718 931 1785 269.

360 1847 437 1894 Anno
459 1850 532 1900 1377,
552 1851 592 1898 30.
613 1840 683 1890 maii.
702 1840 855 1906 Zagrabiae.

260 1970 414 2048 lohannes
447 1950 546 2026 C'emcr
569 1970 711 2026 ecclesiam
734 1970 765 2025 in
788 1969 937 2025 honores.
970 1969 1091 2041 Georgii
1110 1971 1241 2043 superuis
1263 1971 1404 2027 ciuitatem
1434 1969 1506 2028 Gre-

667 2073 792 2131 chensem
816 2081 962 2132 exstruere
983 2075 1107 2148 spondet.

343 2222 429 2290 Item,
453 2220 607 2302 Johannes
640 2217 794 2290 Chemery
817 2218 927 2276 ductus
957 2219 1067 2291 spiritu
1099 2224 1212 2288 sancto,
1241 2218 1398 2291 quandam
1421 2220 1519 2276 eccle·

255 2329 334 2385 siam
358 2328 388 2383 in
413 2327 527 2381 honore
551 2325 647 2380 sancti
677 2323 804 2395 Georgii
833 2325 978 2393 martiris,
1011 2326 1153 2398 superius
1186 2331 1323 2382 nostram
1354 2326 1519 2392 civitatem,

255 2449 354 2508 prope
377 2432 522 2489 arborem
545 2431 679 2486 castanei
703 2429 855 2487 fabricare
883 2430 1021 2500 intendit,
1045 2438 1074 2487 et
1097 2431 1171 2503 quia
1194 2430 1233 2487 ad
1256 2446 1382 2503 presens
1407 2440 1452 2487 est
1475 2431 1519 2487 ni-

256 2540 318 2596 mia
341 2536 500 2594 debilitate
523 2541 697 2608 occupatus,
722 2537 821 2593 voluit
845 2542 874 2593 et
897 2552 929 2592 se
952 2536 1084 2594 firmiter
1104 2537 1256 2609 obligavit
1288 2552 1392 2594 coram
1419 2537 1517 2606 nobis,

256 2644 339 2718 quod
361 2644 387 2700 si
409 2643 508 2716 ipsam
533 2641 694 2698 ecclesiam
718 2643 803 2698 solus
826 2648 1002 2699 construere
1024 2657 1085 2699 non
1109 2649 1221 2715 posset,
1239 2649 1350 2699 extunc
1373 2642 1519 2701 debonis

255 2753 319 2808 suis
345 2749 568 2823 quinquaginta
591 2762 710 2804 marcas
732 2747 930 2805 denariorum
961 2749 1077 2805 dimisit
1107 2754 1137 2804 et
1168 2749 1283 2820 legavit
1314 2749 1519 2805 construendo

255 2864 286 2914 et
310 2854 498 2913 fabricando,

343 2991 366 3040 E
384 2988 493 3039 tabullis
512 2987 660 3037 iudiciariis
679 2987 794 3037 civitatis
813 2987 909 3038 montis
928 2987 1093 3045 Grechensis,
1113 2987 1219 3038 ibidem.

847 3235 936 3302 270.

361 3348 437 3394 Anno
459 3350 532 3401 1377,
555 3352 593 3402 14,
615 3340 737 3407 Augusti.

262 3475 421 3531 Conventus
443 3489 465 3527 s.
489 3470 620 3526 Adriani
647 3469 681 3525 de
705 3468 782 3526 Zala
798 3470 942 3527 emissarii
955 3470 998 3525 ud
1010 3470 1210 3543 t'nquircndam
1228 3487 1343 3527 causum
1358 3473 1434 3528 r'trter
1447 3473 1520 3528 cives

262 3578 436 3637 Grcchenscs
458 3584 487 3633 et
507 3576 663 3648 capitulum
688 3575 805 3647 zagrab.
824 3573 964 3648 partibus
986 3578 1135 3633 terminum
1150 3577 1332 3649 cooperandi
1342 3578 1517 3651 praefigunt.

343 3721 610 3778 Excellentissimo
637 3719 770 3792 principi
805 3719 932 3777 domino
962 3737 1078 3791 eorum,
1108 3722 1235 3778 domino
1274 3721 1438 3790 Lodouic0‚
1470 3721 1518 3777 dei

255 3829 358 3901 gracia
381 3827 487 3885 inclito
510 3826 576 3898 regi
598 3826 764 3897 ilungarie,
788 3826 921 3894 Polonie‚
945 3827 1106 3884 Dalmacie
1129 3835 1183 3884 etc.
1216 3833 1383 3884 conventus
1415 3841 1519 3883 mona-

256 3936 339 3993 sterii
362 3934 459 3990 sancti
483 3931 610 3989 Adriani
634 3932 769 3988 martiris
793 3931 830 3988 de
854 3931 935 4002 lala,
952 3933 1131 3989 oracionum
1155 3933 1303 4004 suffragia
1327 3932 1517 3989 devotarum.

256 4039 379 4095 Litteris
411 4044 512 4094 vestre
543 4037 714 4094 serenitatis
744 4037 929 4094 annualibus
953 4052 1012 4110 pro
1034 4038 1210 4094 honorabili
1231 4038 1367 4111 capitulo
1391 4037 1518 4094 ecclesie

256 4144 463 4215 zagrabiensis
493 4141 530 4199 ad
564 4143 733 4210 citaciones‚
762 4142 977 4214 inquisiciones
1008 4150 1037 4198 et
1064 4143 1293 4215 prohibiciones
1328 4158 1444 4199 necnon
1479 4143 1517 4200 ad

256 4251 359 4306 omnia
382 4249 451 4315 alia,
476 4264 536 4320 que
558 4249 643 4304 iuxta
659 4248 745 4319 regni
761 4249 856 4304 vestri
875 4248 1127 4305 consvetudinem
1145 4248 1260 4304 talibus
1276 4249 1306 4304 in
1322 4249 1518 4320 processibus

255 4355 394 4413 iuridicis
424 4370 585 4412 causarum
618 4354 684 4412 fieri
712 4363 937 4412 consveverunt
966 4354 1147 4428 peragenda,
1179 4354 1279 4410 eidem
1303 4370 1359 4427 per
1383 4363 1518 4411 vestram

257 4464 449 4519 maiestatem
479 4476 625 4533 generose
657 4460 737 4517 datis
767 4465 798 4517 et
825 4461 976 4518 concessis
1007 4461 1097 4517 nobis
1127 4459 1251 4516 directis
1278 4474 1424 4531 sumpma
1447 4474 1517 4516 cum

256 4567 435 4624 obediencia
458 4567 590 4639 receptis
614 4574 644 4623 et
666 4567 751 4623 iuxta
774 4566 955 4623 earumdem
978 4566 1199 4623 continenciam
1223 4579 1354 4621 unacum
1370 4565 1518 4646 Johanne,

256 4671 323 4731 filio
346 4672 482 4730 ladislai
505 4671 543 4729 de
566 4672 680 4742 Palata,
704 4672 829 4730 homine
853 4678 956 4728 vestro
980 4672 1012 4728 in
1034 4669 1150 4728 eisdem
1177 4669 1288 4727 litteris
1304 4674 1406 4725 vestre
1422 4669 1519 4726 subli-

256 4779 372 4838 mitatis
393 4779 474 4837 inter
495 4779 573 4837 alios
601 4778 784 4836 nominatim
813 4778 996 4852 conscripto,
1027 4784 1168 4835 nostrum
1191 4776 1351 4833 hominem
1373 4775 1518 4833 videlicet
