3480 5264
286 317 350 379 4⁵4
720 298 870 358 amma.
896 333 933 344 -
952 301 1008 358 An·
1031 311 1119 378 1373·

285 500 404 556 cionem
428 517 460 557 se
484 499 577 557 iidem
600 500 683 557 cives
706 499 802 556 nostri
825 498 1034 557 mediantibus
1060 500 1130 557 aliis
1158 501 1257 557 literis
1284 501 1397 558 nostris
1424 501 1559 574 privile·

284 606 419 677 gialibus
443 613 535 679 prout
558 607 611 663 alii
634 606 814 678 iobagiones
837 607 933 663 nostri
957 604 1173 663 administrare
1205 611 1431 664 consveverunt
1463 622 1559 664 exac-

285 711 350 765 cius
374 711 561 781 obligantur,
585 727 664 767 nunc
688 711 718 767 in
743 709 853 767 eadem
875 711 1149 781 commorantibus,
1173 726 1267 783 quam
1291 712 1389 768 eciam
1404 712 1558 769 omnibus

285 824 315 870 et
338 814 467 885 singulis
492 816 521 871 in
545 815 662 885 eadem,
686 831 778 872 causa
806 815 1021 873 commorandi
1050 815 1294 885 advenientibus,
1314 816 1358 872 eis
1381 820 1412 872 et
1442 831 1557 873 eorum

286 920 453 976 heredibus
478 928 629 994 perpetuo
652 931 681 977 et
706 923 960 991 irrevocabiliter,
986 925 1105 995 penitus
1129 928 1158 978 et
1182 923 1309 979 omnino
1335 922 1483 979 duximus
1508 939 1558 980 re·

287 1025 426 1082 laxanda.
451 1027 672 1083 ordinavimus
696 1029 830 1100 insuper,
855 1036 888 1083 ut
911 1029 1099 1100 quicumque
1123 1029 1285 1085 hominum
1296 1026 1410 1085 amodo
1426 1027 1466 1085 ad
1484 1044 1558 1102 pre·

286 1133 399 1190 dictam
425 1132 534 1188 villam
560 1141 695 1189 nostram
719 1132 756 1189 ad
785 1133 851 1189 loca
875 1132 1013 1190 desolata
1036 1135 1154 1191 venerit
1183 1133 1222 1190 ad
1243 1133 1514 1204 commorandum,
1538 1151 1558 1192 a

287 1239 336 1295 die
359 1239 406 1294 sui
431 1237 581 1294 adventus
606 1254 662 1310 per
686 1246 747 1295 tres
770 1251 865 1295 annos
889 1241 1023 1310 integros
1040 1241 1081 1296 ab
1096 1242 1241 1298 omnibus
1259 1240 1397 1297 collectis
1413 1246 1443 1296 et
1457 1241 1559 1297 servi·

288 1345 344 1400 ciis
368 1344 457 1400 nobis
480 1343 593 1400 debitis
616 1345 675 1400 sint
698 1345 824 1401 omnino
848 1345 948 1414 liberi,
973 1347 1067 1417 quieti
1092 1354 1121 1403 et
1145 1347 1251 1403 securi.
1276 1347 1308 1402 ln
1332 1347 1420 1402 cuius
1441 1347 1487 1403 rei
1513 1354 1557 1404 te-

286 1451 468 1506 stimonium
490 1454 520 1505 et
543 1448 720 1506 firmitatem
744 1457 925 1523 perpetuam
950 1459 1106 1524 presentes
1131 1453 1247 1510 litteras
1271 1450 1432 1524 pendentis
1457 1452 1558 1524 sigilli

289 1556 384 1612 nostri
409 1555 579 1611 munimine
602 1556 763 1611 roboratas
784 1555 930 1613 duximus
953 1556 1171 1615 concedendas.
1202 1558 1318 1615 Datum
1350 1557 1428 1615 feria
1459 1559 1558 1616 tercia

288 1661 430 1733 proxima
456 1666 524 1732 post
549 1659 659 1716 testum
689 1662 828 1733 corporis
852 1662 974 1718 Christi.
1000 1664 1089 1719 Anno
1113 1662 1230 1720 domini
1254 1662 1425 1721 millesimo
1438 1671 1558 1722 tercen-

287 1769 396 1825 tesimo
422 1768 613 1837 sexagesimo
637 1768 747 1840 primo.

375 1903 414 1951 Ex
433 1901 583 1951 authentica
602 1901 679 1965 copia
698 1917 756 1950 saec
774 1901 861 1952 XVII.
881 1903 912 1952 ln
931 1902 1030 1952 archiv.
1051 1919 1108 1954 ven.
1129 1918 1184 1969 cap.
1204 1903 1310 1968 zagrab.

357 2327 433 2375 Anno
456 2333 528 2384 1373,
549 2337 589 2389 29.
608 2326 734 2376 octobris.
754 2325 906 2390 Zagrabiae.

320 2452 482 2524 Capitulum
505 2454 566 2508 cccl.
590 2452 707 2524 zograb.
732 2453 853 2522 litteras,
876 2472 951 2527 quae
974 2453 1016 2510 ad
1036 2455 1166 2511 balneum
1196 2455 1425 2513 Cistercicnsium
1449 2475 1559 2530 adgra-

655 2559 793 2616 biensc'um
812 2561 965 2631 periment,
989 2562 1191 2618 transsumneit.

375 2703 556 2777 Capitulum
580 2705 788 2776 zagrabiensis
819 2705 953 2761 ecclesie.
984 2705 1136 2762 Omnibus
1167 2704 1281 2762 Christi
1313 2704 1463 2764 fidelibus
1487 2724 1559 2781 pre-

290 2811 428 2868 sentibus
451 2818 481 2867 et
505 2810 615 2867 futuris
640 2813 832 2883 presencium
856 2813 1003 2868 noticiam
1026 2813 1179 2868 habituris
1202 2813 1333 2868 salutem
1358 2813 1389 2868 in
1413 2816 1557 2873 omnium

290 2919 452 2975 salvatore.
477 2917 525 2973 Ad
550 2918 764 2973 universorum
797 2919 940 2973 noticiam
970 2915 1081 2974 harum
1113 2919 1191 2974 serie
1212 2918 1359 2974 volumus
1383 2921 1558 2991 pervenire,

288 3024 371 3095 quod
396 3026 444 3081 vir
467 3024 630 3094 religiosus
656 3023 799 3079 dominus
816 3022 911 3079 frater
928 3024 1112 3080 Pertholdus
1135 3025 1232 3080 abbas
1249 3025 1428 3082 monasterii
1451 3033 1558 3083 sancte

292 3130 387 3186 Marie
411 3131 449 3186 de
473 3130 622 3200 Zagrabia
647 3145 702 3186 suo
725 3137 756 3185 et
776 3130 872 3185 tocius
888 3131 935 3185 sui
952 3137 1120 3186 conventus
1137 3131 1260 3186 nomine
1276 3130 1314 3185 ad
1331 3136 1469 3187 nostram
1488 3148 1559 3204 per·

290 3235 437 3291 sonaliter
459 3234 606 3291 accedens
629 3235 820 3307 presenciam
845 3236 986 3292 exhibuit
1008 3235 1098 3291 nobis
1123 3236 1273 3308 quasdam
1299 3237 1416 3293 litteras
1435 3245 1559 3293 nostras

290 3341 509 3413 privilegiales,
534 3348 638 3396 nostro
659 3342 755 3412 priori
780 3341 885 3411 sigillo
901 3342 1102 3412 consignatas
1129 3343 1242 3419 tenoris
1266 3343 1429 3414 sequentis,
1448 3350 1560 3416 petens

288 3462 343 3502 nos
366 3463 436 3502 cum
461 3448 616 3514 instancia,
641 3455 673 3501 ut
705 3454 841 3502 tenorem
875 3447 1054 3503 earumdem
1087 3447 1125 3502 de
1157 3450 1253 3504 verbo
1287 3448 1325 3503 ad
1350 3448 1448 3503 verbu
1475 3456 1560 3505 tran·

289 3552 385 3608 scribi
408 3561 437 3607 et
460 3552 556 3608 nostri
580 3551 676 3621 sigilli
700 3552 773 3607 novi
796 3554 983 3624 appensione
1008 3551 1179 3609 laceremus
1201 3553 1381 3623 consignari.
1413 3552 1558 3624 Quarum

291 3666 378 3714 tenor
402 3658 473 3713 talis
496 3663 556 3713 est:
581 3654 653 3732 (vid.
678 3657 743 3713 doe.
771 3673 828 3730 245
855 3675 922 3714 ann.
952 3659 1040 3730 1364,
1068 3658 1092 3712 8.
1111 3652 1240 3732 aprilis).
1270 3658 1332 3714 Nos
1361 3659 1455 3728 igitur
1480 3661 1560 3731 peti·

291 3763 431 3819 cionibus
456 3763 552 3835 ipsius
575 3763 692 3819 domini
715 3761 873 3820 Pertboldi
898 3765 1020 3820 abbatis
1041 3774 1215 3834 annuentes,
1240 3765 1336 3820 dictas
1361 3764 1480 3820 litteras
1504 3781 1561 3823 no·

289 3875 367 3924 stras
392 3868 604 3941 privilegiales
628 3869 666 3924 de
689 3869 787 3924 verbo
818 3869 855 3924 ad
880 3871 1011 3925 verbum
1046 3872 1207 3927 transcribi
1232 3880 1260 3927 et
1284 3878 1389 3926 nostro
1411 3885 1494 3926 novo
1519 3872 1560 3928 si-

289 3974 368 4045 gillo
392 3973 520 4031 lecimus
550 3975 731 4045 consignari.
763 3974 879 4031 Datum
911 3975 1044 4031 secundo
1076 3976 1125 4032 die
1158 3976 1225 4034 festi
1258 3977 1471 4050 apostolorum
1503 3976 1561 4048 Sy·

289 4081 388 4136 monis
412 4087 441 4135 et
464 4078 543 4159 Jude
568 4079 737 4136 beatorum.
763 4080 853 4136 Anno
876 4081 993 4136 domini
1018 4081 1186 4137 millesimo
1204 4083 1417 4139 trecentesimo
1434 4089 1562 4155 septua-

288 4185 406 4256 gesimo
431 4186 532 4241 tercio.

380 4336 519 4402 Originalc
539 4337 565 4386 in
586 4338 744 4397 membrana,
763 4339 883 4405 sigillum
904 4341 982 4388 deest.
1003 4340 1032 4389 ln
1053 4339 1123 4388 arch.
1145 4357 1201 4389 ven.
1221 4342 1317 4404 colleg.
1338 4340 1515 4391 Praebendar.
