3488 5242
654 353 727 409 Doc.
745 365 814 429 334
849 385 885 395 -
911 348 1084 429 Aa1389.
1431 371 1489 429 311

236 553 320 609 mino
344 551 487 609 ladislao
510 551 548 608 de
571 551 705 608 Losoncz
728 551 815 623 regni
838 550 1000 609 Sclauonie
1028 552 1118 621 band,
1143 551 1276 608 salutem
1299 557 1329 608 et
1351 553 1496 623 graciam.

235 658 355 714 Fideles
382 659 464 714 cives
494 658 592 714 nostri
622 657 736 715 montis
766 656 927 714 Grecensis
958 665 1061 714 nostre
1092 657 1303 729 significarunt
1335 659 1496 732 maiestati,

233 763 390 835 quomodo
422 763 609 821 venerabilis
640 763 671 820 in
702 762 825 820 Christo
856 769 945 836 pater
977 762 1120 819 dominus
1149 762 1303 845 Johannes
1333 763 1497 839 episcopus

233 869 447 940 zagrabiensis‚
472 868 658 942 quibusdam
681 869 871 925 novitatibus
887 868 1069 938 adinventis,
1093 867 1169 941 ipsis
1186 869 1425 925 ecclesiasticum
1440 869 1498 927 im-

234 975 386 1047 posuisset
410 974 614 1044 interdictum‚
639 980 767 1048 propter
790 973 873 1046 quod
899 974 1036 1048 plurima
1059 973 1167 1031 funera
1190 975 1222 1031 in
1245 973 1392 1031 domibus
1415 976 1498 1048 ipso·

234 1096 304 1137 rum
340 1080 472 1136 iacerent
494 1079 631 1137 nondum
658 1081 817 1137 tumulata.
843 1080 967 1149 Verum,
999 1095 1071 1137 cum
1099 1079 1138 1137 de
1167 1080 1288 1138 iuribus
1311 1085 1341 1138 et
1364 1096 1498 1154 proven-

234 1185 318 1242 tibus
341 1185 423 1242 dicto
447 1186 593 1259 episcopo
617 1203 654 1242 ex
678 1191 766 1259 parte
795 1186 935 1259 ipsorum
966 1185 1082 1243 civium
1113 1185 1277 1260 provenire
1309 1186 1409 1243 solitis
1432 1188 1498 1260 ple·

196 1306 199 1310 ·
236 1291 305 1348 nius
328 1291 473 1348 volumus
496 1290 667 1362 informari,
684 1290 868 1348 mandamus
884 1290 1026 1348 fidelitati
1043 1296 1145 1348 vestre
1161 1292 1355 1364 presentibus
1376 1294 1498 1364 seriose,

235 1404 384 1469 quatenus
408 1397 446 1454 de
470 1396 629 1470 premissis
652 1412 772 1454 meram
795 1397 999 1469 experiamini
1022 1397 1194 1466 veritatem,
1215 1403 1414 1470 nostramque
1438 1399 1499 1455 cel·

234 1502 400 1559 situdinem
425 1519 480 1576 per
502 1501 620 1561 vestias
644 1504 761 1560 litteras
787 1502 868 1559 facto
901 1502 939 1559 de
965 1502 1075 1560 eodem
1098 1502 1232 1560 fideliter
1256 1501 1446 1572 informetis;
1470 1509 1499 1561 et

235 1607 320 1663 aliud
345 1623 404 1665 non
428 1608 545 1666 facturi.
569 1609 684 1666 Datum
708 1608 864 1679 Varadini,
888 1608 1042 1665 dominica
1058 1608 1202 1682 proxima
1221 1615 1290 1665 ante
1314 1607 1427 1666 festum
1443 1625 1500 1682 pu-

236 1713 421 1770 rificacionis
442 1715 570 1786 virginis
593 1714 737 1786 gloriose.
763 1716 851 1772 Anno
875 1713 993 1771 domini
1017 1713 1242 1771 MCCCLXXX
1265 1730 1352 1772 nono.

326 1846 464 1911 Originale
483 1847 510 1897 in
529 1847 626 1906 charta,
645 1847 673 1897 in
691 1863 743 1911 qua
762 1863 916 1914 appressum
934 1853 973 1898 est
991 1847 1114 1914 sigillum
1132 1847 1217 1897 minus
1242 1848 1320 1914 regis.
1347 1848 1377 1897 In
1399 1848 1497 1899 archiv.

236 1933 281 1984 lib.
302 1950 356 2001 reg.
377 1935 426 1986 civ.
446 1936 550 2001 zagrab.

825 2149 916 2215 334.

342 2291 417 2340 Anno
440 2291 514 2353 1389,
534 2300 575 2348 31.
593 2289 716 2355 januarii.
738 2290 874 2341 Varadini.

239 2414 438 2488 Sagismundus
465 2418 646 2490 Hungariae
674 2426 721 2475 etc.
752 2438 806 2476 rex
834 2418 976 2476 ladislao
1002 2418 1037 2476 de
1066 2419 1205 2489 losbach,
1237 2421 1324 2494 regni
1344 2419 1504 2479 Slavoniac

237 2520 311 2576 bano
329 2523 479 2595 praecipat,
501 2530 663 2580 ulceratum
693 2542 808 2581 ntarcac
830 2543 849 2579 a
873 2525 997 2598 capitulo
1018 2524 1135 2599 zagrab.
1159 2525 1267 2582 civibus
1295 2524 1504 2583 Grechensibus

548 2635 608 2702 pro
623 2630 755 2702 expensis
777 2630 842 2703 regi
855 2631 950 2705 factis
977 2631 1171 2687 exsolvantur.

1179 2764 1317 2808 Delibaracio
1331 2765 1448 2809 baronum.

327 2879 543 2952 Sigismundus
571 2880 621 2939 dei
651 2882 756 2953 gracia
777 2899 832 2939 rex
855 2881 1022 2953 Hungarie‚
1046 2880 1216 2952 Dalmacie,
1241 2879 1367 2937 Croacie
1391 2846 1445 2938 etc.
1469 2897 1505 2939 ac

239 2987 378 3042 marchio
402 2985 718 3059 Brandemburgensis
742 2994 796 3044 etc.
820 2987 918 3044 Fideli
942 3003 998 3044 suo
1022 2986 1187 3058 magnifico
1210 2987 1279 3043 viro
1303 2986 1428 3044 domino
1449 2987 1505 3044 La·

239 3091 339 3148 dislao
369 3091 407 3148 de
441 3094 595 3150 Lossonch
626 3094 712 3164 regni
743 3092 905 3151 Sclauonie
929 3093 1018 3163 bane,
1042 3093 1175 3150 salutem
1199 3097 1229 3149 et
1252 3093 1397 3164 graciam.
1422 3094 1506 3151 Licet

239 3199 315 3255 alias
347 3199 529 3271 magnificus
560 3200 608 3256 vir
639 3199 783 3257 dominus
811 3201 896 3258 Alius
920 3199 1044 3273 pridem
1067 3199 1211 3257 similiter
1232 3199 1319 3272 regni
1343 3198 1505 3257 Sclauonie

240 3304 346 3375 banus,
378 3306 562 3362 honorabile
593 3305 764 3378 capitulum
794 3307 922 3363 ecclesie
952 3305 1159 3377 zagrabiensis
1186 3309 1216 3361 et
1239 3305 1305 3362 eius
1327 3305 1506 3377 iobagiones

239 3410 361 3467 racione
383 3427 589 3484 expensarum
613 3426 692 3468 anno
717 3412 886 3485 plusquam
909 3412 1057 3486 preterito
1079 3426 1137 3483 per
1159 3425 1215 3468 nos
1233 3415 1263 3468 et
1278 3410 1506 3468 serenissimam

239 3516 397 3574 dominam
430 3518 559 3575 Mariam
590 3518 731 3590 reginam
760 3517 925 3590 Hungarie,
957 3521 1130 3574 consortem
1154 3522 1292 3573 nostram
1314 3517 1506 3573 carissimam

240 3621 269 3676 in
301 3621 451 3695 Zagrabia
482 3622 634 3681 factarum
662 3625 838 3681 incentum
861 3623 974 3680 marcis
997 3622 1119 3679 duxerit
1142 3620 1319 3692 taxandum,
1344 3623 1508 3680 commise-

240 3729 348 3800 ritque,
380 3734 412 3786 ut
444 3729 524 3786 dicte
556 3736 678 3787 centum
711 3745 813 3787 marce
845 3744 900 3803 per
927 3727 1043 3785 dictum
1068 3727 1241 3800 capitulum
1264 3726 1405 3800 providis
1430 3727 1507 3785 viris

240 3835 360 3891 civibus
393 3842 430 3895 et,
454 3836 629 3909 hospitibus
660 3836 772 3892 nostris
803 3834 841 3892 de
872 3834 953 3891 dicta
984 3832 1144 3905 Zagrabia,
1173 3833 1226 3905 qui
1250 3833 1333 3906 ipsas
1357 3848 1508 3905 expensas

241 3955 298 4013 pro
322 3950 424 3997 nostra
448 3949 477 3997 et
501 3941 581 3998 dicte
605 3941 729 3998 domine
754 3941 850 3998 Marte
875 3940 1086 3997 maiestatibus
1109 3938 1245 4012 propriis
1264 3953 1373 3995 eorum
1401 3954 1508 4013 sump-

241 4047 323 4102 tibus
356 4046 461 4104 lecisse
492 4046 701 4118 dinoscuntur,
733 4047 800 4104 dari
832 4046 989 4103 debuisset
1019 4053 1049 4102 et
1079 4045 1226 4118 persolvi,
1258 4044 1411 4116 vobisque
1435 4044 1509 4102 aliis

242 4155 352 4210 litteris
376 4154 487 4210 nostris
511 4155 702 4211 commisisse
725 4154 900 4223 recolimus,
925 4157 958 4208 ut
981 4150 1107 4208 eosdem
1130 4150 1314 4208 honorabile
1336 4150 1509 4223 capitulum

242 4260 279 4315 ad
312 4260 541 4316 restitucionem
573 4259 725 4316 dictarum
758 4265 881 4316 centum
916 4272 1093 4314 marcarum
1123 4255 1213 4313 dictis
1245 4255 1357 4312 nostris
1388 4255 1510 4312 civibus

244 4365 415 4422 faciendam
447 4365 637 4438 compellere
668 4365 829 4422 deberetis.
862 4363 977 4420 Tamen
1009 4379 1089 4419 nunc
1113 4362 1225 4419 iterum
1249 4367 1353 4419 nostre
1378 4359 1510 4418 refertur

242 4472 402 4541 maiestati,
427 4471 584 4543 quomodo
608 4487 664 4528 vos
688 4471 834 4527 hactenus
857 4470 928 4527 aliis
951 4468 1085 4540 negociis
1106 4467 1286 4540 prepeditus
1303 4466 1342 4523 ad
1360 4467 1510 4540 premissa

243 4577 399 4634 intendere
432 4593 492 4634 non
526 4577 709 4646 valuissetis,
741 4577 766 4633 si
797 4575 880 4649 quod
908 4575 1062 4632 dictarum
1086 4574 1288 4648 pecuniarum
1311 4573 1430 4630 solucio
1454 4587 1511 4646 per

243 4684 342 4741 dictos
373 4684 515 4741 dominos
546 4683 718 4756 capitulum
749 4692 779 4740 et
802 4698 873 4740 suos
897 4682 1075 4754 iobagiones
1095 4678 1198 4736 adhuc
1221 4685 1304 4737 extet
1327 4683 1510 4752 prorogata;

243 4806 376 4863 cumque
399 4805 459 4847 non
488 4790 623 4847 velimus
652 4788 750 4847 dictos
780 4788 863 4846 cives
886 4793 1007 4845 nostros
1030 4787 1062 4844 in
1085 4785 1266 4843 memoratis
1288 4784 1431 4859 expensis
1453 4798 1512 4858 pro
