3488 5242
240 345 301 404 216
664 344 736 402 Doc.
760 358 829 422 241.
856 379 893 387 -
919 345 1087 422 An.1359.

238 535 312 618 (vid.
336 558 380 599 nr.
407 558 477 614 200,
501 558 548 600 an.
576 555 667 618 1345,
694 557 741 611 27.
764 535 868 624 Junii).
893 543 956 600 Nos
979 544 1082 616 itaque
1106 543 1297 602 attendentes
1321 545 1393 602 satis
1416 550 1504 617 grata

238 655 268 704 et
290 653 416 722 accepta
441 649 570 706 servicia
593 647 775 706 eorumdem
797 648 938 707 fidelium
963 650 1077 707 civium
1095 655 1125 706 et
1145 650 1303 722 hospitum
1327 656 1503 707 nostrorum

238 751 448 824 Grecensium,
481 754 595 825 quibus
625 753 720 811 iidem
753 753 904 812 indefesse
935 754 1152 811 sollicitudinis
1184 754 1286 812 studio
1318 770 1442 828 semper
1473 756 1503 811 in

239 859 413 917 constancia
437 859 524 916 fideli
548 905 554 917 .
578 906 584 918 .
608 906 614 918 .
639 906 644 917 .
669 861 755 917 iuxta
777 860 993 932 possibilitatis
1016 867 1045 917 et
1068 867 1165 917 status
1185 876 1294 917 eorum
1311 861 1504 932 exigenciam

240 970 343 1021 nostre
366 964 548 1023 studuerunt
572 967 753 1040 conplacere
776 967 937 1036 maiestati,
963 966 1120 1039 premissis
1144 981 1252 1024 eorum
1275 967 1363 1023 iustis
1386 975 1415 1023 et
1443 968 1504 1024 iuri

237 1071 378 1127 consonis
401 1072 685 1144 supplicacionibus
708 1071 875 1129 favorabili
902 1073 1015 1145 pietate
1035 1071 1186 1128 exauditis
1209 1079 1238 1128 et
1260 1071 1413 1142 admissis,
1433 1089 1503 1147 pre-

239 1182 334 1233 tactas
357 1177 476 1234 litteras
500 1178 596 1250 ipsius
620 1176 773 1234 karissimi
805 1179 902 1251 patris
933 1179 1029 1235 nostri
1061 1179 1146 1234 omni
1178 1194 1306 1250 prorsus
1329 1179 1503 1251 suspicione

238 1289 376 1340 carentes
399 1283 594 1356 presentibus
618 1281 656 1339 de
679 1284 777 1340 verbo
800 1283 840 1340 ad
864 1285 998 1341 verbum
1014 1284 1142 1340 insertas
1162 1284 1328 1341 simulcum
1345 1284 1504 1357 premissis

238 1386 420 1444 eorumdem
449 1389 564 1445 civium
597 1395 774 1446 nostrorum
807 1388 987 1446 libertatum
1018 1389 1157 1446 articulis
1184 1390 1214 1446 in
1245 1389 1361 1445 eisdem
1394 1389 1504 1446 litteris

238 1491 374 1564 paternis
398 1494 560 1566 expressis,
592 1502 626 1551 ut
656 1493 750 1550 iidem
781 1494 888 1551 sicut.
913 1540 919 1552 .
944 1540 949 1551 .
974 1540 979 1551 .
1004 1500 1034 1551 et
1065 1493 1214 1551 fidelitate
1246 1500 1424 1566 augeantur,
1459 1495 1504 1552 di-

237 1604 384 1671 scantque
407 1600 466 1655 sub
490 1598 631 1672 principe
653 1600 791 1670 glorioso
815 1598 961 1656 devocius
985 1599 1140 1670 famulari,
1164 1606 1368 1672 acceptamus,
1391 1615 1504 1674 appro-

241 1705 360 1775 bamus,
392 1704 582 1763 ratificamus
603 1712 633 1763 et
656 1706 694 1763 de
716 1707 908 1779 beneplacita
936 1707 1094 1764 voluntate
1111 1707 1305 1764 serenissime
1321 1707 1504 1779 principisse

239 1810 363 1867 domine
386 1811 532 1881 Elizabet,
556 1811 665 1869 eadem
688 1813 791 1885 gracia
815 1813 919 1885 regine
943 1812 1109 1885 ilungarie
1136 1812 1293 1883 genitricis
1325 1818 1428 1869 nostre
1451 1812 1504 1870 lra-

238 1917 368 1987 rissime,
392 1933 450 1991 pro
472 1918 627 1976 iamdictis
650 1918 797 1976 fidelibus
820 1920 941 1977 civibus
959 1924 989 1977 et
1008 1919 1183 1991 hospitibus
1205 1918 1317 1976 nostris
1333 1933 1503 1990 eorumque

238 2023 369 2096 posteris
400 2024 552 2081 universis
582 2025 667 2096 regia
698 2025 877 2082 auctoritate
913 2033 1062 2098 perpetue
1097 2024 1318 2080 confirmamus
1354 2024 1503 2095 presentis

237 2128 395 2201 privilegii
425 2133 522 2187 nostri
557 2131 728 2203 patrocinio
752 2130 915 2200 mediante,
946 2131 1042 2187 salvis
1073 2130 1192 2187 iuribus
1223 2128 1339 2186 alienis.
1363 2129 1396 2185 ln
1418 2128 1504 2185 cuius

237 2233 282 2291 rei
304 2235 488 2291 memoriam
512 2235 755 2309 firmitatemque
779 2243 962 2310 perpetuam
980 2242 1135 2310 presentes
1154 2235 1361 2293 concessimus
1385 2235 1504 2292 litteras

237 2345 357 2397 nostras
381 2340 593 2413 privilegiales
616 2340 777 2414 pendentis
800 2348 830 2398 et
853 2342 997 2399 autentici
1021 2342 1117 2413 sigilli
1134 2341 1231 2399 nostri
1254 2341 1412 2414 dupplicis
1437 2357 1503 2398 mu-

237 2445 353 2503 nimine
376 2446 545 2503 roboratas,
568 2446 686 2503 Datum
708 2462 765 2520 per
789 2462 899 2504 manus
922 2447 1109 2504 venerabilis
1132 2447 1163 2505 in
1188 2446 1312 2504 Christo
1335 2446 1432 2518 patris
1449 2446 1503 2503 do-

237 2551 314 2609 miui
337 2551 458 2609 Nicolai
480 2552 707 2625 archiepiscopi
731 2553 951 2624 strigoniensis,
975 2553 1098 2625 locique
1121 2552 1259 2609 eiusdem
1284 2552 1405 2608 comitis
1433 2568 1501 2624 per·

237 2656 330 2730 petui,
362 2657 432 2714 aule
461 2663 565 2715 nostre
595 2658 780 2726 cancellarii,
810 2658 915 2716 dilecti
945 2665 975 2716 et
1006 2658 1108 2716 fidelis
1138 2658 1242 2715 nostri.
1272 2657 1363 2714 Anno
1386 2657 1503 2714 domini

237 2762 407 2819 millesimo
430 2763 508 2820 CCC
531 2763 788 2836 quinquagesimo
811 2780 907 2834 nono;
932 2765 1039 2838 quinto
1056 2763 1204 2821 kalendas
1229 2762 1342 2821 mensis
1359 2764 1503 2821 octobris.

237 2867 334 2940 Regni
364 2874 469 2926 autem
499 2872 606 2927 nostro
637 2885 717 2927 anno
748 2870 869 2927 decimo
900 2877 1018 2927 octavo.
1050 2870 1289 2928 Venerabilibus
1320 2871 1349 2927 in
1379 2870 1503 2927 Christo

237 2972 379 3046 patribus
410 2980 440 3030 et
471 2973 618 3033 dominis:
654 2975 762 3032 eodem
798 2975 926 3034 Nicolao
949 2977 1153 3048 strigoniensi,
1188 2975 1309 3033 Thoma
1343 2976 1503 3045 colocensi,

238 3078 388 3152 Wgulino
412 3079 588 3152 spalatensi,
613 3080 741 3138 Nicolao
764 3079 897 3156 jadrensi
922 3089 951 3138 et
975 3083 1051 3153 Elya
1074 3082 1227 3153 ragusino,
1244 3081 1502 3154 archiepiscopis;

239 3184 368 3242 Nicolao
391 3186 532 3257 agriensi,
557 3186 717 3244 Demetrio
738 3187 930 3266 waradiensi,
956 3188 1117 3245 Dominico
1134 3188 1334 3256 transilvano,
1351 3186 1503 3259 Gregorio

240 3290 337 3347 electo
368 3292 551 3349 confirmato
582 3293 787 3364 chanadiensi‚
819 3294 948 3351 Nicolao
982 3294 1302 3366 quinqueecclesiensi,
1330 3293 1502 3349 Colomano

237 3393 392 3470 jauriensi,
416 3397 559 3454 ladislao
583 3399 817 3471 wesprimiensi,
850 3400 1008 3471 Mychaele
1040 3401 1201 3471 wacyensi,
1235 3399 1325 3455 Petro
1350 3400 1502 3468 boznensi,

238 3498 394 3574 Stephano
417 3503 616 3573 zagrabiensi,
641 3503 790 3560 iratribus
821 3503 976 3578 Stephano
1008 3506 1153 3575 nitriensi,
1185 3505 1305 3562 Thoma
1329 3506 1501 3573 sirimiensi,

238 3606 378 3688 Johaune
401 3608 551 3678 tinniensi,
576 3607 771 3665 Bartolomeo
795 3610 987 3681 traguriensi.
1007 3611 1167 3667 Demetrio
1190 3611 1324 3680 nonensi,
1345 3609 1502 3682 Stephano

239 3712 359 3782 sarensi,
392 3713 556 3769 Valentino
587 3714 765 3783 macarensi,
797 3715 920 3771 Matheo
951 3716 1135 3784 sibinicensi,
1166 3714 1315 3773 fratribus
1352 3716 1502 3772 Michaele

238 3817 444 3888 scardonensi,
465 3819 589 3876 Portiua
605 3820 756 3876 senniensi
772 3825 802 3877 et
818 3819 974 3878 Radozlao
992 3822 1194 3890 corbaviensi,
1219 3822 1380 3894 episcopis,
1404 3822 1502 3878 eccle-

237 3923 298 3980 sias
321 3922 370 3980 dei
390 3921 521 3981 feliciter
543 3925 795 3996 gubernantibus.
813 3926 983 3997 Magnificis
1007 3928 1097 3985 viris:
1122 3926 1249 3983 Nicolao
1275 3927 1391 3997 Konch,
1416 3928 1502 3999 pala·

238 4028 310 4098 tino,
327 4029 451 4086 Andrea
474 4029 637 4101 woywoda
658 4030 856 4101 transilvano,
873 4033 984 4090 comite
1008 4033 1137 4090 Nicolao
1160 4033 1261 4090 iudice
1285 4034 1369 4090 curie
1389 4041 1500 4103 nostre,

238 4133 367 4191 Nicolao
390 4133 429 4191 de
451 4134 548 4192 Zeech
572 4136 669 4193 tocius
692 4136 853 4194 Dalmacie
876 4143 906 4194 et
929 4137 1063 4207 Croacie,
1096 4139 1277 4196 [eustachio
1306 4140 1393 4211 regni
1417 4138 1501 4196 Scla-

237 4239 336 4309 uonie,
360 4239 488 4297 Nicolao
520 4240 558 4297 de
589 4242 738 4311 Machow,
769 4243 866 4313 banis,
891 4243 1011 4302 Leukus
1042 4243 1256 4317 dapiferorum
1289 4252 1318 4301 et
1343 4246 1502 4318 pincerna·

237 4359 317 4413 rum,
341 4344 491 4416 Dyonisio
514 4361 684 4418 agasonum
716 4354 893 4405 nostrorum
924 4350 1088 4421 magistris
1120 4366 1156 4406 ac
1186 4350 1335 4421 magistro
1358 4349 1501 4422 Symone,

239 4449 351 4507 comite
371 4451 548 4523 posoniensi
571 4452 702 4524 aliisque
735 4468 829 4526 quam
860 4448 1003 4527 pluribus
1034 4455 1120 4527 regni
1152 4456 1248 4512 nostri
1272 4457 1434 4513 comitatus
1458 4464 1502 4513 te-

237 4555 381 4611 nentibus
404 4559 434 4611 et
455 4556 595 4614 honores.

326 4686 466 4753 Originale
486 4689 512 4740 in
531 4691 690 4751 membrana,
710 4708 803 4759 parurn
822 4694 950 4744 attritum.
966 4694 1027 4745 Duo
1046 4694 1137 4760 sigilla
1155 4696 1311 4760 pendebant,
1331 4713 1411 4747 unum
1430 4712 1445 4746 a
1464 4713 1500 4747 sc·

240 4774 311 4825 ricea
330 4789 422 4826 crocea
440 4792 506 4830 zona
524 4785 550 4830 et
568 4779 643 4830 aliud
661 4795 676 4831 a
695 4781 785 4831 rubra
804 4781 835 4832 In
854 4781 953 4834 archiv.
972 4784 1053 4833 Acad.
1074 4782 1167 4834 Scicut.
1188 4784 1256 4834 Slav.
1277 4784 1368 4834 merid.
