3488 5242
636 315 709 372 Dor.
733 328 779 392 75.
803 312 853 392 76.
881 350 916 357 -
943 317 999 373 An.
1024 329 1112 391 1291.
1464 319 1502 388 65

241 511 387 579 tinenciis‚
419 510 609 583 sepedictum
640 512 796 585 palacium
831 512 1061 586 possidendum,
1096 512 1373 572 contradictoribus
1410 512 1506 570 nullis

242 617 364 689 penitus
387 617 606 686 existentibus;
638 632 734 690 quare
764 619 938 676 amiciciam
969 623 1105 677 vestram
1135 624 1208 692 peto
1231 617 1405 692 diligenter,
1430 633 1505 692 qua·

241 729 328 780 tenus
344 723 501 797 palacium
526 730 733 781 memoratum
750 725 809 798 ipsi
826 725 951 793 Gilioni‚
968 730 1072 782 vestro
1095 725 1214 782 concivi
1238 724 1418 797 predilecto,
1435 739 1506 782 cum

240 828 303 884 suis
327 830 471 886 omnibus
504 830 690 886 utilitatibus
722 831 824 888 velitis
855 831 1019 901 assignare,
1043 835 1228 904 perpetuare
1251 830 1316 887 sive
1340 829 1505 900 collocare,

241 933 325 991 aliud
348 935 442 991 vestri
465 936 569 1005 gracia
591 951 651 992 nou
675 934 793 994 facturi.

329 1089 350 1137 E
370 1094 534 1153 transumpto
554 1088 723 1156 magistratus
742 1090 858 1140 civitatis
877 1090 1034 1141 Grecheusis
1054 1091 1086 1140 de
1104 1090 1242 1157 Zagrabia,
1262 1105 1330 1140 anuo
1352 1099 1425 1153 1291.

347 1444 423 1491 Anno
445 1451 518 1504 1291.
851 1408 909 1477 75·

242 1570 365 1640 Paulus,
390 1568 532 1642 Stephani
552 1570 623 1626 boni
635 1570 730 1644 filins,
752 1572 825 1628 cives
854 1570 1028 1629 Grecdenses
1049 1573 1083 1629 de
1096 1573 1214 1645 palatro
1235 1572 1392 1629 condonato
1414 1571 1510 1629 comati

681 1675 802 1743 Gilioni,
826 1678 956 1735 certiores
978 1677 1076 1734 reddit.

331 1838 414 1895 Viris
437 1839 596 1897 nobilibus
620 1845 649 1895 et
671 1840 814 1911 honestis
845 1841 953 1898 amicis
985 1841 1048 1898 suis
1071 1839 1241 1899 karissimis
1265 1885 1271 1898 .
1295 1886 1301 1899 .
1326 1887 1331 1897 .
1356 1838 1450 1898 iudici
1478 1844 1508 1897 et

241 1944 392 2001 universis
417 1945 537 2002 civibus
568 1945 606 2002 de
637 1951 741 2002 monte
772 1944 883 2018 Grech,
914 1946 1060 2018 magister
1092 1946 1214 2016 Paulus,
1246 1945 1330 2003 filius
1358 1943 1507 2019 Stephani

244 2051 323 2119 bani,
349 2067 381 2107 se
405 2056 504 2108 totum
528 2067 599 2108 cum
623 2058 769 2124 prompta
793 2052 932 2109 amicicia
953 2058 984 2108 et
1007 2058 1121 2126 parata.
1148 2051 1276 2109 Noverit
1307 2055 1408 2108 vestra
1432 2051 1508 2109 ami·

244 2157 326 2220 ciria.
350 2156 433 2227 quod
457 2173 513 2214 nos
535 2157 692 2230 palacium
716 2163 865 2226 nostrum,
890 2157 974 2230 quod
1007 2159 1113 2216 comiti
1144 2157 1253 2215 Hodus
1277 2156 1506 2215 condonavera-

243 2278 320 2333 mus,
343 2263 520 2337 recipiendo
544 2264 585 2321 ab
608 2265 676 2337 ipso
699 2279 757 2337 pro
781 2264 970 2333 concambio
994 2265 1083 2321 sicuti
1120 2264 1151 2320 in
1182 2263 1294 2321 litteris
1317 2263 1415 2336 ipsius
1439 2277 1511 2321 con·

244 2369 364 2440 tinctur,
389 2370 492 2443 ipsum
517 2370 673 2443 palacium
696 2371 951 2443 perpetuavimus
974 2368 1091 2428 Gilioni
1114 2370 1174 2427 civi
1198 2373 1311 2427 vestro.
1327 2366 1417 2427 Unde
1433 2369 1509 2425 ami-

245 2474 354 2531 ciciam
387 2483 523 2532 vestram
557 2476 700 2549 petimus,
736 2480 887 2548 quatenus
925 2475 985 2532 sibi
1014 2475 1126 2533 vestris
1160 2474 1372 2532 instrumentis
1404 2473 1509 2532 velitis

245 2579 438 2638 confirmare.

332 2715 354 2763 E
374 2722 537 2781 transumpto
556 2715 725 2779 magistratus
744 2715 815 2765 civit.
836 2715 993 2765 Grechensis
1012 2716 1045 2765 de
1062 2714 1201 2780 Zagrabia,
1220 2729 1289 2764 anno
1310 2724 1384 2777 1291.

846 3053 908 3121 76.

350 3213 425 3260 Anno
448 3220 521 3273 1291,
541 3220 582 3261 21.
602 3210 699 3261 martii.
718 3210 830 3277 Jaurini.

246 3337 381 3394 Andreas
401 3338 460 3394 ΙΙΙ.
484 3339 662 3410 Hongmiae
684 3347 730 3395 etr.
747 3358 809 3409 rex,
824 3341 931 3397 civibus
952 3339 1159 3398 Greclrensibns
1174 3347 1209 3396 nt
1220 3341 1344 3398 comitem
1366 3339 1509 3398 Gilionem

405 3445 434 3499 in
454 3447 655 3517 possessorium
679 3446 831 3503 condonati
850 3447 906 3503 sibi
916 3447 1030 3519 palatii
1049 3454 1187 3513 statuant,
1203 3448 1353 3519 praecipit.

333 3606 473 3663 Andreas
497 3607 547 3664 dei
569 3610 673 3680 gracia
695 3625 750 3665 rex
773 3609 937 3681 Hungarie.
962 3609 1122 3667 Fidelibus
1143 3611 1206 3666 suis
1302 3610 1418 3679 villico
1436 3624 1508 3668 cou-

246 3712 369 3769 siliariis
392 3719 422 3769 et
444 3714 596 3771 universis
620 3715 794 3789 hospitibus
817 3715 856 3772 de
880 3722 984 3772 monte
1016 3715 1129 3785 Grech,
1155 3715 1287 3772 salutem
1311 3721 1341 3773 et
1364 3716 1509 3786 graciam.

247 3817 325 3874 Cum
350 3820 497 3889 magister
518 3820 640 3890 Paulus,
665 3821 748 3878 filius
771 3820 919 3894 Stephani
951 3821 1032 3891 bani,
1064 3820 1196 3877 dilectus
1220 3826 1248 3877 et
1273 3820 1375 3878 fidelis
1398 3827 1510 3892 noster,

247 3924 405 3995 quoddam
429 3926 584 3998 palacium
608 3943 698 3984 suum
730 3928 862 3985 existens
886 3925 1035 3998 Zagrabie
1059 3927 1089 3984 in
1115 3934 1218 3983 monte
1241 3925 1395 3996 Grecensi‚
1425 3926 1510 3999 quod

247 4046 263 4086 a
287 4032 400 4088 comite
424 4032 532 4089 llodus
556 4040 585 4089 et
609 4033 683 4090 filiis
715 4035 778 4090 suis
809 4049 867 4106 pro
897 4033 1079 4090 concambio
1109 4032 1315 4105 quarumdam
1344 4033 1510 4105 possessio·

246 4153 320 4194 uum
344 4154 470 4194 suarum
494 4141 608 4212 recepit
633 4148 661 4196 et
686 4141 802 4209 habuit,
824 4139 941 4197 Gilioni
964 4140 1083 4196 concivi
1105 4145 1208 4195 vestro
1232 4138 1382 4195 Grecensi
1405 4153 1511 4196 coram

247 4244 336 4300 nobis
360 4259 417 4316 pro
440 4245 578 4302 serviciis
602 4245 739 4303 eiusdem
764 4245 896 4303 Gilionis
925 4253 954 4302 et
970 4246 1062 4303 rebus
1079 4260 1137 4320 pro
1160 4246 1229 4317 ipso
1245 4246 1394 4315 magistro
1411 4245 1509 4304 Paulo

247 4355 276 4404 et
300 4348 456 4422 Stephano
479 4352 568 4419 bano,
594 4351 687 4409 t'ratre
710 4368 774 4422 suo,
791 4352 942 4426 expensis,
959 4368 1015 4425 per
1031 4351 1162 4408 eundem
1187 4350 1348 4408 donaverit
1372 4367 1425 4408 seu
1441 4367 1511 4410 con·

247 4455 351 4511 tulerit
375 4471 446 4511 cum
471 4458 615 4513 omnibus
638 4458 826 4515 utilitatibus
856 4464 886 4515 et
918 4457 1113 4530 pertinenciis
1144 4455 1282 4513 eiusdem
1307 4457 1420 4531 palacii
1443 4459 1510 4515 uni-

248 4560 344 4616 versis
367 4567 518 4634 perpetuo
543 4563 770 4635 possidendum.
796 4564 949 4621 Fidelitati
983 4568 1084 4620 vestre
1100 4560 1284 4619 mandamus
1300 4562 1511 4635 precipiendo,

247 4669 396 4736 quatenus
420 4665 537 4723 dictum
562 4668 717 4741 palacium
741 4685 815 4726 cum
836 4669 980 4726 omnibus
1004 4668 1067 4725 suis
1090 4666 1276 4724 utilitatibus
1300 4672 1330 4724 et
1352 4669 1508 4742 pertinen·

248 4771 302 4827 ciis
325 4772 476 4829 universis
498 4772 581 4831 dicto
604 4774 719 4833 Gilioni
742 4780 847 4834 vestro
874 4776 992 4834 concivi
1016 4781 1151 4833 statuere
1167 4778 1198 4831 et
1212 4772 1368 4846 assignate
1391 4774 1510 4848 absque

1390 4902 1404 4950 5
