3488 5242
244 309 308 386 406
770 306 981 378 Jthcrologium.

563 414 596 420 ,-
938 411 1147 418 ———-—
1160 412 1230 419 -
1246 413 1505 421 ---——.--—-—

347 520 424 568 Anno
447 527 492 577 135
506 557 528 568 ..
561 519 584 569 8.
605 518 701 569 martii.

243 631 302 688 Hic
324 631 402 688 obiit
426 630 671 704 Bartholomeus,
695 630 928 689 archidiaconus
951 629 1165 702 zagrabiensis.

349 785 425 833 Auno
447 792 521 842 1353.
542 791 565 838 7.
585 782 710 833 octobris.

242 895 301 953 Hie
324 895 401 951 obiit
425 894 569 951 dominus
599 893 761 966 Georgius,
793 894 956 951 canonicus
979 894 1193 965 zagrabiensis,
1218 895 1272 967 qui
1297 894 1451 951 ordinavit
1468 894 1507 951 ad

288 999 416 1058 missam
438 1000 527 1057 beate
541 1000 669 1072 virgInis
682 999 759 1057 duas
771 999 945 1073 prebendas
961 1000 1066 1057 bonas.
1084 1001 1172 1058 Anno
1189 999 1306 1057 domini
1322 999 1507 1057 MCCtTLIII.

347 1155 423 1202 Anno
445 1152 519 1214 1364,
542 1153 580 1202 18.
600 1151 740 1202 februarii.

239 1265 351 1321 Obitus
367 1263 508 1336 magistri
523 1263 679 1346 johannis,
700 1266 833 1322 cantoris
849 1264 1046 1335 chasmensis,
1063 1264 1093 1321 in
1112 1280 1192 1322 anno
1208 1263 1326 1321 domini
1342 1263 1508 1321 thCCLX

284 1378 404 1442 quarto

346 1528 421 1575 Anno
443 1526 518 1584 1366,
540 1535 561 1574 1.
580 1524 739 1575 novembris.

241 1655 300 1712 Hic
324 1656 401 1713 obiit
425 1655 569 1712 dominus
592 1655 707 1711 Paulus
728 1655 961 1713 archidiaconus
984 1654 1209 1724 Kamarcensis,
1233 1655 1286 1727 qui
1303 1655 1418 1726 legavit
1435 1654 1506 1711 Pre-

285 1761 441 1820 bendariis
473 1761 559 1819 chori
589 1760 717 1818 ecclesie
747 1761 953 1833 zagrabiensis
982 1761 1127 1818 balneum
1152 1766 1309 1817 muratum
1333 1761 1363 1818 in
1389 1776 1507 1834 posses·

286 1869 370 1925 sione
402 1866 600 1924 dominorum
632 1867 671 1923 de
701 1866 838 1940 capitulo
868 1867 898 1925 in
930 1867 1061 1923 abbacia
1088 1867 1173 1923 iuxta
1196 1865 1335 1936 fluvium,
1360 1872 1390 1923 et
1412 1882 1505 1923 unam

287 1975 399 2030 bonam
430 1973 553 2029 vlneam
584 1973 669 2030 iuxta
693 1979 832 2030 sanetum
856 1971 1014 2030 Simonem
1038 1978 1068 2029 et
1091 1987 1186 2029 unum
1211 1972 1391 2029 breviarum
1416 1986 1506 2028 suum

284 2080 410 2138 bonum.

345 2251 420 2297 Anno
443 2248 516 2306 1382,
536 2250 559 2300 8.
580 2249 702 2314 Augusti.

241 2378 352 2435 Obitus
383 2378 512 2450 Nicolai‚
544 2378 752 2437 archidiaconi
782 2381 996 2451 zagrabiensis.
1027 2382 1115 2437 Anno
1139 2380 1256 2437 dommi
1282 2379 1505 2452 MCCCLXXX

283 2484 426 2542 secunde.

344 2638 421 2687 Auno
444 2637 518 2695 1382,
542 2646 581 2694 15.
602 2637 767 2702 septembris.

240 2767 298 2823 1111
330 2766 407 2823 obiit
438 2768 585 2839 magister
617 2766 769 2840 Georgius
800 2769 838 2826 de
870 2769 1071 2838 Hracovicha,
1104 2771 1267 2827 canonicus
1292 2771 1506 2842 zagrabiensis.

285 2874 374 2928 Α110
398 2871 516 2930 domini
540 2872 764 2930 MCCCLXXX
788 2874 929 2932 secundo.

448 3007 532 3057 Notae
561 3007 587 3057 iu
612 3008 730 3073 margine
762 3009 910 3059 kalendarii
940 3010 1066 3059 breviarii
1096 3025 1163 3058 saec.
1198 3009 1266 3058 XIII
1304 3009 1333 3058 In
1359 3010 1423 3059 bibl.
1455 3026 1506 3058 me·

488 3102 555 3160 trop.
575 3097 680 3162 zagrab.
701 3099 749 3147 col.
770 3105 814 3156 37,
834 3114 882 3147 ser.
901 3111 926 3159 4,
946 3113 984 3146 nr.
1008 3107 1044 3146 11.

847 3396 900 3460 II.

343 3505 419 3551 Anno
441 3510 515 3564 1247,
540 3513 578 3552 10.
597 3503 672 3569 Julii.

240 3611 318 3669 Huic
342 3609 418 3690 (1.1.
441 3613 598 3687 Stephano
623 3616 641 3672 I.
666 3617 811 3688 episcopo
834 3610 970 3688 zagrab.)
995 3618 1139 3673 successit
1163 3617 1307 3674 dominus
1331 3617 1506 3689 Stephanus

283 3720 443 3789 secundus,
467 3721 521 3792 qui
545 3720 657 3778 dicitur
688 3720 782 3778 luisse
805 3722 990 3795 sollempnis
1013 3724 1114 3778 homo
1150 3724 1207 3779 Hic
1232 3724 1338 3795 plures
1361 3725 1505 3780 ecclesias

282 3825 311 3880 11
336 3826 514 3899 episcopatu
544 3826 615 3884 fecit
639 3827 776 3885 edificari
808 3837 836 3884 et
860 3828 1036 3900 specialiter
1066 3829 1236 3900 capitulum
1266 3830 1444 3886 chasmense
1476 3838 1506 3887 et

282 3933 511 4004 preposituram
536 3933 747 3990 chasmensem
772 3935 837 4006 ipse
861 3935 1018 3990 constituit
1042 3941 1071 3990 et
1095 3934 1222 4003 dotavit,
1246 3944 1275 3990 et
1292 3936 1393 4007 ipsam
1409 3937 1505 3992 eccle·

279 4039 357 4094 siam
390 4037 461 4094 fecit
494 4038 632 4095 edificari
662 4045 691 4095 et
722 4041 819 4096 eciam
850 4040 1012 4096 ecclesiam
1039 4041 1125 4096 beate
1149 4041 1245 4096 111111
1270 4041 1450 4112 Magdalene
1474 4044 1504 4098 in

281 4143 414 4201 Chasma
438 4150 468 4200 et
491 4145 628 4217 plurima
659 4146 816 4202 meritoria
840 4160 934 4219 opera
962 4145 1040 4202 fecit.
1065 4145 1127 4217 Qui
1149 4147 1227 4204 obiit
1253 4147 1302 4203 VI.
1327 4147 1396 4204 idus
1419 4148 1504 4230 Julii.

282 4251 372 4306 Anno
403 4250 521 4307 domini
545 4250 750 4322 MCCXLVII,
780 4257 920 4324 tempore
948 4251 1064 4308 domini
1088 4253 1170 4324 regis
1195 4252 1326 4323 Andree,
1350 4252 1408 4310 filii
1433 4253 1505 4310 Bele

280 4354 413 4413 secundi

341 4510 417 4559 Anno
439 4509 513 4568 1287,
532 4523 556 4571 4
576 4510 677 4575 aprilis.

236 4638 315 4695 Huic
339 4631 369 4714 (i.
392 4652 416 4694 1.
439 4637 586 4713 Phihppo
614 4634 847 4718 1248-1262.)
868 4642 1012 4699 successit
1036 4641 1180 4699 dominus
1210 4642 1424 4713 ‘Ihymotheus
1448 4657 1505 4714 per

237 4742 448 4816 provisionem
463 4746 601 4818 sumpmi
625 4745 788 4819 1101111111,
813 4747 866 4819 qui
882 4746 1081 4805 laudabiliter
1106 4747 1221 4820 prefuit
1244 4748 1381 4818 ecclesie,
1408 4762 1502 4819 quam
1589 4776 1594 4795 ι
