3488 5242
682 319 754 377 Dec.
779 334 826 396 25.
854 353 890 362 -
917 317 1084 396 An.12,17.
1474 339 1509 381 21

248 515 383 571 sencium
408 515 553 574 noticiam
577 518 745 587 habituris,
776 519 908 575 salutern
933 518 962 576 in
987 534 1039 589 eo,
1072 520 1125 591 qui
1148 520 1274 591 regibus
1297 518 1350 576 dat
1373 519 1513 576 salutem.

246 621 335 678 Oculi
360 620 493 678 sedentis
517 623 546 679 in
573 625 683 680 throno
706 625 791 696 regio
815 624 908 697 digne
931 625 1125 683 considerare
1141 624 1263 696 debent,
1280 624 1355 698 quid
1372 626 1411 683 sit
1426 625 1512 696 utile,

246 726 320 798 quid
358 743 496 798 necesse,
531 729 617 786 cuius
652 731 892 804 circumspeccio
928 732 958 789 in
991 747 1026 788 ea
1057 733 1165 804 pocius
1196 732 1382 806 provisionis
1411 732 1514 806 specie

246 831 424 903 delectatur,
449 850 509 906 que
530 843 616 892 extra
640 835 672 892 id
697 835 781 908 quod
801 837 972 910 reipublice
988 838 1153 895 utilitatem
1170 838 1304 912 respicit,
1320 852 1399 911 opus
1415 837 1513 895 eciam

247 939 369 1011 pietatis
393 941 528 997 noscitur
551 940 728 1014 importare.
761 941 892 1000 Proinde
917 943 953 999 ad
980 945 1206 1014 universorum,
1230 951 1294 1000 tam
1318 943 1513 1017 presencium

246 1060 339 1116 quarn
364 1051 569 1119 posterorum,
600 1048 747 1105 noticiam
777 1049 889 1106 harum
924 1050 1002 1106 serie
1037 1050 1183 1107 volumus
1219 1049 1397 1123 pervenire:
1428 1047 1511 1121 quod

244 1150 421 1207 accedentes
438 1151 477 1208 ad
493 1154 683 1225 presenciam
703 1162 840 1212 nostram
857 1155 933 1226 Fyle
951 1156 1126 1229 prepositus
1139 1155 1354 1228 zagrabiensis,
1366 1155 1513 1227 magister

243 1256 312 1337 Job,
327 1258 501 1331 prepositus
518 1259 698 1329 bachiensis,
712 1276 816 1318 comes
831 1261 951 1335 capelle
964 1266 1066 1319 nostre
1079 1268 1109 1319 et
1121 1262 1284 1319 canonicus
1297 1260 1513 1333 zagrabiensis,

245 1362 341 1434 Zoym
366 1365 541 1437 prepositus
564 1366 760 1436 chasmensis,
783 1367 892 1424 Petrus
907 1375 1021 1439 cantor,
1045 1366 1278 1425 archidiaconus
1293 1365 1510 1438 zagrabiensis,

244 1470 385 1540 Mychael
408 1471 506 1527 lector
529 1477 558 1528 et
582 1471 743 1528 ladislaus
767 1471 899 1530 decanus
922 1474 1137 1546 zagrabiensis,
1167 1473 1274 1531 Petrus
1297 1471 1513 1529 camarinensis

245 1584 276 1633 et
299 1576 406 1633 Petrus
427 1575 466 1633 de
482 1577 618 1634 Kemluk
634 1577 841 1636 archidiaconi
858 1586 887 1636 et
904 1580 957 1636 alii
973 1579 1011 1637 de
1027 1579 1165 1654 capitulo
1180 1567 1372 1652 zagrabiensi
1387 1576 1512 1634 nomine

246 1699 281 1739 ac
313 1683 379 1739 rice
411 1683 554 1755 capituli,
585 1684 675 1740 nobis
705 1683 865 1741 humiliter
895 1686 1126 1759 supplicarunt,
1158 1684 1242 1757 quod
1272 1699 1342 1741 cum
1366 1680 1511 1750 formido,

246 1804 307 1861 que
338 1788 513 1860 specialiter
541 1805 578 1845 ex
610 1790 741 1846 terribili
774 1791 884 1849 sevitia
913 1791 1114 1849 Tartarorum
1149 1806 1204 1847 seu
1237 1790 1371 1847 aliorum
1405 1788 1511 1844 hostili

246 1896 367 1951 incursu
395 1894 469 1967 ipsis
494 1894 523 1950 in
548 1894 688 1952 futurum
713 1897 873 1954 imminere
896 1899 1031 1967 timetur,
1064 1897 1267 1954 munitionem
1289 1895 1430 1967 aliquam
1453 1907 1512 1966 pro

244 1998 437 2073 recipiendis,
461 2000 581 2057 tuendis
601 2009 630 2057 et
646 2001 841 2059 defensandis
856 2004 919 2060 suis
936 2009 965 2060 et
981 2019 1108 2060 suorum
1125 2002 1264 2077 personis
1281 2001 1366 2074 ipsos
1382 2013 1511 2072 querere

243 2122 296 2163 seu
319 2105 450 2162 condere
474 2107 626 2180 impellat,
651 2113 787 2165 montem
812 2109 976 2181 quendam,
1007 2110 1130 2166 nomine
1154 2107 1286 2179 Gradyz,
1310 2107 1340 2163 in
1364 2105 1511 2162 comitatu

244 2212 443 2283 zagrabiensi,
468 2214 553 2269 iuxta
577 2212 760 2286 Zagrabiam
777 2216 967 2286 existentem,
984 2217 1070 2273 cuius
1087 2216 1200 2272 montis
1216 2219 1337 2286 partem
1354 2210 1510 2284 quandam

244 2317 281 2373 ad
314 2318 425 2373 villam
456 2319 614 2391 hospitum
643 2318 680 2375 de
704 2319 798 2390 Grez,
831 2322 988 2393 quandam
1012 2337 1087 2379 vero
1110 2320 1149 2378 ad
1172 2319 1345 2391 Wanlegen
1366 2317 1511 2375 novimus

243 2424 413 2496 pertinere,
448 2425 491 2481 eis
522 2423 661 2482 conferre
692 2431 720 2481 et
755 2426 876 2484 tradere
899 2426 1114 2499 dignaremur,
1145 2441 1215 2483 curn
1239 2439 1300 2481 non
1323 2424 1458 2481 habeant
1479 2423 1511 2480 in

243 2534 326 2586 tanto
357 2536 450 2587 rento
482 2531 622 2601 turbinis,
659 2547 766 2602 ymmo
799 2538 862 2589 tam
895 2534 1031 2606 generali
1061 2539 1145 2590 metu
1169 2532 1294 2601 mortis,
1326 2530 1381 2587 ubi
1404 2544 1459 2586 sua
1482 2533 1512 2586 et

243 2649 369 2691 suorum
393 2637 494 2708 capita
519 2637 641 2693 valeant
665 2639 815 2696 reclinare
837 2640 888 2696 vel
913 2641 993 2696 bona
1015 2639 1142 2697 ecclesie
1166 2636 1374 2710 zagrabiensis
1397 2651 1432 2693 ac
1454 2650 1509 2691 sua

243 2747 307 2798 tuto
340 2742 509 2799 munimine
539 2742 705 2800 defensare.
743 2744 806 2802 Nos
837 2747 946 2819 igitur,
978 2746 1092 2819 quibus
1122 2762 1160 2803 ex
1191 2743 1326 2817 suscepti
1353 2739 1511 2814 regiminis

240 2847 344 2905 officio
376 2849 527 2906 incumbit
556 2850 707 2907 universis
738 2859 841 2909 nostre
873 2867 985 2910 corone
1011 2851 1174 2921 fidelibus,
1207 2851 1343 2908 maxime
1367 2849 1397 2906 in
1422 2851 1507 2904 tanto

242 2955 429 3011 necessitatis
451 2955 582 3011 articulo
606 2971 733 3013 manum
756 2959 864 3016 auxilii
887 2959 1055 3033 porrigere,
1079 2956 1315 3026 considerantes,
1333 2952 1418 3027 quod
1439 2952 1510 3010 talis

241 3061 378 3132 provisio
402 3061 432 3117 in
456 3074 586 3132 corpore
609 3070 637 3117 et
661 3062 763 3119 anima
787 3078 842 3121 nos
862 3063 1007 3122 hedificat
1023 3063 1061 3121 ad
1077 3064 1218 3132 salutem,
1235 3061 1355 3118 dictum
1371 3063 1510 3116 montem

242 3181 311 3222 cum
349 3174 429 3223 terra
466 3167 756 3239 circumadiacente,
792 3169 963 3227 sufficiente
1002 3170 1072 3227 usui
1110 3177 1139 3225 et
1177 3165 1391 3225 commoditati
1420 3164 1510 3221 unius

241 3287 352 3343 magne
382 3273 473 3343 ville,
506 3272 607 3329 eidem
639 3275 775 3347 capitulo
805 3277 835 3332 in
868 3283 1054 3349 perpetuum
1085 3274 1227 3332 dedimus
1258 3278 1288 3329 et
1320 3270 1507 3329 contulimus

240 3378 332 3450 pleno
364 3379 447 3446 iure;
480 3379 537 3435 hoc
569 3394 731 3453 expresSO,
765 3382 847 3453 quod
877 3383 907 3439 in
932 3380 1042 3438 eodem
1066 3386 1170 3437 monte
1193 3379 1312 3436 dictum
1334 3376 1507 3450 capitulum

239 3494 374 3542 assumat
400 3499 456 3557 pro
480 3501 520 3556 se,
552 3486 610 3542 hoc
633 3492 679 3543 est
702 3502 760 3558 pro
781 3489 1009 3557 communitate,
1040 3487 1199 3544 decentem
1224 3485 1411 3560 porcionem,
1445 3497 1506 3554 que

239 3593 395 3648 muniatur
420 3593 538 3664 optime
562 3607 618 3664 per
640 3608 790 3666 expensas
814 3596 912 3652 tocius
938 3594 1076 3668 capituli,
1101 3594 1187 3649 cuius
1210 3588 1395 3648 municionis
1418 3594 1506 3662 septa

240 3707 378 3772 ternpore
395 3698 582 3756 discriminis
597 3708 734 3768 venture,
752 3699 835 3772 quod
852 3700 942 3772 absit,
959 3701 1022 3758 illis
1039 3705 1164 3773 pateant
1180 3698 1313 3769 illosque
1329 3695 1505 3767 suscipiant,

239 3804 292 3875 qui
316 3803 376 3860 sibi
399 3820 455 3876 per
480 3820 511 3861 se
535 3807 711 3879 specialiter
734 3806 900 3864 hedificare
924 3807 1087 3876 noluerint,
1111 3805 1162 3862 vel
1183 3804 1295 3861 fuerint
1311 3803 1504 3874 impotentes.

240 3907 371 3966 Persone
403 3924 477 3966 vero
508 3910 684 3984 supradicte
713 3912 764 3969 vel
795 3913 854 3969 alie
886 3913 923 3970 de
954 3913 1064 3970 eodem
1094 3911 1247 3985 capitulo,
1278 3923 1338 3980 que
1365 3910 1505 3980 potentes

239 4013 351 4071 luerint
384 4014 550 4073 hedificare
580 4018 641 4074 sibi
672 4023 771 4075 turres
802 4019 967 4092 speciales,
1006 4025 1164 4075 assumant
1195 4032 1233 4074 ex
1265 4013 1443 4072 voluntaria
1474 4022 1504 4070 et

238 4121 366 4193 speciali
390 4122 559 4179 collacione
583 4123 712 4197 capituli
735 4125 803 4182 loca
834 4140 993 4195 arearum,
1024 4125 1056 4181 in
1079 4123 1194 4195 quibus
1217 4119 1382 4178 hedificent
1404 4125 1504 4175 turres

239 4233 269 4281 et
292 4241 399 4283 muros
422 4242 480 4299 pro
504 4229 566 4285 suis
590 4230 777 4301 specialibus
802 4230 930 4288 familiis
960 4236 1053 4302 atque
1083 4230 1192 4299 rebus,
1226 4225 1396 4284 secundum
1419 4223 1504 4297 quod

238 4333 477 4405 uniuscuiusque
493 4336 672 4408 porcionem
689 4337 854 4410 contingit;
871 4353 931 4409 que
947 4336 1073 4409 quidem
1089 4333 1233 4392 hedificia
1248 4333 1312 4390 suis
1327 4330 1502 4400 heredibus,

237 4437 449 4510 heredumque
481 4443 708 4499 successoribus
740 4443 792 4500 vel
823 4444 1071 4515 quibuscumque
1095 4440 1250 4497 voluerint
1274 4437 1397 4495 valeant
1419 4435 1502 4506 dare,

238 4543 361 4607 donare,
385 4544 551 4604 concedere
575 4557 605 4605 et
628 4554 779 4622 perpetuo
802 4549 915 4621 legare,
939 4549 1025 4606 iuxta
1044 4563 1098 4606 sue
1113 4545 1307 4619 beneplacita
1323 4541 1501 4612 voluntatis,

238 4648 376 4706 dominio
408 4657 510 4708 tamen
542 4653 639 4726 ipsius
670 4655 763 4712 castri
793 4655 876 4713 dicto
903 4656 1041 4729 capitulo
1063 4669 1120 4728 per
1145 4653 1249 4710 omnia
1271 4657 1437 4708 reservato.
1466 4648 1501 4706 In

237 4755 324 4812 cuius
355 4756 468 4814 montis
499 4769 528 4817 et
559 4768 639 4820 terre
668 4761 953 4819 circumadiacentis
976 4760 1172 4834 corporalem
1195 4756 1422 4833 possessionem
1445 4769 1502 4829 per
