3488 5242
654 350 727 408 Dec.
751 364 820 408 201.
848 384 884 393 —
907 351 963 408 An.
989 361 1076 428 1345·
1432 362 1492 424 179

225 554 322 605 tentes
345 554 483 604 nostram
506 547 729 604 excellenciam
751 547 911 605 humiliter
934 552 963 604 et
988 546 1107 615 devote,
1131 554 1165 602 ut
1189 545 1292 618 ipsum
1312 545 1426 601 nostris
1442 544 1492 600 lit·

226 654 297 710 teris
320 653 413 711 inseri
437 651 586 722 faciendo
610 653 685 726 ipsis
708 642 893 711 confirmare
915 651 955 710 de
976 652 1165 723 benignitate
1182 652 1267 723 regia
1282 650 1490 722 dignaremur.

225 758 319 815 Cuius
343 765 430 814 tenor
453 758 523 815 talis
546 763 606 815 est:
632 751 705 835 (vid.
730 775 773 816 nr.
803 759 871 829 128,
895 773 942 814 an.
978 772 1069 832 1324,
1103 757 1129 814 8.
1154 748 1277 832 martii).
1302 755 1365 813 Nos
1389 756 1493 828 itaque

225 864 311 920 iustis
334 870 364 920 et
390 864 536 936 legitimis
559 864 699 936 ipsorum
723 862 863 921 fidelium
888 863 1005 921 civium
1029 869 1059 920 et
1083 863 1244 936 hospitum
1260 867 1435 919 nostrorum
1456 861 1494 918 de

226 968 328 1026 Grech
353 969 557 1042 peticionibus
588 970 654 1026 iure
686 968 847 1027 inducente
877 970 1024 1038 inclinati,
1054 969 1170 1027 dictum
1195 968 1398 1042 privilegium
1421 983 1490 1040 pre-

226 1075 297 1131 tacti
323 1075 419 1147 patris
442 1075 539 1131 nostri
563 1120 690 1131 .....
715 1073 890 1132 confectum
907 1074 946 1133 de
962 1075 1060 1133 verbo
1083 1074 1122 1132 ad
1146 1074 1279 1131 verbum
1297 1073 1492 1146 presentibus

225 1181 372 1238 insertum
409 1187 541 1250 eatenus,
573 1187 723 1253 quatenus
754 1182 856 1255 ipsum
888 1183 946 1239 rite
976 1188 1006 1240 et
1029 1182 1167 1254 legitime
1190 1180 1291 1238 extitit
1314 1185 1491 1237 emanatum

228 1329 313 1342 .....
330 1286 410 1343 dicte
426 1287 585 1344 libertates
605 1287 636 1344 in
653 1285 763 1343 eodem
778 1288 942 1360 explanate
958 1288 1036 1345 iuste
1052 1334 1058 1345 .
1072 1333 1077 1344 .
1090 1332 1097 1345 .
1110 1331 1135 1345 ..
1158 1292 1188 1342 et
1211 1284 1327 1342 eisdem
1352 1298 1493 1341 concesse

227 1388 293 1448 fore
317 1390 518 1449 dinoscuntur
540 1390 630 1449 dictis
654 1391 800 1449 fidelibus
816 1393 937 1449 civibus
953 1399 983 1449 et
999 1391 1176 1466 hospitibus
1195 1390 1308 1447 nostris
1332 1388 1370 1446 de
1393 1388 1499 1447 Grech

227 1497 331 1570 ipsum
367 1498 567 1571 privilegium
603 1498 634 1554 in
669 1513 724 1554 sua
753 1498 921 1556 stabilitate
952 1504 981 1555 et
1014 1498 1119 1570 vigore
1150 1513 1206 1570 per
1232 1495 1337 1553 omnia
1369 1495 1495 1568 permit·

227 1603 319 1660 tendo
334 1604 437 1660 valere
449 1605 481 1661 ln
493 1608 679 1678 perpetuum
692 1603 914 1661 confirmamus
927 1604 1121 1678 presencium
1133 1602 1304 1676 patrocinio
1317 1601 1492 1658 litterarum

227 1702 415 1786 (nostrarum
440 1703 619 1785 mediante).
651 1710 810 1767 Presentes
840 1717 943 1768 autem
975 1711 1005 1767 in
1037 1709 1170 1767 formam
1204 1707 1299 1764 nostri
1332 1707 1491 1780 privilegii

226 1816 325 1888 redigi
350 1817 506 1886 faciemus,
531 1816 606 1873 dum
630 1816 720 1873 nobis
743 1815 866 1873 fuerunt
889 1822 1053 1889 reportate.
1077 1816 1194 1872 Datum
1218 1815 1248 1870 in
1271 1812 1418 1869 descensu
1441 1826 1495 1868 no·

229 1927 293 1978 stro
317 1923 400 1979 ultra
423 1921 553 1978 lluvium
577 1921 668 1978 Zawa
692 1922 776 1979 iuxta
800 1922 912 1979 villam
942 1921 1103 1994 Zengiurg,
1137 1923 1166 1977 in
1191 1919 1269 1976 festo
1293 1918 1389 1975 sancti
1412 1918 1494 1990 regis

228 2027 370 2085 ladislai.
396 2029 485 2085 Anno
509 2027 626 2084 domini
651 2028 819 2085 millesimo
843 2027 977 2085 CCCXL
1000 2029 1114 2100 quinto.

315 2179 520 2244 Transumptum
539 2196 553 2229 e
572 2180 668 2230 litteris
688 2180 805 2230 eiusdem
824 2181 955 2231 Ludovici
974 2181 1054 2247 regis
1073 2197 1140 2232 anno
1163 2190 1236 2243 1359.

815 2504 900 2571 201.

334 2666 410 2713 Anno
429 2673 500 2725 1345,
520 2665 559 2712 20.
579 2663 701 2729 Augusti.
722 2662 753 2713 In
770 2664 908 2729 Vliegrad.

253 2811 415 2868 Ludnnicus
438 2811 614 2882 Hunguriae
637 2820 683 2869 etc.
707 2829 769 2880 rex,
793 2812 866 2868 cives
894 2810 1068 2868 Greclrcnses
1089 2829 1108 2866 a
1130 2810 1334 2869 contributione
1356 2814 1459 2886 quouis

643 2927 702 2992 per
722 2919 946 2993 quz'nquennium
970 2918 1079 2975 liberat,

320 3080 383 3139 Nos
406 3080 579 3138 Lodouicus
603 3079 652 3138 dei
676 3083 780 3153 gracia
803 3098 857 3139 rex
880 3082 1046 3152 ilungarie.
1071 3080 1288 3153 significamus
1304 3088 1410 3140 tenore
1425 3098 1495 3155 pre*

232 3187 368 3244 sencium
394 3188 507 3259 quibus
532 3187 658 3258 expedit
681 3187 841 3257 universis,
865 3186 947 3261 quod
973 3189 1044 3260 quia
1068 3186 1177 3244 fideles
1200 3188 1283 3245 cives
1306 3195 1336 3245 et
1359 3189 1499 3261 hospites

231 3293 327 3349 nostri
351 3291 389 3348 de
412 3299 517 3348 monte
540 3291 668 3361 Gerech
693 3309 772 3348 nunc
795 3308 852 3365 per
874 3299 1015 3351 nostrum
1032 3294 1201 3351 exercitum
1218 3294 1248 3350 in
1265 3292 1427 3351 Croaciam
1444 3294 1497 3350 ha-

231 3398 331 3454 bitum
356 3397 455 3454 multa
480 3396 615 3470 dampna
640 3399 722 3469 passi
738 3399 911 3468 extiterunt,
928 3414 986 3472 pro
1002 3400 1115 3472 quibus
1131 3400 1175 3456 eis
1191 3406 1324 3472 quatuor
1339 3414 1496 3475 ¹armorum

231 3504 407 3560 libertatem
432 3502 677 3569 contuleramus;
701 3509 730 3560 et
754 3504 826 3576 quia
849 3520 930 3561 nunc
953 3504 1128 3562 Demetrius
1151 3505 1277 3573 iuratus,
1310 3504 1386 3562 civis
1413 3505 1496 3577 ipso-

233 3624 311 3677 rum,
336 3608 426 3664 nobis
450 3614 479 3664 et
502 3607 626 3664 domine
650 3609 753 3679 regine
777 3609 913 3683 dampna
935 3610 1071 3683 plurima
1083 3615 1154 3682 post
1177 3608 1323 3667 festinum
1338 3626 1496 3668 recessum

232 3720 261 3770 et
284 3713 419 3770 reditum
442 3719 583 3770 nostrum
607 3729 663 3787 per
686 3721 806 3771 nostros
830 3731 975 3788 sequaces
999 3714 1096 3772 dictos
1120 3714 1228 3772 fideles
1261 3716 1343 3773 cives
1367 3722 1497 3787 nostros,

232 3836 289 3893 per
313 3835 390 3893 quos
414 3820 452 3877 ad
477 3835 532 3876 nos
555 3821 697 3878 extiterat
721 3820 898 3892 destinatus,
928 3836 1033 3895 passos
1064 3822 1208 3891 extitisse,
1233 3822 1500 3894 querimonialiter

232 3927 426 4000 propalabat,
449 3927 491 3983 ob
512 3928 570 3983 hoc
593 3941 649 3982 nos
672 3927 748 4000 ipsis
764 3927 998 4000 comprimentes,
1015 3927 1193 3983 libertatern
1209 3927 1298 3983 unius
1314 3928 1386 3985 anni
1404 3944 1499 4002 supra

231 4032 329 4089 dictos
352 4038 485 4104 quatuor
501 4048 595 4089 annos
613 4031 758 4090 duximus
774 4030 1056 4106 superaddendum,
1074 4033 1123 4101 ita,
1147 4039 1180 4089 ut
1203 4034 1390 4106 computatis
1408 4033 1498 4092 dictis

231 4146 364 4211 quatuor
387 4139 473 4195 annis
497 4139 583 4212 prius
607 4139 650 4194 eis
673 4153 731 4211 pro
755 4139 858 4210 gracia
881 4144 910 4195 et
935 4138 1079 4195 libertate
1102 4139 1261 4209 concessis,
1286 4140 1422 4213 quinque
1446 4155 1499 4197 an·

232 4259 343 4301 norum
366 4245 528 4301 curriculis
553 4245 695 4302 libertate
718 4245 783 4302 sine
805 4245 890 4301 omni
921 4243 1051 4300 collecta
1082 4249 1111 4300 et
1143 4242 1249 4301 debito
1272 4245 1362 4302 nobis
1385 4260 1497 4319 prove·

232 4352 327 4408 nientl
350 4350 479 4423 pacifice
502 4350 701 4423 perfruantur
724 4351 807 4408 cives
838 4357 868 4407 et
898 4350 1036 4422 hospites
1067 4351 1163 4407 nostri
1187 4349 1225 4408 de
1249 4355 1353 4408 monte
1376 4349 1498 4410 Gerech
1599 4344 1603 4350 ’

232 4455 385 4513 antedicti.
408 4456 522 4513 Datum
548 4457 577 4513 in
600 4455 800 4528 Wyssegrad,
824 4457 919 4513 tercio
942 4454 992 4512 die
1008 4454 1078 4512 festi
1095 4456 1176 4512 beati
1192 4455 1402 4515 Bartholomei
1426 4473 1499 4531 apo·

233 4561 313 4618 stoli.
338 4564 427 4619 Anno
450 4561 569 4619 domini
593 4561 759 4619 MCCCXL
781 4563 897 4635 quinto.

324 4714 463 4780 Originale
483 4715 509 4765 in
534 4716 692 4765 membrana.
716 4717 740 4764 A
764 4720 839 4780 tergo
867 4714 1009 4779 vestigium
1033 4695 1162 4779 impressi
1180 4715 1272 4780 sigilli.
1296 4713 1327 4764 In
1352 4715 1461 4766 archivo
1480 4717 1497 4766 l.

233 4819 288 4870 reg.
308 4803 379 4853 civit.
400 4805 504 4869 zagrab.
