3488 5242
602 354 674 410 Doc.
698 366 768 430 293.
792 368 865 431 294.
893 386 929 395 -
955 353 1010 411 An.
1034 348 1126 430 1380.

827 549 916 615 293.

339 672 416 719 Anno
439 672 512 728 1380.
533 681 573 734 29.
595 670 695 720 marcii.
713 670 867 735 Zagrabiae.

236 797 380 854 Nt'colans
412 798 512 855 Ventus
542 799 662 876 zagrub.
694 817 790 869 conces,
819 799 958 856 nuntius
987 799 1123 855 nobilium
1153 799 1274 856 nnsdem
1297 801 1446 856 comitatus
1468 799 1502 855 de

330 904 428 978 foedis
448 904 556 961 actibus
578 906 709 962 canonici
730 905 850 962 Mcoiai
870 905 997 962 Bris'iini
1017 912 1051 961 ut
1071 907 1230 978 inquinant,
1249 906 1397 978 praecipit.

323 1046 491 1105 Nobilibus
520 1049 595 1105 viris
627 1055 657 1105 et
687 1049 831 1118 honestis,
855 1048 1009 1106 iudicibus
1032 1048 1186 1106 nobilium
1210 1050 1373 1105 comitatus
1397 1064 1500 1121 zogra-

237 1152 358 1209 biensis,
382 1153 497 1210 Dicunt
528 1154 626 1224 nobis,
656 1154 739 1210 Luca
763 1154 864 1224 iudex,
892 1155 991 1212 iurati.
1016 1155 1182 1212 consiliarii
1206 1163 1236 1212 et
1259 1155 1395 1212 universi
1418 1155 1502 1211 cives

235 1263 336 1315 vestre
359 1259 492 1316 civitatis
516 1261 629 1317 montis
652 1259 844 1329 Grechensis‚
868 1261 956 1332 gravi
979 1276 1050 1317 cum
1075 1261 1210 1333 querela,
1229 1261 1312 1333 quod
1330 1261 1500 1334 capitulum

235 1365 362 1421 ecclesie
390 1365 605 1436 zagrabiensis,
638 1365 714 1422 feria
745 1366 839 1422 tercia
870 1367 1015 1438 proxima
1039 1374 1108 1439 post
1133 1365 1244 1423 festum
1269 1382 1360 1440 pasce
1383 1366 1501 1423 domini

236 1486 316 1526 nunc
346 1470 490 1543 proxime
521 1471 675 1544 preterita,
706 1472 847 1543 nequicia
878 1473 1076 1544 precogitata,
1108 1472 1157 1529 dei
1186 1473 1296 1529 timore
1320 1473 1501 1544 postposito,
1592 1462 1595 1468 ’

235 1581 382 1647 tanquam
407 1576 543 1632 satelites
566 1591 602 1633 ac
625 1576 824 1633 immemores
847 1577 940 1634 saluti
957 1578 1058 1635 anime
1075 1579 1224 1650 ipsorum,
1241 1578 1335 1635 misso
1352 1579 1501 1650 magistro

239 1680 376 1750 Nicolao,
407 1681 474 1738 filio
506 1680 647 1753 llryslini,
678 1682 883 1740 concanonico
914 1690 944 1740 et
975 1685 1058 1741 socio
1088 1684 1228 1757 ipsorum
1259 1700 1330 1740 cum
1363 1685 1503 1757 ipsorum

238 1787 445 1859 complicibus
484 1788 627 1844 manibus
663 1789 798 1859 armatis,
837 1790 1020 1860 potenciaris
1051 1805 1085 1847 ac
1118 1790 1269 1860 violentis,
1306 1790 1391 1846 clara
1425 1791 1502 1858 luce,

236 1893 312 1949 citra
343 1892 503 1950 meridiem
536 1908 593 1966 per
623 1893 872 1951 commissionem
903 1894 977 1952 dicti
1000 1896 1128 1969 capituli
1151 1896 1181 1952 in
1214 1896 1370 1952 civitatem
1402 1903 1503 1953 vestre

237 1999 404 2055 maiestatis
442 2000 581 2071 ipsorum
613 2000 727 2056 civium
760 2000 962 2058 habitacionis
991 2001 1066 2059 dicti
1096 2002 1210 2058 montis
1240 2000 1424 2059 Grechensis
1450 2017 1501 2058 ve·

235 2104 356 2175 niend0,
387 2121 485 2179 prope
516 2104 679 2161 ecclesiam
709 2105 805 2161 sancti
837 2107 960 2163 Martini
992 2108 1151 2164 irruissent
1181 2114 1211 2163 et
1243 2106 1319 2163 duos
1362 2107 1501 2179 ipsorum

235 2210 327 2279 cives,
358 2210 511 2281 videlicet,
544 2211 691 2280 lwanum,
722 2210 825 2268 filium
856 2211 1033 2283 Draginych
1065 2211 1142 2269 diris
1173 2219 1203 2269 et
1229 2212 1377 2269 letalibus
1401 2214 1502 2286 plagis

235 2316 389 2373 wlnerum
412 2316 442 2373 in
470 2317 598 2389 propria
628 2316 723 2373 domo
752 2317 891 2390 ipsorum
922 2317 1125 2375 winerassent
1155 2325 1184 2375 et
1215 2318 1417 2388 mutilassent,
1449 2318 1502 2375 ubi

235 2422 393 2495 predictus
428 2423 520 2493 iwan,
552 2422 635 2480 filius
667 2423 845 2494 Draginich‚
877 2423 1022 2496 spiritum
1053 2424 1223 2492 exalasset;
1257 2423 1295 2480 de
1330 2423 1392 2480 alio
1428 2438 1503 2480 vero

235 2528 326 2586 Petro
349 2529 548 2586 Lowrcchich
574 2528 612 2586 de
636 2544 691 2586 sua
715 2530 778 2586 vita
802 2530 933 2587 dubium
957 2530 1141 2598 haberetur;
1162 2529 1216 2587 lite
1233 2536 1335 2586 tamen
1352 2528 1503 2602 pendente

236 2636 315 2692 inter
338 2634 494 2707 predictos
523 2635 605 2691 cives
636 2643 665 2692 et
698 2637 870 2709 capitulum
904 2642 1109 2708 prenotatum.
1141 2635 1242 2708 Super
1273 2650 1335 2708 quo
1367 2641 1503 2692 vestram

238 2740 374 2814 petimus
397 2741 570 2798 amiciciam
594 2748 624 2798 et
647 2741 866 2799 nichilominus
899 2741 1089 2815 precipimus
1113 2743 1308 2814 presentibus
1331 2741 1503 2813 diligenter,

236 2853 386 2917 quatenus
418 2862 514 2903 unum
545 2847 596 2904 vel
629 2847 706 2903 duos
738 2853 776 2903 ex
808 2848 899 2905 vobis
930 2848 1153 2917 transmittatis,
1177 2848 1229 2919 qui
1253 2848 1294 2904 ab
1317 2847 1462 2904 omnibus
1486 2863 1505 2905 a
1531 2907 1534 2914 ,

236 2953 349 3025 quibus
372 2951 482 3010 decens
506 2958 535 3009 et
559 2959 746 3026 oportunum
772 2952 872 3022 fuerit,
892 2946 998 3026 palam
1016 2958 1045 3009 et
1060 2953 1180 3009 occulte
1197 2951 1411 3024 investigando
1427 2953 1503 3009 sciat

236 3067 266 3114 et
288 3059 423 3130 inquirat
454 3059 492 3115 de
517 3059 676 3131 premissis
700 3059 911 3115 omnimodam
940 3059 1111 3129 veritatem,
1142 3065 1173 3115 et
1207 3057 1331 3115 tandem
1355 3056 1502 3129 quicquid

238 3164 348 3221 exinde
372 3165 463 3221 vobis
488 3165 600 3222 veritas
624 3165 801 3234 constiterit,
821 3164 948 3221 domino
965 3171 1069 3221 nostro
1085 3164 1152 3236 regi
1167 3163 1301 3221 fideliter
1318 3163 1501 3220 rescribatis.

239 3270 351 3327 Datum
376 3270 533 3342 Zagrabie,
558 3269 634 3327 teria
667 3271 774 3342 quinta
796 3271 940 3343 proxima
968 3276 1038 3343 post
1068 3270 1243 3343 predictum
1268 3268 1379 3325 festum
1412 3284 1504 3341 pasce

238 3375 363 3434 domini.
387 3379 477 3433 Anno
500 3376 637 3433 eiusdem
662 3376 831 3433 millesimo
854 3375 1054 3433 CCCLXXX.

326 3512 347 3560 E
368 3518 532 3577 transumpto
553 3511 670 3561 iudicum
689 3511 819 3561 nobilium
839 3511 979 3562 comitatus
997 3511 1182 3577 zagrabiensis,
1205 3525 1272 3560 anno
1294 3511 1367 3568 1380.
1382 3516 1410 3558 ut
1424 3509 1501 3559 inira.

823 3744 914 3811 294.

343 3889 419 3936 Anno
442 3886 515 3944 1380,
535 3896 557 3943 3.
578 3885 680 3951 aprilis.
700 3885 854 3951 Zagrabiae.

236 4016 348 4072 lndi‘ccs
371 4016 505 4073 nobilium
528 4016 676 4072 comitatus
698 4016 814 4087 zagrab.
834 4023 956 4089 peracto
984 4017 1166 4089 inquisitione
1186 4016 1221 4072 de
1247 4015 1371 4089 nefariis
1397 4016 1506 4073 actibus

447 4122 579 4177 canonici
599 4121 719 4178 Nicolai
747 4122 880 4191 Bris'lini,
903 4121 1048 4178 ludovico
1070 4124 1134 4194 regi
1155 4122 1291 4195 referunt.

327 4265 594 4322 Excellentissimo
617 4265 744 4322 domino
776 4281 884 4322 eorum
914 4265 1080 4334 Lodouico,
1109 4263 1159 4321 dei
1181 4265 1285 4336 gracia
1307 4263 1414 4321 inclito
1437 4266 1503 4336 regi

239 4373 404 4444 Hungarie,
436 4371 571 4439 polonie,
603 4371 763 4428 Dalmacie
798 4379 853 4429 etc.
886 4371 1004 4429 ludices
1036 4371 1190 4428 nobilium
1213 4371 1377 4428 comitatus
1400 4385 1505 4442 zagra·

237 4479 352 4536 biensis
375 4477 609 4534 inclinacioncm
626 4493 698 4534 cum
714 4484 864 4551 perpetua
880 4477 1036 4535 fidelitate.
1054 4476 1182 4534 Noverit
1198 4482 1301 4533 vestra
1319 4476 1505 4545 sublimitas,

237 4598 292 4639 nos
317 4582 468 4655 recepisse
497 4582 614 4639 litteras
639 4583 783 4654 magistri
805 4581 928 4639 Nicolai
951 4582 990 4639 de
1013 4582 1128 4652 Virtus,
1154 4581 1275 4638 comitis
1298 4581 1506 4652 zagrabiensis

236 4695 266 4745 et
288 4688 448 4745 castellani
472 4686 511 4744 de
538 4687 688 4759 Medwed,
719 4688 800 4745 hunc
830 4695 966 4745 tenorem
1000 4687 1204 4745 continentes:
1239 4681 1312 4764 (vid.
1351 4703 1394 4744 nr.
1434 4700 1504 4760 293.

236 4808 316 4851 anno
344 4792 437 4866 1380,
470 4809 517 4866 29.
549 4786 678 4870 marcii.)
708 4793 773 4850 Nos
803 4794 907 4865 itaque
938 4792 1143 4866 peticionibus
1170 4798 1199 4850 et
1227 4792 1381 4850 mandatis
1404 4792 1501 4866 ipsius
