3488 5242
238 343 298 421 ²48
665 342 739 400 Doc.
762 353 833 418 259.
858 373 895 383 —
920 339 977 397 An.
1001 349 1088 415 1375.

236 536 350 603 gistrum
368 552 448 602 super
468 535 579 585 iniurias
604 542 629 584 et
657 533 773 599 plurima
797 532 865 582 iacta
890 533 966 588 mala.
993 547 1044 595 quc
1070 547 1117 596 per
1140 530 1261 581 dominos
1282 529 1393 595 capituli
1412 544 1501 595 zagra·

237 624 336 675 biensis
355 624 464 674 ecclesie
483 631 543 674 sunt
563 623 637 673 illata
657 630 682 672 ct
702 627 854 688 perpetrata
872 636 952 686 super
972 620 1042 669 cives
1062 619 1178 669 civitatis
1197 619 1292 668 montis
1312 617 1450 667 Greccnsis
1469 619 1501 666 de

239 713 315 763 iuxta
334 711 517 777 Zagrabiarn.“
540 710 626 759 Huius
646 709 796 758 documenti
816 725 896 758 unum
916 724 963 773 par
984 716 1153 757 conservatur
1175 707 1200 755 in
1220 706 1328 755 archivo
1349 721 1404 754 ven.
1425 705 1501 769 capit.

238 799 423 866 zagrabieusis,
443 802 499 849 Act.
519 799 582 864 Cap.
608 801 668 848 Ant.
695 797 755 847 fasc.
779 806 815 846 10.
836 813 874 847 nr.
899 796 1034 858 14;aliud
1055 811 1118 845 vcro
1138 795 1164 845 in
1184 794 1261 859 copia
1279 793 1394 858 simplici
1417 794 1441 842 in
1461 809 1500 842 ar-

239 887 316 938 chivo
335 886 395 937 incl.
409 886 567 937 Academiae
587 887 681 937 Scient.
702 887 804 937 Slavor.
826 883 991 934 meridional.
1011 882 1163 948 Zagrabiac.

825 1135 911 1200 259.

346 1295 422 1344 Anno
444 1302 519 1353 1375,
538 1306 561 1343 2.
581 1294 736 1344 decembris.
755 1292 908 1358 Zagrabiae.

273 1423 376 1480 Amica
391 1423 551 1497 compositio
566 1442 662 1480 coram
678 1423 850 1495 rtiogt'strotu
866 1423 991 1479 cecitatis
1009 1420 1180 1479 Greclrcnsis
1190 1420 1476 1498 folcanensium

391 1528 533 1603 Stephani
552 1528 640 1599 Boa'o,
665 1530 742 1586 t'titer
763 1548 797 1586 oc
820 1531 945 1586 oillicmn
968 1535 996 1584 ot
1017 1529 1177 1599 iobagiones
1199 1528 1232 1583 dc
1255 1527 1368 1583 Blizna.

329 1689 393 1747 Nos
417 1691 586 1761 Micussius,
610 1690 695 1747 filius
718 1691 801 1760 luan,
824 1688 925 1759 iudex,
950 1690 1124 1761 Dyonisius,
1148 1689 1334 1749 Demetrius,
1360 1688 1503 1757 Thomas,

242 1795 397 1866 NicolauS,
423 1796 538 1867 Petrus
572 1797 752 1867 Anthonius,
777 1796 865 1853 Chun
890 1802 920 1851 et
945 1795 1115 1852 Damianus
1143 1795 1242 1863 iurati,
1275 1794 1441 1851 consiliarii
1475 1799 1505 1848 et

241 1902 377 1959 universi
401 1902 485 1959 cives
501 1903 614 1959 montis
631 1902 800 1959 Grecensis
819 1902 966 1959 Memorie
983 1901 1238 1958 commendamus
1262 1916 1317 1973 per
1339 1906 1503 1973 presentes,

242 2006 326 2080 quod
348 2007 512 2090 Johannes.
543 2007 628 2064 filius
659 2006 815 2080 Stephani,
847 2007 921 2064 dicti
952 2007 1040 2077 Rom,
1070 2006 1201 2063 condam
1233 2006 1333 2074 iudex,
1364 2021 1441 2062 onus
1476 2012 1505 2061 et

242 2113 424 2185 gravamina
448 2114 537 2183 Petri,
554 2113 698 2184 Ladislai‚
721 2113 840 2170 Thome
858 2113 936 2170 Pech
960 2121 989 2170 et
1009 2113 1137 2182 Nicolai,
1154 2112 1211 2169 filii
1230 2111 1325 2181 Pauli,
1342 2127 1505 2168 servorum

243 2234 294 2276 seu
318 2219 580 2277 mercenariorum
597 2235 724 2276 suorum
740 2235 881 2292 superse
897 2234 1090 2275 assummens
1113 2219 1153 2274 ab
1174 2235 1242 2288 una,
1272 2224 1358 2291 parte
1375 2233 1448 2274 vero
1465 2218 1505 2273 ab

243 2324 305 2381 alia
329 2325 478 2398 providus
502 2325 551 2382 vir
574 2325 710 2382 Thomas
734 2325 858 2382 villicus
882 2324 920 2382 de
944 2325 1136 2398 possessione
1161 2324 1273 2394 Blizna,
1294 2325 1433 2381 omnium
1450 2324 1505 2380 ali-

243 2446 333 2487 orum
357 2430 509 2488 ruralium
533 2446 587 2487 seu
611 2430 809 2502 iobagionum
827 2431 942 2503 egregii
957 2431 1113 2512 johannis,
1131 2431 1187 2487 filii
1211 2430 1306 2500 Pauli,
1331 2431 1381 2503 pie
1405 2445 1505 2486 recor·

244 2535 380 2593 dacionis
403 2535 462 2593 filii
485 2536 642 2608 magnifici
665 2534 779 2609 Stepan
804 2535 842 2592 de
866 2536 1004 2607 Starchy,
1036 2535 1193 2608 quondam
1219 2537 1289 2592 bani
1313 2537 1397 2607 regni
1422 2535 1506 2592 Scla-

243 2642 342 2712 uonie,
366 2642 513 2714 personis,
531 2640 568 2698 ad
587 2647 724 2699 nostram
740 2641 895 2699 venientes
912 2643 1101 2715 presenciam
1126 2640 1257 2698 confessi
1280 2647 1350 2698 sunt
1375 2642 1403 2698 in
1426 2642 1506 2699 hunc

244 2746 389 2805 modum:
413 2746 496 2820 quod
521 2747 593 2805 licet
616 2746 766 2821 providus
790 2748 839 2804 vir
862 2747 1019 2820 predictus
1050 2749 1194 2817 Thomas,
1217 2748 1342 2804 villicus
1364 2747 1401 2803 de
1425 2748 1506 2805 dicta

244 2853 358 2925 Blizna,
382 2853 502 2928 prefato
524 2853 665 2936 Johanni,
689 2854 756 2911 filio
770 2853 925 2927 Stephani,
943 2854 1021 2911 Bozo
1038 2853 1131 2923 dicta,
1149 2853 1282 2926 quedam
1304 2853 1408 2911 senilia
1424 2855 1507 2927 ipso-

245 2976 315 3017 rum
339 2959 490 3017 ruralium
514 2960 559 3017 in'
577 2965 680 3017 monte
703 2960 839 3017 Warhen
870 2961 1035 3017 existencia
1058 3005 1215 3017 ......
1239 2960 1421 3017 corumdem
1450 2976 1507 3034 pro

245 3074 327 3124 certa
354 3082 477 3124 summa
493 3066 647 3140 pecuniali
663 3083 720 3139 pro
737 3067 915 3139 recepcioue
932 3061 1005 3143 (feni
1023 3059 1088 3142 seu)
1105 3067 1271 3123 herbarum
1288 3066 1326 3122 de
1342 3066 1452 3123 eodem
1468 3067 1505 3123 ad

247 3189 343 3229 unum
366 3188 479 3230 annum
504 3189 556 3229 seu
582 3172 766 3230 falcaturam
787 3172 998 3241 arrendasset;
1023 3179 1125 3228 tamen
1149 3173 1222 3244 quia
1246 3172 1327 3228 idem
1344 3173 1507 3254 Johannes,

245 3279 329 3336 filius
352 3277 508 3352 Stephani,
533 3279 606 3337 dicti
631 3279 717 3350 Bozo,
749 3279 846 3336 dictas
879 3280 1022 3352 pecunias
1055 3295 1111 3351 pro
1143 3280 1256 3351 quihus
1288 3280 1389 3352 ipsum
1417 3279 1507 3336 senile

246 3379 364 3463 (utique
387 3377 601 3460 arcendasset),
627 3401 699 3442 cum
722 3385 752 3441 in
778 3385 908 3441 termino
932 3385 1121 3441 solucionem
1138 3385 1248 3457 prefixi
1274 3385 1399 3440 minime
1424 3384 1507 3441 exol-

245 3505 319 3547 vere
339 3490 467 3559 curavit,
492 3489 635 3562 idemque
659 3490 794 3546 Thomas
817 3490 949 3559 villicus,
973 3507 1042 3548 euru
1068 3490 1105 3547 ad
1131 3489 1308 3546 falcandum
1335 3490 1438 3547 senilia
1455 3508 1507 3547 seu

246 3601 336 3669 prata
358 3595 498 3669 predicta
522 3597 679 3652 transisset
703 3595 802 3653 dictus
822 3596 977 3678 johannes
1002 3595 1088 3665 Bon,
1106 3590 1270 3672 (adunajtis
1294 3596 1354 3652 sihi
1378 3598 1508 3668 compli-

247 3702 334 3758 cibus
358 3702 387 3759 in
412 3701 530 3758 dictum
554 3701 696 3759 villicum
720 3708 750 3758 et
773 3717 879 3758 servos
902 3702 1029 3771 irruens,
1053 3709 1151 3758 certas
1167 3701 1366 3758 menbrorum
1391 3703 1509 3759 lecisset

247 3807 475 3877 wlneraciones,
511 3807 635 3864 tandem
670 3824 707 3864 ex
743 3807 920 3864 induccione
951 3808 1123 3880 proborum
1155 3808 1293 3863 virorum
1325 3825 1418 3880 super
1450 3808 1508 3864 hiis

247 3912 392 3970 omnibus
417 3912 512 3970 talem
536 3913 614 3969 inter
637 3929 702 3970 sese
726 3912 863 3969 iecerunt
890 3915 1042 3983 unionem,
1070 3913 1153 3986 quod
1186 3913 1329 3970 videlicet
1354 3913 1434 3970 idem
1457 3915 1509 3996 Jo-

248 4019 363 4076 hannes
388 4018 466 4076 Bozo
489 4017 617 4091 prefatis
640 4020 683 4076 sic
707 4018 864 4076 wlneratis
887 4035 941 4076 scu
963 4020 1132 4077 verberatis
1157 4026 1218 4076 tres
1241 4019 1372 4076 florenos
1395 4022 1461 4077 auri
1479 4022 1509 4077 in

249 4124 326 4181 sesto
357 4125 439 4182 beati
462 4125 582 4182 Thome
605 4125 738 4198 apostoli
761 4141 842 4183 nunc
866 4130 1032 4183 venturum
1063 4126 1240 4199 persolvere
1270 4131 1416 4194 teneatur,
1444 4127 1509 4199 ipse

247 4229 382 4287 Thomas
394 4230 519 4288 villicus
535 4231 633 4288 etalii
649 4231 768 4288 rurales
783 4232 900 4289 scilicet
916 4232 1094 4303 iobagiones
1106 4231 1237 4304 predicti
1248 4231 1396 4313 Johannis
1412 4232 1508 4303 Pauli,

248 4335 307 4394 filii
329 4334 485 4410 Stephani,
509 4336 571 4393 iam
594 4352 667 4410 sepe
689 4337 846 4408 nominati,
866 4337 941 4410 ipsis
963 4338 1133 4411 prehabitis
1157 4336 1286 4407 florenis
1311 4337 1441 4393 eundem
1458 4339 1510 4420 Jo-

249 4443 382 4499 hannem
405 4441 493 4514 Bozo,
517 4443 571 4516 qui
593 4458 665 4500 eum
688 4442 869 4517 expeditum
900 4449 930 4500 et
959 4459 1017 4516 per
1046 4444 1151 4501 omnia
1178 4444 1358 4500 absolutum
1380 4443 1510 4500 reddere

249 4546 408 4606 debebunt
430 4548 499 4621 ipso
523 4548 604 4606 facto
627 4549 681 4607 tali
705 4549 830 4607 vinculo
853 4549 1016 4620 mediante,
1037 4548 1120 4622 quod
1137 4550 1162 4606 si
1178 4550 1232 4621 qui
1248 4549 1387 4623 parcium
1409 4550 1509 4622 ipsam

250 4669 374 4713 causam
406 4655 518 4728 quovis
551 4654 646 4713 modo
680 4655 710 4712 in
745 4661 904 4729 posterum
932 4655 1064 4713 excitare
1091 4671 1144 4713 seu
1172 4656 1317 4713 innovare
1348 4671 1510 4729 presump-

251 4759 325 4818 serit
346 4759 379 4818 in
404 4759 514 4834 viginti
535 4761 672 4834 quinque
694 4759 817 4819 florenis
839 4762 907 4820 auri
929 4761 1002 4834 puri
1025 4761 1210 4834 vngaricalis
1236 4761 1459 4818 convincuntur
1481 4766 1511 4818 et
