3488 5242
642 342 714 398 Doc.
739 354 790 419 49.
818 375 854 382 —
880 339 935 396 An.
960 333 1050 396 1266.
1448 356 1486 416 41

1051 445 1456 452 ————-—-——--—
1474 445 1488 451 -

224 555 348 614 quoque
379 540 496 598 nullius
527 541 698 598 exaccionis
729 540 815 596 tallie
845 555 898 597 seu
930 539 1058 597 collecte
1088 539 1140 596 vel
1172 537 1337 596 cuiuslibet
1364 538 1513 611 publice·

226 647 403 716 funccionis,
427 653 479 703 aut
503 622 637 703 aliorum
660 646 863 703 serviciorum
885 646 984 702 honus
1007 645 1112 702 subire
1135 644 1290 714 volumus,
1315 642 1369 701 sed
1392 644 1453 701 sint
1473 660 1492 701 a

232 753 421 827 prestacione
445 768 550 809 earum
575 753 604 809 in
629 757 816 825 perpetuum
839 751 931 809 liberi
960 756 989 808 et
1021 751 1168 808 inmunes.
1200 750 1245 808 lta
1268 760 1379 821 tamen,
1406 749 1490 823 quod

225 858 364 933 predicto
388 858 458 914 duci
483 857 562 928 Bele,
586 857 749 914 karissimo
772 857 839 915 filio
862 862 976 926 nostr0,
1002 856 1207 929 quadraginta
1230 871 1349 913 mareas
1375 857 1491 913 solum·

226 965 320 1022 modo
337 965 366 1021 in
383 965 484 1021 usuali
501 970 632 1033 moneta,
648 962 863 1035 cuiusquidem
880 969 1002 1019 monete
1018 962 1147 1019 ducente
1164 977 1257 1036 pense
1279 961 1491 1034 predictarum

226 1070 429 1143 quadraginta
455 1085 628 1126 marcarum
653 1070 794 1126 valorem
817 1070 1005 1140 contingunt,
1030 1069 1059 1125 in
1084 1068 1134 1126 die
1157 1074 1361 1139 strennarum,
1385 1075 1414 1124 et
1430 1082 1491 1125 non

226 1183 296 1233 ante
320 1192 419 1247 neque
443 1181 520 1248 post,
545 1175 605 1247 ipsi
628 1174 722 1232 iidem
752 1176 834 1231 cives
857 1190 914 1248 per
937 1175 1064 1232 nuncios
1087 1190 1158 1232 suos
1181 1173 1299 1247 precise
1322 1182 1352 1231 et
1375 1173 1493 1245 absque

227 1282 475 1355 interpellatione
499 1281 639 1354 qualibet
663 1281 786 1337 mittere
809 1285 838 1337 et
861 1281 984 1337 solvere
1007 1295 1065 1354 pro
1088 1296 1180 1338 censu
1203 1294 1304 1338 annuo
1323 1285 1492 1337 teneantur.

227 1388 429 1445 Condiciones
453 1388 556 1459 itaque
580 1394 610 1442 et
633 1386 793 1443 libertates
813 1386 972 1459 hospitum
989 1402 1042 1443 seu
1059 1387 1174 1445 civium
1191 1387 1222 1444 in
1237 1386 1376 1460 predicto
1393 1391 1492 1443 castro

229 1492 438 1549 habitancium
462 1500 492 1548 et
515 1491 775 1562 conveniencium,
804 1507 881 1564 quas
904 1492 964 1565 ipsi
988 1492 1068 1549 inter
1091 1507 1123 1549 se
1146 1490 1285 1550 fecerunt
1308 1497 1337 1548 et
1360 1507 1416 1548 nos
1439 1507 1493 1566 ap-

229 1600 432 1673 probavimus
462 1600 538 1656 tales
571 1598 738 1656 habentur:
772 1596 864 1670 Quod
886 1599 912 1655 si
936 1597 1031 1654 iidem
1052 1598 1190 1671 hospites
1213 1597 1264 1655 vel
1288 1598 1371 1655 cives
1394 1599 1424 1655 in
1448 1596 1493 1655 di·

227 1705 334 1762 strictu
357 1705 524 1777 Hungarie,
546 1703 715 1774 Dalmacie,
732 1702 898 1776 Crowacie‚
914 1702 1077 1762 Sclauonie
1100 1705 1226 1778 spoliati
1248 1704 1301 1761 vel
1324 1704 1416 1762 occisi
1438 1719 1495 1777 per

229 1812 364 1868 latrones
389 1811 440 1867 vel
464 1812 542 1867 alios
566 1809 781 1867 malefactores
805 1809 927 1882 fuerint,
958 1810 1102 1868 dominus
1125 1817 1206 1868 terre
1229 1811 1260 1867 in
1284 1827 1346 1884 qua
1368 1811 1494 1884 spoliati

227 1923 279 1974 aut
303 1918 393 1974 occisi
420 1916 540 1985 fuerint,
557 1918 699 1974 estimata
719 1918 888 1989 quantitate
904 1917 1041 1991 pecunie,
1058 1918 1144 1975 iuxta
1159 1918 1324 1976 arbitrium
1341 1919 1493 1975 bonorum

227 2025 366 2081 virorum
390 2031 420 2080 et
443 2028 671 2080 sacramentum
702 2023 877 2079 concivium
907 2022 946 2080 ad
970 2023 1028 2080 hoc
1052 2024 1220 2081 electorum
1244 2024 1297 2081 vel
1320 2025 1426 2081 ablata
1449 2040 1495 2080 re-

228 2129 344 2199 fundat,
380 2129 431 2186 vel
470 2128 702 2185 malefactorem
735 2128 894 2186 ostendere
925 2135 1072 2200 teneatur,
1104 2135 1156 2186 aut
1188 2128 1347 2188 homicidii
1383 2145 1495 2204 penam

228 2238 338 2306 solvat,
351 2236 436 2293 iuxta
450 2235 587 2291 Ducatus
603 2234 766 2291 Sclauonie
782 2234 1035 2292 consuetudinem
1049 2236 1264 2309 approbatam.
1277 2235 1363 2307 ltem,
1379 2235 1497 2292 tributa

229 2342 309 2399 infra
332 2342 452 2414 regales
476 2342 624 2398 terminos
648 2341 679 2397 in
701 2341 789 2399 nullo
815 2342 883 2398 loco
906 2342 1029 2398 solvere
1053 2347 1219 2399 teneantur.
1246 2340 1332 2412 Item,
1357 2341 1496 2413 quicum·

230 2464 289 2521 que
312 2448 387 2505 civis
411 2448 508 2504 alium
535 2447 635 2503 civem
669 2448 840 2521 vituperiis
864 2441 1021 2520 oprobriis
1051 2453 1105 2505 aut
1135 2447 1330 2505 contumeliis
1350 2447 1496 2520 affecerit,

229 2555 255 2611 si
278 2554 348 2611 inde
379 2555 537 2611 convictus
569 2552 669 2623 fuerit,
700 2553 765 2610 leso
797 2552 905 2610 decem
935 2569 1054 2626 pensas,
1086 2553 1115 2611 in
1140 2568 1319 2610 communes
1347 2568 1497 2626 expensas

232 2667 354 2717 centum
378 2659 520 2716 denarios
544 2660 660 2725 solvat;
684 2659 737 2732 qui
761 2661 786 2716 si
802 2665 873 2733 post
889 2661 1003 2717 trinam
1019 2659 1247 2718 correccionem
1264 2676 1297 2717 se
1315 2675 1377 2718 non
1392 2674 1496 2717 emen·

230 2767 358 2835 daverit,
382 2767 475 2823 rebus
493 2767 637 2823 omnibus
654 2766 684 2822 in
702 2781 865 2823 commune
881 2765 1045 2839 applicatis
1061 2771 1210 2838 tanquam
1225 2763 1350 2823 infamis
1370 2765 1408 2822 de
1424 2765 1498 2822 civi·

230 2882 291 2930 tate
315 2873 447 2945 turpiter
470 2872 653 2945 expellatur.
677 2870 710 2930 Si
733 2872 803 2945 quis
826 2872 920 2929 etiam
951 2873 1077 2945 alapam
1107 2872 1199 2930 alteri
1222 2871 1344 2929 dederit
1366 2871 1419 2928 vel
1442 2888 1499 2945 per

230 2980 328 3036 crines
352 2980 510 3037 maliciose
534 2980 670 3049 traxerit,
695 2979 824 3036 eandem
848 2994 961 3052 penam
979 2979 1137 3052 paciatur;
1160 2979 1186 3035 si
1209 2994 1285 3034 vero
1310 2978 1375 3049 hec,
1399 2976 1499 3035 iudice

231 3085 355 3142 sedente
379 3100 436 3158 pro
462 3085 609 3142 tribunali
632 3086 683 3141 vel
706 3085 783 3141 alias
809 3086 1000 3157 ubicumque
1032 3085 1063 3141 in
1094 3085 1159 3142 eius
1183 3090 1348 3158 conspectu
1374 3083 1404 3141 id
1430 3099 1499 3156 per·

232 3199 353 3265 petrare
386 3192 595 3264 presumserit,
627 3208 705 3263 pena
737 3190 827 3263 dupli
857 3192 1026 3264 plectatur;
1061 3190 1144 3264 quod
1168 3192 1193 3249 si
1216 3191 1275 3248 hoc
1305 3191 1336 3247 in
1368 3204 1499 3265 persona

232 3297 341 3354 iudicis
364 3298 416 3354 vel
440 3299 648 3369 cuiuscunque
672 3299 718 3354 sui
742 3299 904 3355 assessoris
935 3297 966 3354 id
994 3298 1211 3369 attemtaverit,
1242 3296 1349 3354 decem
1379 3312 1500 3354 marcas

232 3404 348 3460 usualis
371 3410 494 3460 monete
519 3418 575 3475 pro
600 3419 678 3476 pena
703 3405 852 3474 exsolvat,
877 3403 961 3475 quod
991 3404 1017 3460 si
1052 3402 1202 3460 solvendo
1225 3419 1287 3459 non
1311 3401 1411 3472 fuerit,
1435 3417 1500 3458 ma·

234 3525 307 3565 num
332 3510 460 3566 amittat.
485 3508 516 3566 Si
541 3510 609 3580 quis
634 3526 708 3566 vero
725 3511 848 3579 cute110,
865 3508 979 3581 gladio,
997 3509 1103 3566 lancea
1123 3515 1175 3564 aut
1191 3508 1302 3580 sagitta
1317 3514 1370 3564 aut
1393 3507 1500 3581 aliquo

233 3616 286 3671 tali
318 3614 413 3671 modo
442 3616 539 3671 alium
560 3616 771 3672 vulneraverit
793 3622 822 3671 et
847 3616 1028 3671 vulneratus
1051 3614 1116 3671 sine
1139 3613 1260 3671 defectu
1284 3614 1500 3671 membrorum

234 3729 393 3778 resanatus
418 3721 519 3789 fuerit,
543 3721 666 3778 medico
690 3722 745 3778 lesi
769 3721 946 3791 satisfaciat,
970 3727 1000 3777 et
1021 3720 1086 3777 leso
1103 3720 1213 3792 viginti
1230 3719 1366 3792 quinque
1382 3735 1501 3792 pensas,

236 3828 372 3900 quinque
396 3843 471 3883 vero
495 3826 533 3882 ad
559 3843 631 3883 usus
659 3828 791 3883 civitatis
816 3827 990 3900 persolvat;
1014 3826 1040 3883 si
1064 3827 1191 3883 veroin
1216 3826 1322 3898 aliquo
1343 3825 1501 3882 membro·

232 3948 301 3989 rum
326 3932 505 3989 debilitatus
530 3933 630 4003 fuerit,
653 3932 773 3989 medico
797 3933 854 3990 lesi
877 3932 1052 3999 satisfaciat,
1069 3939 1098 3988 et
1120 3932 1185 3989 leso
1209 3931 1316 3988 decem
1337 3946 1456 3988 marcas
1472 3938 1502 3988 et

233 4038 271 4096 ad
296 4055 368 4095 usus
394 4040 526 4095 civitatis
550 4039 626 4095 duas
650 4055 771 4096 marcas
795 4040 961 4112 persolvat.
987 4037 1020 4097 Si
1044 4040 1113 4112 quis
1136 4053 1211 4095 vero
1227 4039 1384 4096 hominem
1409 4039 1501 4095 inter·

234 4145 339 4202 fecerit
363 4152 392 4201 et
417 4145 592 4216 auffugerit,
610 4145 670 4201 due
694 4151 799 4217 partes
814 4160 919 4202 rerum
937 4160 1062 4201 suarum
1081 4144 1189 4201 cedant
1206 4144 1385 4217 parentibus
1402 4143 1502 4216 occisi,

235 4267 307 4323 pars
332 4251 426 4307 tercia
450 4251 582 4319 eivitati;
615 4252 640 4307 si
671 4257 775 4308 autem
800 4260 908 4324 captus
931 4250 1032 4318 fuerit,
1056 4249 1225 4308 secundum
1248 4249 1501 4308 consvetudinem

233 4358 272 4413 de
299 4357 369 4430 ipso
393 4357 529 4414 vindicta
553 4364 735 4428 summatur,
759 4358 817 4414 nisi
842 4357 911 4430 quis
927 4357 958 4413 in
974 4356 1050 4413 ludo
1065 4358 1130 4413 sine
1145 4355 1351 4429 premeditata
1379 4355 1503 4412 malicia

235 4463 372 4535 aliquem
389 4463 585 4533 interfecerit,
612 4465 641 4520 in
658 4465 717 4521 hoc
733 4464 815 4522 enim
833 4479 905 4521 casu
921 4468 1044 4519 centum
1061 4477 1172 4534 pensas
1189 4462 1326 4534 cognatis
1341 4460 1502 4529 interfecti,

235 4570 345 4641 viginti
375 4585 449 4626 vero
471 4586 580 4642 pensas
604 4570 641 4626 ad
667 4585 847 4627 communes
870 4584 943 4626 usus
970 4567 1113 4625 refundat
1137 4567 1321 4637 interfector,
1338 4567 1387 4624 cui
1410 4567 1435 4625 si
1459 4566 1503 4623 fa·

235 4676 333 4733 cultas
368 4690 427 4732 non
445 4675 608 4746 suffecerit,
627 4676 742 4733 civium
758 4675 889 4734 arbitrio
904 4675 1105 4748 relinquatur.
1121 4673 1207 4744 Item,
1223 4673 1334 4745 siquis
1350 4672 1388 4730 de
1404 4679 1504 4730 extra·

243 4783 309 4841 neis
329 4784 446 4840 intrans
468 4782 634 4854 civitatem,
651 4782 716 4839 sive
732 4781 763 4839 in
780 4781 858 4854 vico,
874 4783 940 4839 sive
956 4781 986 4838 in
1002 4779 1097 4838 domo
1113 4780 1178 4837 sive
1195 4779 1225 4837 in
1241 4776 1310 4836 foro
1325 4778 1449 4850 similia,
1472 4782 1507 4835 ut
