3488 5242
511 320 584 379 Dae.
602 334 655 397 33.
674 335 729 397 34.
746 332 799 398 35.
817 316 873 398 36.
900 354 936 363 -
963 319 1021 379 An.
1046 317 1258 398 1257-1258.

352 548 400 596 nn.
422 555 495 605 1257,
851 513 913 579 33.

246 655 416 714 Alexander
439 657 461 713 I
464 656 493 713 V.
516 657 603 731 Papa
627 658 757 725 concedit,
780 665 814 715 ut
827 658 906 731 festa
927 677 949 714 s.
975 657 1119 732 Stephani
1142 661 1220 731 regis
1242 660 1272 714 e'n
1291 660 1405 716 ecelesia
1420 658 1515 717 cathe-

245 762 327 819 drali
355 763 545 837 aagrabiensi,
576 764 770 837 indulgentiae
802 765 888 821 unius
919 765 994 820 anui
1022 773 1051 822 et
1078 779 1121 842 510
1149 766 1259 822 dierum
1284 766 1513 839 promulgentur,

334 909 414 966 Nota
437 910 543 978 eciam,
567 908 650 982 quod
674 910 732 966 sub
757 910 845 967 bulla
863 909 1032 968 Alexandri
1054 927 1134 985 pape
1152 911 1263 983 quarti,
1280 919 1422 969 emanata
1438 927 1513 985 pon·

245 1015 379 1073 tificatus
403 1016 450 1072 sui
474 1031 553 1072 anno
577 1017 680 1087 tercio,
704 1016 884 1087 continetur,
917 1016 1000 1089 quod
1032 1017 1221 1090 quicumque
1252 1017 1360 1074 fideles
1391 1018 1513 1075 contriti

245 1127 274 1179 et
297 1119 428 1178 confessi
451 1121 483 1178 in
507 1121 584 1178 festo
605 1122 700 1178 sancti
725 1121 806 1194 regis
829 1120 978 1195 Stephani
1012 1121 1206 1179 visitaverint
1236 1123 1401 1179 ecclesiam
1425 1137 1512 1179 suam

246 1225 404 1299 Zagrabie,
429 1226 544 1283 habent
567 1224 779 1298 indulgencias
802 1227 892 1283 unius
915 1228 986 1284 anni
1010 1234 1040 1284 et
1064 1226 1267 1299 quadraginta
1291 1226 1420 1285 dierum.

331 1363 405 1428 Joan.
426 1361 542 1411 Tkateic'.
563 1362 630 1411 lion.
651 1361 710 1411 hist.
731 1361 808 1427 episc.
828 1363 934 1428 zagrab.
956 1369 1016 1412 tom.
1033 1361 1065 1412 11.
1087 1379 1112 1428 p.
1135 1372 1190 1420 103.

349 1594 397 1641 An.
421 1600 494 1650 1257.
845 1557 910 1623 34·

245 1702 415 1759 Alexander
437 1703 491 1760 JV.
517 1703 614 1777 Papa,
633 1703 757 1760 concedit
777 1709 810 1759 ut
823 1703 902 1775 festo
924 1721 945 1758 s.
966 1702 1103 1758 Ladtslai
1122 1704 1197 1774 rege's
1220 1704 1250 1758 in
1273 1704 1334 1759 ecel.
1351 1701 1514 1760 cathedrali

432 1809 627 1882 indulgentiae
649 1809 735 1865 unius
758 1809 832 1864 anni
852 1817 881 1865 et
900 1822 944 1885 40
966 1808 1076 1865 dierum
1095 1810 1323 1881 promulgentur.

332 1953 407 2009 item
432 1953 462 2011 in
488 1953 564 2010 sesto
588 1954 670 2010 beati
693 1954 775 2023 tegis
799 1952 943 2022 Ladizlai,
969 1953 1046 2009 sicut
1062 1953 1122 2009 sub
1138 1952 1226 2009 bulla
1244 1953 1413 2012 Alexandri
1428 1971 1509 2029 pape

241 2055 353 2132 quarti,
377 2068 518 2118 emanata
542 2059 740 2133 pontificatus
763 2060 809 2116 sui
833 2074 912 2116 anno
936 2061 1040 2127 tercio,
1063 2060 1243 2129 continetur,
1260 2060 1392 2118 habetur
1408 2061 1509 2119 indul-

238 2166 348 2238 gencia
373 2168 462 2224 unius
486 2141 561 2224 anni
579 2173 609 2223 et
632 2166 838 2239 quadraginta
861 2165 990 2224 dierum.

329 2302 402 2366 Joan.
422 2301 536 2353 Tkateie.
556 2302 626 2352 Mon.
647 2302 707 2352 hist.
725 2302 803 2367 episc.
823 2303 928 2367 zagrab.
948 2308 1008 2352 tom.
1029 2302 1063 2356 11.
1083 2318 1107 2367 p.
1129 2312 1185 2360 103.

844 2495 904 2561 35.

347 2585 394 2633 An.
412 2585 476 2643 1258
491 2593 530 2638 27·
546 2584 616 2633 maii.
632 2583 757 2632 Viterbii.

241 2690 411 2748 Alexander
433 2692 488 2750 IV.
506 2700 586 2765 pant.
611 2711 688 2749 max.
713 2695 838 2768 miscapa
868 2694 1053 2767 aagrabiensi
1082 2688 1224 2767 Pompo,
1248 2695 1391 2750 eeclesiam
1412 2693 1506 2750 catlte-

417 2798 526 2855 dralem
550 2800 580 2855 iu
604 2800 662 2878 laea
685 2800 795 2873 aptiori
814 2800 996 2857 causauendi
1016 2799 1140 2856 coneedit
1152 2800 1334 2874 facultatem.

327 2942 505 3001 Alexander
528 2944 692 3015 episcopus
716 2959 823 3001 servus
847 2959 1009 3002 servorum
1033 2943 1090 3001 dei.
1115 2943 1295 3000 Venerabili
1320 2942 1407 2999 fratri
1423 2936 1505 3017 (Phi-

239 3040 340 3125 lippo)
361 3050 508 3123 episcopo
531 3050 721 3122 zagabriensi
745 3051 878 3108 salutem
902 3057 931 3107 et
955 3051 1158 3123 apostolicam
1183 3047 1437 3106 benedictionem.
1460 3047 1505 3105 Ex

238 3159 289 3211 tue
313 3154 486 3213 devotionis
510 3156 682 3213 sinceritate
706 3158 843 3226 mereris,
867 3157 954 3214 utin
978 3156 1192 3230 peticionibus,
1209 3171 1286 3227 quas
1302 3154 1392 3211 nobis
1413 3152 1505 3227 digne

239 3261 382 3333 porrigis,
407 3261 611 3318 exauditionis
634 3263 765 3333 gratiam
790 3264 970 3335 assequaris
1003 3262 1082 3319 Cum
1114 3263 1215 3333 igitur,
1240 3262 1317 3317 sicut
1341 3261 1430 3317 nobis
1454 3276 1504 3317 ex-

238 3379 352 3439 ponere
383 3367 544 3437 curavisti,
575 3367 735 3424 ecclesiam
775 3368 1015 3439 zagabriensem,
1048 3382 1107 3439 que
1138 3368 1167 3423 in
1197 3367 1267 3423 loco
1299 3366 1400 3422 minus
1430 3371 1504 3437 apto

238 3478 412 3530 constructa
434 3474 571 3530 minatur
593 3474 724 3542 ruinam,
748 3475 855 3547 cupias
879 3475 909 3530 in
934 3475 1203 3553 loco-construere
1227 3472 1326 3543 magis
1349 3476 1432 3543 apt0,
1448 3485 1504 3526 nos

238 3579 298 3634 tuis
321 3579 467 3651 precibus
489 3578 634 3648 inclinati,
659 3578 853 3635 construendi
886 3579 1040 3651 prefatam
1072 3578 1233 3635 ecclesiam
1258 3577 1287 3632 in
1312 3576 1381 3632 loco
1405 3577 1504 3647 magis

140 3738 144 3744 .
239 3682 351 3741 idoneo
374 3690 404 3741 et
427 3684 594 3741 accomodo
619 3685 751 3741 liberam
783 3686 840 3742 tibi
871 3687 1051 3743 auctoritate
1082 3685 1272 3758 presentium
1305 3681 1503 3740 concedimus

239 3780 428 3847 facultatem.
452 3789 569 3847 Datum
592 3790 732 3847 Viterbii.
758 3791 810 3847 llll
835 3791 982 3849 kalendas
1003 3792 1094 3875 Junii.
1119 3792 1208 3847 Anno
1232 3797 1349 3862 quarto

325 3925 365 3973 Ex
385 3940 440 3990 reg.
461 3925 528 3989 orig.
548 3926 695 3975 Alexandri
715 3926 761 3975 IV.
781 3941 820 3975 an.
840 3926 886 3975 IV.
906 3942 945 3991 ep.
970 3937 1024 3987 143.
1044 3930 1075 3975 Α.
1093 3927 1225 3981 Theiner;
1245 3926 1313 3975 Mon.
1334 3926 1392 3975 hist.
1413 3926 1494 3989 Hung

238 4019 299 4063 tom.
320 4013 338 4063 Ι.
359 4029 383 4078 p.
402 4014 460 4071 236.

342 4192 390 4239 nn.
414 4191 478 4248 1258
499 4200 521 4248 5.
535 4191 609 4256 Jutii.
840 4157 903 4222 36.

237 4300 311 4356 Besa
336 4300 393 4370 JV,
417 4301 597 4374 Hungareae
619 4310 666 4360 ete.
692 4320 753 4370 rex,
772 4303 923 4368 constituit,
948 4309 980 4358 ut
993 4301 1073 4360 cloes
1088 4302 1122 4358 de
1136 4309 1228 4358 monte
1250 4301 1352 4359 Greelr.
1368 4303 1502 4358 ducentas

236 4407 428 4462 tantummodo
447 4416 555 4479 pensas
570 4416 630 4481 pra
645 4426 743 4464 ariano
765 4425 848 4463 censu
871 4407 944 4463 bana
967 4408 1088 4463 salvant.
1114 4406 1255 4480 Assignat
1271 4426 1381 4482 quaque
1397 4408 1500 4464 eisdem

460 4514 491 4569 in
514 4531 601 4571 usum
625 4521 732 4571 terram
755 4514 888 4586 regalem,
911 4531 998 4587 quam
1023 4512 1144 4570 Soe'blan
1168 4521 1277 4570 uacant.

324 4655 398 4714 Bela
421 4656 470 4715 dei
494 4657 599 4730 gracia
621 4659 788 4731 Hungarie‚
811 4658 981 4727 Dalmacie,
998 4657 1156 4728 Crohacie,
1173 4658 1279 4727 Rome,
1296 4656 1410 4724 Seruie,
1426 4657 1500 4714 Gal·

235 4761 315 4832 licie,
339 4762 523 4821 Lodomerie
546 4763 757 4837 Cumanieque
779 4780 842 4822 rex.
866 4763 1020 4822 Omnibus
1050 4768 1208 4837 presentes
1238 4764 1357 4821 litteras
1380 4765 1499 4838 inspec-
