3488 5242
650 352 723 409 Duc.
747 348 818 425 196.
845 386 880 393 -
907 351 966 408 ,la
986 367 1077 428 1544

341 708 418 755 Am
438 715 512 763 1344
530 721 550 768 1,
577 706 738 771 episima.
757 705 912 770 Zagrabim

238 832 396 892 labemur
410 834 601 908 privilegium
622 833 779 909 humilibus
800 836 832 890 in
854 853 931 890 nuru
954 836 1037 903 ailla,
1060 835 1162 908 ‚hta
1184 848 1250 890 ces·
1282 831 1501 906 cnugngandis.

628 959 649 996 a
669 941 797 1016 cupr'lulo
818 941 936 1014 augrub.
957 943 1109 1015 elargitur.

324 1085 505 1159 Capitulum
522 1086 649 1143 eclesie
663 1086 878 1158 zagrabiensis.
897 1085 1058 1144 L‘nirersis
1074 1086 1269 1158 presencium
1284 1086 1430 1141 noticiam
1447 1085 1501 1140 ha·

238 1193 347 1251 bituris
375 1192 506 1249 salutem
537 1193 567 1249 in
598 1190 726 1249 domino
756 1193 985 1265 sempiternam.
1015 1190 1102 1249 Ordo
1132 1202 1216 1248 recte
1244 1191 1502 1248 consideracionis

236 1300 384 1371 exposcit,
408 1306 441 1353 ut
464 1298 516 1357 hit.
539 1298 591 1370 qui
616 1296 655 1353 de
675 1297 755 1370 stipe
777 1299 984 1355 ecclesiastica
1005 1308 1222 1366 sustentantur,
1245 1308 1311 1353 tuto
1334 1312 1425 1369 posse
1447 1312 1502 1351 sue

236 1403 365 1461 eclesie
388 1403 536 1460 herrorem
561 1412 774 1477 promoveant,
797 1404 964 1461 utilitatem
986 1403 1145 1460 attendant
1167 1414 1197 1459 et
1218 1414 1334 1459 statum
1357 1403 1424 1458 eius
1447 1402 1502 1457 io·

238 1522 312 1567 num
334 1517 482 1582 appetant
505 1507 705 1581 profuturum
729 1510 925 1582 presentibus
947 1520 978 1567 et
1002 1509 1121 1566 tuturis.
1145 1509 1214 1566 Hiis
1236 1510 1331 1580 igitur
1355 1508 1499 1580 pensatis,

238 1622 353 1672 terram
376 1621 523 1683 nestram,
545 1630 626 1671 nunc
649 1629 708 1688 pro
729 1615 820 1672 nobis
849 1615 1001 1684 inutilem,
1030 1631 1069 1671 ex
1100 1624 1233 1686 utraque
1261 1622 1348 1687 parte
1371 1615 1421 1670 rie
1444 1630 1500 1686 pu·

240 1719 322 1795 plioe
342 1717 382 1775 de
406 1719 475 1776 rim
496 1727 603 1777 nostro
625 1719 805 1794 prodeuntis
829 1737 937 1778 uersus
960 1731 1089 1789 montes,
1113 1738 1131 1777 a
1154 1721 1239 1778 curia
1262 1719 1432 1777 canonicali
1448 1719 1503 1775 ha·

240 1824 402 1882 litationis
423 1823 541 1882 domini
565 1825 712 1900 Stephani
737 1826 946 1885 archidiaconi
961 1826 1001 1883 de
1016 1826 1159 1893 ll'arasd,
1175 1827 1373 1884 concanonici
1396 1824 1503 1885 nostri.

239 1931 269 1988 in
292 1946 355 2005 qua
376 1938 424 1988 est
445 1928 558 1987 domus
583 1932 705 2005 lapidea
730 1949 786 2005 per
809 1933 914 2006 ipsum
936 1932 1098 1990 dominum
1122 1931 1314 2005 Stephanum
1338 1930 1502 1989 hedificata

238 2046 267 2093 et
293 2037 412 2107 situata,
435 2052 474 2093 ex
497 2053 576 2094 nunc
599 2036 787 2111 deputamus
810 2055 867 2112 pro
899 2040 977 2096 villa
1007 2048 1113 2095 nostra
1136 2039 1235 2096 libera
1263 2047 1294 2094 et
1318 2052 1376 2110 pro
1399 2037 1503 2108 bospi-

239 2142 323 2200 tibus
346 2142 434 2199 inea
458 2141 647 2201 orllrxandis
671 2146 829 2218 perpetuis
853 2145 1048 2218 temporibus
1071 2143 1279 2217 optinendam
1305 2145 1384 2199 Ante
1400 2143 1504 2199 omnia

239 2250 333 2321 igitur
355 2246 393 2305 ad
419 2248 557 2323 ipsorum
582 2256 757 2308 nostrorum
782 2252 940 2325 hospitum
963 2253 1029 2307 sire
1051 2252 1168 2307 civium
1188 2266 1279 2308 usum
1305 2247 1504 2306 concedimus

239 2362 270 2412 et
292 2353 444 2413 donamus
467 2363 561 2413 totam
587 2361 700 2413 terram
725 2364 828 2415 nostre
851 2357 1082 2414 communitatis
1105 2355 1144 2413 de
1169 2355 1333 2413 Bukoucha
1349 2371 1421 2411 cum
1440 2355 1502 2410 suis

240 2462 425 2520 utilitatibus
448 2469 477 2519 et
501 2463 697 2537 pertinenciis
719 2465 977 2536 quibuscumque,
1000 2463 1098 2532 salto,
1122 2462 1207 2535 quod
1231 2473 1408 2519 nostrorum
1432 2477 1503 2517 eon·

239 2568 415 2626 canicorum
441 2567 528 2624 tinec
550 2575 578 2624 et
601 2568 734 2627 aliorum
758 2584 1028 2641 quorumcumque
1051 2576 1269 2625 extraneorum
1293 2566 1420 2634 ibidem,
1450 2581 1503 2623 no-

227 2681 302 2749 stre
330 2671 519 2731 ordinacioni
551 2683 581 2730 et
611 2672 819 2747 disposicioni‚
849 2675 928 2732 sicut
960 2676 1114 2732 hactenus.
1150 2673 1361 2741 subiacebunt,
1397 2686 1506 2742 ymmo

239 2779 336 2837 eciam
361 2779 419 2852 ipsi
443 2780 580 2852 hospites
603 2796 673 2837 suas
706 2781 818 2849 vineas,
846 2782 954 2853 vigore
985 2789 1162 2837 nostrarum
1187 2780 1361 2835 litterarum
1385 2777 1504 2833 obtine

240 2885 324 2943 bunt.
348 2884 435 2958 lpsos
459 2893 562 2942 autem
587 2885 723 2959 hospites
754 2886 852 2943 libere
882 2885 958 2944 ville
989 2891 1091 2942 nostre
1123 2886 1271 2941 volumus
1300 2892 1369 2940 ante
1401 2883 1505 2939 omnia

239 2993 296 3050 hac
322 2991 520 3065 prerogativa
542 2991 686 3063 gaudere,
709 2991 919 3061 concedentes,
943 2999 977 3048 ut
1001 2991 1059 3064 ipsi
1083 2991 1240 3047 annuatim
1265 2989 1405 3046 kalendis
1422 2989 1506 3055 maii,

239 3105 308 3156 ante
333 3095 507 3171 prandium,
533 3112 587 3170 per
611 3112 682 3154 suos
705 3103 837 3170 quatuor
861 3096 1148 3170 compromissarios
1164 3096 1223 3152 sibi
1242 3096 1364 3151 valeant
1388 3095 1505 3165 eligere

241 3204 390 3272 villicum,
415 3204 467 3275 qui
492 3219 544 3261 eos
567 3210 596 3260 et
621 3204 759 3276 ipsorum
783 3204 922 3275 singulos
952 3218 988 3258 ac
1019 3203 1097 3259 alios
1120 3201 1309 3258 habitatores
1333 3198 1449 3256 ibidem
1473 3200 1503 3255 in

242 3311 364 3367 casibus
387 3324 405 3366 a
429 3308 494 3367 iure
519 3325 577 3366 non
601 3309 848 3383 discrepantibus
872 3310 984 3365 habeat
1001 3314 1031 3365 et
1048 3309 1143 3380 possit
1161 3307 1296 3363 iudicare
1313 3308 1342 3362 in
1359 3306 1504 3362 omnibus

242 3417 341 3475 causis
363 3415 510 3474 civilibus
533 3427 563 3473 et
586 3415 799 3473 criminalibus
820 3416 953 3473 civiliter
983 3416 1082 3484 motis,
1099 3413 1246 3470 adhibitis
1263 3428 1367 3469 secum
1384 3411 1506 3468 duobus

242 3524 363 3583 civibus
386 3522 600 3589 assessoribus,
625 3520 740 3579 ibidem
765 3522 1037 3579 commorantibus.
1062 3520 1094 3577 ln
1117 3521 1216 3577 causis
1240 3527 1344 3575 autem
1361 3517 1503 3574 crimina-

243 3631 333 3698 libus,
357 3630 434 3686 sicut
458 3628 622 3700 sanguinis,
647 3628 807 3696 latrocinii,
833 3626 914 3697 furti,
931 3626 1062 3684 incendii
1086 3634 1116 3683 et
1140 3625 1295 3682 similibus
1311 3638 1381 3680 cum
1400 3629 1505 3679 nostro

243 3736 343 3795 iudice
367 3735 507 3793 seculari.
528 3735 594 3792 lloc
617 3749 771 3807 expresso,
796 3733 879 3806 quod
904 3734 1035 3805 quilibet
1059 3733 1135 3789 civis
1158 3733 1223 3787 sire
1244 3731 1365 3803 hospes,
1381 3743 1505 3785 causam

243 3858 329 3902 suam
355 3841 480 3899 civilem
505 3841 553 3898 vel
578 3840 771 3897 criminalem
804 3840 938 3897 civiliter
962 3845 1087 3907 motam,
1111 3853 1128 3893 a
1152 3837 1308 3909 presencia
1330 3835 1427 3891 villici
1456 3832 1506 3888 vel

243 3949 352 4009 iudicis
377 3956 562 4017 nostrorum,
590 3955 618 4004 et
635 3963 653 4003 a
671 3955 801 4018 utroque
817 3962 854 4002 ex
871 3961 962 4001 causa
986 3944 1167 4001 racionabili
1192 3943 1287 4015 possit
1311 3940 1348 3997 ad
1366 3945 1508 3997 nostrum

244 4070 372 4115 examen
398 4053 548 4111 deducere
573 4053 853 4124 quocienscumque
873 4059 902 4107 et
927 4049 1185 4122 quandocumque
1209 4046 1388 4119 expedierit,
1413 4044 1508 4117 depo·

244 4162 309 4219 sitis
335 4161 436 4235 primo
460 4167 529 4216 ante
554 4158 686 4215 iudicem
717 4174 806 4214 suum
839 4156 1001 4214 duodecim
1033 4155 1166 4212 denariis
1198 4159 1318 4210 monete
1347 4159 1417 4209 tunc
1441 4168 1508 4208 cur·

246 4269 346 4326 tentis.
371 4267 568 4339 Quicumque
598 4271 702 4321 autem
734 4279 858 4320 causam
889 4278 977 4319 suam
1009 4276 1068 4318 non
1102 4266 1230 4333 propter
1252 4274 1430 4330 gravamen,
1456 4257 1508 4314 sed

248 4372 360 4431 frivole
397 4372 503 4428 volens
527 4370 681 4427 declinare
713 4385 840 4426 examen
872 4369 919 4426 sui
951 4367 1068 4436 iudicis,
1093 4376 1121 4422 et
1145 4366 1184 4422 de
1207 4366 1263 4422 hoc
1288 4365 1376 4421 nobis
1400 4364 1510 4420 consti·

249 4480 326 4550 terit,
360 4479 452 4536 talem
486 4479 678 4536 remittemus
709 4476 748 4533 ad
780 4492 870 4532 suum
902 4474 1033 4532 iudicem
1059 4473 1318 4544 condempnatum
1344 4472 1455 4526 iterum
1480 4471 1509 4525 iu

248 4584 410 4643 duodecim
443 4583 584 4653 denariis,
617 4592 648 4639 ut
679 4598 782 4656 supra,
813 4580 970 4638 solvendis
1002 4594 1057 4635 suo
1089 4577 1192 4647 iudici,
1223 4577 1301 4633 sicut
1330 4577 1439 4649 prim0.
1464 4575 1510 4631 De

250 4691 451 4766 proventibus
474 4696 577 4747 autem
601 4687 917 4761 condempnacionum
951 4683 1128 4742 huiusmodi
1151 4690 1180 4739 et
1203 4682 1273 4741 aliis
1296 4683 1372 4739 iuste
1396 4696 1507 4754 prove·

247 4796 403 4857 trientibus
427 4795 521 4856 iudici
544 4794 759 4869 undecumque
774 4792 897 4852 racione
912 4792 959 4850 sui
976 4789 1136 4860 iudicatus,
1157 4789 1282 4847 villicus
1307 4788 1418 4845 habeat
1435 4785 1512 4842 duas
