3488 5242
649 339 723 398 Doc.
746 335 817 399 281.
844 370 881 380 -
906 336 963 395 An.
987 333 1077 414 1378.
1437 340 1497 415 269

234 539 366 596 termino
389 538 580 611 assignando.
614 537 731 594 Tamen
761 538 833 610 quia
856 551 912 595 nos
932 536 1106 609 predictum
1130 521 1292 595 dominum
1315 537 1499 611 episcopum

233 648 363 718 propter
398 644 563 701 nonnullas
590 649 709 700 nostras
736 642 951 716 expediciones
973 641 1013 699 ad
1041 642 1125 717 ipsas
1155 650 1279 700 octavas
1307 642 1368 700 diei
1398 642 1499 700 medie

234 748 469 821 quadragesime
500 748 567 805 illic
599 748 808 805 transmittere
840 763 900 805 non
922 747 1074 818 valemus,
1097 748 1165 821 ipsa
1188 756 1292 805 autem
1315 764 1406 806 causa
1429 764 1499 822 pre·

234 851 333 910 fatum
364 852 525 910 dominum
555 854 738 926 episcopum
768 868 902 910 unacum
934 852 1016 910 dicto
1046 869 1101 910 suo
1133 853 1271 927 capitulo
1294 855 1499 911 communiter

234 963 357 1030 tangere
385 957 585 1030 dignoscitur,
616 957 687 1015 ideo
717 957 873 1024 volumus,
904 964 937 1014 ut
969 958 1036 1031 ipsa
1059 973 1151 1015 causa
1174 962 1254 1015 statu
1278 959 1308 1016 in
1332 958 1442 1016 eodem
1467 959 1498 1015 in

234 1079 296 1136 quo
320 1064 428 1121 eadem
452 1081 509 1137 per
533 1066 739 1138 prescriptum
763 1065 909 1122 comitem
931 1065 1084 1146 Jacobum
1104 1065 1135 1121 in
1160 1065 1320 1137 presencia
1335 1065 1498 1122 memorati

233 1169 351 1228 domini
374 1171 447 1227 bani
470 1171 573 1228 existit
597 1171 784 1241 transmissa,
808 1171 840 1227 in
855 1170 917 1227 iam
934 1170 1023 1227 dictis
1039 1171 1156 1228 octavis
1172 1166 1233 1228 diei
1249 1170 1350 1228 medie
1367 1170 1499 1243 quadra-

227 1277 349 1347 gesime
372 1276 509 1333 incuria
532 1282 637 1333 nostra
659 1277 691 1333 in
714 1277 873 1348 presencia
896 1275 1034 1332 eiusdem
1058 1277 1181 1334 comitis
1204 1277 1312 1358 Jacobi
1336 1277 1388 1334 vel
1416 1277 1499 1335 vices

234 1382 373 1440 eiusdem
397 1383 428 1440 in
450 1381 585 1440 iudicatu
608 1383 750 1455 gerentis,
773 1382 834 1440 fine
858 1383 963 1441 debito
980 1384 1168 1440 terminetur.
1189 1381 1341 1455 Quocirca
1356 1382 1499 1440 fidelitati

233 1492 334 1544 vestre
365 1487 496 1545 tirmiter
526 1488 726 1562 precipiendo
759 1488 951 1559 mandamus,
983 1494 1133 1561 quatenus
1157 1488 1273 1545 octavis
1296 1488 1327 1544 in
1350 1488 1497 1561 predictis

235 1609 340 1650 coram
363 1593 504 1667 predicto
534 1595 646 1651 comite
676 1595 793 1676 Jacobo
816 1594 867 1652 vel
891 1595 974 1652 vices
998 1593 1135 1651 eiusdem
1161 1594 1190 1650 in
1214 1593 1348 1650 iudicatu
1373 1602 1497 1666 gerente

234 1715 414 1772 comparere
445 1699 584 1757 debeatis
613 1716 704 1758 causa
732 1701 762 1758 in
795 1701 954 1773 premissa,
984 1700 1116 1757 dictante
1140 1700 1215 1756 iuris
1238 1701 1379 1771 equitate,
1402 1699 1495 1757 finem

233 1805 394 1878 recepturi.
419 1805 533 1862 Datum
559 1806 650 1874 dude,
684 1807 777 1864 tercio
799 1806 849 1863 die
873 1804 942 1863 festi
966 1806 1213 1863 annunciacionis
1240 1805 1328 1862 beate
1359 1807 1495 1877 virginis.

180 1927 183 1934 ·
235 1912 324 1967 Anno
346 1910 464 1968 domini
488 1911 682 1968 MCCCLXX
706 1919 825 1969 octavo.

321 2026 460 2091 Originaie
479 2028 506 2076 in
526 2028 623 2077 charta.
644 2029 673 2078 In
692 2044 744 2092 qua
763 2028 919 2093 impressum
935 2035 974 2078 est
987 2035 1115 2078 secretum
1128 2029 1247 2094 sigillum
1260 2029 1338 2093 regis.
1353 2029 1383 2078 ln
1396 2029 1495 2079 archiv.

233 2116 250 2164 1.
270 2131 293 2166 r.
312 2114 361 2164 civ.
382 2116 485 2180 zagrab.

821 2294 902 2359 281.

339 2419 415 2466 Anno
437 2417 510 2473 1378,
530 2418 553 2466 8.
573 2415 676 2480 aprilis.
696 2415 725 2464 In
744 2415 881 2480 Vilegrad.

228 2526 358 2601 lacobus
373 2527 407 2582 de
424 2527 529 2600 Sccpus
544 2528 631 2583 iudex
645 2527 743 2584 curiae
758 2527 820 2582 iuri
837 2526 954 2583 dicendo
975 2528 1006 2582 in
1030 2544 1119 2584 causa
1139 2528 1215 2585 enter
1227 2529 1383 2601 episcopum
1405 2536 1434 2585 et
1453 2547 1499 2586 ca·

359 2634 483 2705 pt'tulum
508 2632 625 2704 zagrab.
648 2642 735 2707 atquc
756 2633 830 2690 ciues
858 2632 1039 2701 Grcclrcnses,
1063 2635 1213 2691 {trutinum
1227 2635 1374 2709 praefiget.

322 2776 384 2834 Nos
408 2793 511 2834 comes
533 2777 668 2860 Jacobus
692 2777 731 2834 de
753 2776 879 2850 scopus,
903 2778 996 2835 iudex
1024 2779 1108 2836 curie
1132 2785 1161 2834 et
1184 2779 1398 2835 universarum
1423 2779 1497 2836 civi-

234 2887 331 2939 tatum
355 2882 472 2940 domini
496 2882 652 2944 Lodouici.
676 2882 726 2940 dei
756 2884 860 2954 gracia
888 2885 970 2957 regis
1003 2885 1167 2957 Hungarie.
1199 2884 1318 2941 Damus
1348 2898 1407 2956 pro
1435 2900 1499 2941 me·

234 2988 342 3057 moria,
365 2987 448 3060 quod
473 3004 597 3045 causam
621 3004 715 3060 quam
739 2987 883 3045 domiuus
905 2989 1081 3046 Demetrius
1104 2990 1268 3062 episcopus
1292 2989 1419 3046 ecclesie
1451 3003 1499 3045 za·

233 3094 412 3165 grabiensis,
436 3109 495 3167 pro
518 3110 580 3166 quo
604 3094 747 3151 dominus
770 3094 905 3174 Jacobus
928 3093 1162 3151 archidiaconus
1185 3109 1256 3150 cum
1277 3094 1499 3166 procuratoriis

233 3199 343 3255 litteris
366 3199 504 3256 eiusdem
527 3200 623 3257 astitit
645 3206 751 3257 contra
773 3199 917 3269 iudicem,
942 3201 1058 3256 iuratos
1081 3205 1110 3256 et
1134 3199 1294 3256 universos
1319 3199 1402 3255 cives
1421 3198 1498 3256 Gre-

234 3304 368 3375 chenses,
391 3321 429 3361 ex
453 3306 566 3377 quibus
599 3306 793 3375 Laurencius,
825 3304 977 3377 Georgius
1008 3311 1037 3362 et
1068 3305 1241 3361 Anthonius
1272 3304 1363 3361 iurati
1386 3319 1444 3377 pro
1466 3320 1499 3360 se

233 3411 437 3482 personaliter
459 3418 489 3467 et
512 3426 570 3484 pro
593 3411 662 3468 aliis
687 3409 833 3483 predictis
863 3427 934 3468 cum
967 3411 1188 3485 procuratoriis
1220 3410 1330 3467 litteris
1360 3408 1499 3466 eiusdem

235 3516 367 3572 civitatis
391 3523 630 3588 comparuerunt
660 3531 754 3588 super
784 3515 872 3573 factis
904 3517 1152 3590 possessionariis
1175 3523 1205 3571 et
1228 3515 1369 3587 potencie
1392 3515 1423 3571 in
1447 3529 1498 3571 oc·

234 3622 314 3678 tavis
337 3622 398 3680 diei
429 3622 530 3679 medie
561 3622 796 3695 quadragesime
828 3638 933 3680 coram
966 3622 1055 3679 Petro
1087 3620 1188 3678 Zudar
1219 3621 1305 3691 regni
1335 3617 1499 3676 Sclauonie

234 3727 324 3799 bano,
352 3727 521 3785 secundum
547 3729 768 3786 continenciam
797 3729 970 3786 litterarum
1001 3735 1176 3785 nostrarum
1204 3725 1498 3798 prorogatoriarum,

234 3835 497 3891 transmissionem
514 3835 663 3908 presentis
676 3851 766 3892 cause
778 3836 808 3892 in
823 3835 1012 3909 presenciam
1027 3832 1164 3891 eiusdem
1178 3833 1251 3889 bani
1264 3832 1302 3889 de
1314 3833 1399 3905 regio
1413 3846 1497 3888 man·

234 3941 307 3997 dato
329 3940 366 3997 ad
393 3941 516 3998 easdem
544 3950 668 3999 octavas
701 3959 756 4015 per
785 3958 840 3999 nos
871 3940 983 3998 factam
1015 3939 1230 3997 denotancium
1254 3953 1380 3995 movere
1404 3937 1497 3994 habe-

235 4047 317 4117 bant,
341 4048 412 4119 quia
437 4048 538 4104 littere
562 4047 635 4105 dicti
658 4047 775 4104 domini
799 4048 895 4105 nostri
926 4046 1015 4118 regis,
1045 4052 1161 4103 secreto
1193 4044 1297 4116 sigillo
1320 4058 1376 4099 suo
1400 4043 1498 4099 consi·

166 4128 170 4136 ¹
233 4160 323 4224 gnate
346 4152 439 4224 Bude‚
463 4154 558 4210 tercio
581 4152 631 4210 die
653 4153 895 4210 annunciationis
919 4153 1008 4209 beate
1035 4151 1163 4223 virginis
1192 4150 1335 4222 proxime
1359 4148 1497 4222 preteriti

234 4264 381 4329 emanate‚
405 4259 584 4332 eisdemque
606 4258 709 4328 iudici,
732 4259 840 4316 iuratis
863 4264 892 4314 et
916 4258 1037 4314 civibus
1060 4258 1089 4314 in
1115 4272 1159 4325 eo,
1183 4261 1217 4312 ut
1241 4255 1314 4327 quia
1338 4253 1419 4312 idem
1443 4253 1498 4310 do·

234 4365 336 4421 minus
359 4371 461 4422 noster
484 4381 539 4421 rex
555 4364 766 4421 venerabilem
782 4370 902 4437 patrem
919 4363 1081 4420 dominum
1098 4361 1291 4418 Demetrium
1315 4361 1498 4433 episcopum

233 4471 464 4542 zagrabiensem
487 4477 616 4543 propter
635 4486 706 4527 suas
729 4470 829 4542 regias
860 4468 1076 4543 expediciones
1099 4467 1137 4525 ad
1163 4467 1260 4524 dictas
1283 4473 1409 4524 octavas
1432 4465 1498 4523 illic

233 4577 440 4633 transmittere
463 4591 522 4632 non
547 4576 686 4645 vaderet,
711 4582 740 4632 et
763 4576 805 4633 ob
825 4576 883 4633 hoc
899 4574 983 4632 idem
998 4573 1142 4631 dominus
1157 4578 1262 4630 noster
1278 4587 1332 4629 rex
1348 4570 1498 4628 voluisset

233 4687 267 4738 ut
290 4681 398 4738 eadem
422 4697 512 4738 causa
533 4682 564 4738 in
587 4681 677 4740 dictis
700 4683 817 4739 octavis
832 4681 892 4739 diei
909 4680 1010 4737 medie
1026 4679 1262 4752 quadragesime
1286 4678 1317 4735 in
1340 4676 1426 4734 curia
1441 4691 1496 4733 sua

234 4787 319 4860 regia
344 4787 375 4844 in
397 4793 501 4844 nostra
521 4788 679 4860 presencia
703 4788 927 4845 terminaretur.
950 4786 1014 4860 Ipsi
1038 4800 1113 4843 vero
1136 4784 1238 4854 iudex,
1259 4783 1351 4841 iurati
1366 4787 1396 4840 et
1412 4782 1495 4840 cives
