3488 5242
251 307 312 383 458
673 305 823 365 Addenda.
852 339 888 349 -
913 303 972 364 An
988 318 1083 383 1393.

250 503 455 576 personaliter
478 510 508 560 et
539 518 597 576 pro
627 504 697 560 aliis
726 503 873 577 predictis
904 519 975 560 cum
1000 504 1219 577 procuratoriis
1242 504 1353 560 litteris
1377 502 1518 560 eiusdem

249 609 383 666 civitatis
406 620 647 683 comparuerunt
669 626 763 682 super
784 608 871 668 lactis
888 611 1135 684 possessionariis
1151 619 1180 667 et
1197 610 1336 682 potencie
1353 611 1383 666 in
1399 610 1518 666 octavis

250 713 311 772 diei
343 714 444 772 medie
474 715 711 787 quadragesime
741 731 846 773 coram
879 717 969 773 Petro
993 715 1104 786 ludar,
1127 717 1214 788 regni
1238 715 1400 772 Sclauonie
1425 715 1517 783 bane,

250 819 418 876 secundum
443 822 664 877 continenciam
694 821 868 878 litterarum
899 828 1075 878 nostrarum
1100 821 1394 894 prorogatoriarum
1419 827 1518 877 trans·

251 927 428 983 missionem
453 928 603 999 presentis
626 942 716 983 cause
739 927 769 983 in
791 927 982 999 presenciam
1007 927 1144 983 eiusdem
1169 927 1240 984 bani
1264 926 1302 983 de
1325 927 1410 998 regio
1432 941 1519 983 man-

199 1019 202 1024 ⁴
250 1031 322 1088 dato
345 1031 383 1087 ad
409 1031 532 1089 easdem
565 1038 690 1088 octavas
718 1048 775 1105 per
806 1047 861 1089 nos
892 1032 1005 1089 factam
1029 1032 1244 1089 denotancium
1272 1047 1398 1089 movere
1423 1032 1518 1088 habe·

250 1138 331 1194 bant.
363 1136 443 1209 Quia
477 1138 576 1194 littere
608 1137 681 1195 dicti
714 1138 831 1195 domini
864 1139 959 1195 nostri
983 1139 1071 1210 regis,
1094 1144 1212 1195 secreto
1238 1137 1342 1209 sigillo
1364 1153 1419 1194 suo
1446 1153 1518 1194 con·

249 1243 366 1313 signate
399 1241 483 1298 Bude
515 1244 609 1299 tercio
641 1242 691 1300 die
721 1243 968 1300 annunciacionis
997 1244 1084 1299 beate
1117 1243 1246 1314 virginis
1278 1242 1420 1315 proxime
1445 1258 1515 1314 pre-

249 1348 340 1416 teriti,
362 1356 511 1417 emanate
535 1348 713 1421 eisdemque
738 1348 839 1417 iudici,
857 1349 963 1405 iuratis
986 1359 1016 1405 et
1038 1348 1159 1405 civibus
1184 1349 1212 1404 in
1230 1363 1275 1416 e0,
1292 1357 1324 1404 ut
1341 1348 1414 1419 quia
1431 1347 1517 1404 idem

251 1452 394 1509 dominus
426 1461 529 1509 noster
560 1470 614 1510 rex
645 1454 856 1512 venerabilem
888 1461 1007 1528 patrem
1041 1453 1203 1510 dominum
1234 1453 1428 1509 Demetrium
1452 1455 1518 1525 epi·
1546 1525 1549 1528 Α

249 1573 378 1630 scopum
410 1559 641 1630 zagrabiensem
673 1565 801 1633 propter
824 1575 893 1616 suas
916 1560 1017 1631 regias
1041 1558 1258 1632 expediciones
1281 1557 1318 1614 ad
1344 1557 1443 1614 dictas
1467 1573 1518 1614 oc·

250 1674 335 1720 tavas
366 1665 431 1721 illic
462 1667 670 1722 transmittere
699 1681 757 1722 non
785 1667 902 1722 valeret
925 1674 954 1722 et
978 1666 1019 1721 ob
1043 1667 1101 1721 hoc
1126 1664 1207 1722 idem
1233 1663 1376 1720 dominus
1411 1670 1518 1720 noster

249 1787 309 1827 rer¹
326 1772 476 1829 voluisset
508 1779 541 1827 ut
573 1771 681 1828 eadem
704 1787 796 1828 causa
819 1772 848 1829 in
872 1771 962 1828 dictis
990 1773 1106 1827 octaris
1130 1770 1190 1828 diei
1215 1770 1316 1827 medie
1340 1769 1515 1841 quadrage-

249 1877 327 1933 sime
358 1877 389 1933 in
417 1877 502 1933 curia
531 1893 586 1934 sua
616 1879 701 1948 regia
731 1879 761 1934 in
790 1887 893 1934 nostra
922 1878 1079 1951 presencia
1104 1877 1331 1945 terminaretur,
1355 1875 1415 1947 ipsi
1441 1890 1517 1932 vero

248 1982 351 2051 iudex,
383 1983 475 2040 iurati
506 1991 536 2039 et
566 1983 649 2040 cives
681 1984 799 2040 octavis
829 1984 860 2040 in
886 1982 1003 2041 eisdem
1031 1997 1138 2038 coram
1161 1981 1252 2037 nobis
1275 1996 1366 2036 causa
1390 1981 1421 2037 in
1446 1996 1518 2054 pre·

249 2089 344 2145 missa
367 2089 462 2146 finem
486 2090 640 2162 recepturi
661 2104 841 2162 comparere
864 2089 1020 2157 deberent,
1037 2087 1152 2144 directe
1173 2102 1230 2160 per
1247 2093 1426 2143 annotatum
1444 2101 1518 2159 pro-

249 2202 424 2252 curatorem
448 2194 520 2252 dicti
545 2193 662 2251 domini
686 2195 823 2268 episcopi
848 2195 937 2251 nobis
958 2194 1200 2261 exhibebantur;
1225 2192 1396 2267 prescripte
1412 2199 1517 2249 autem

250 2307 353 2373 partes
377 2299 506 2357 eandem
532 2315 655 2357 causam
687 2300 726 2356 ad
757 2307 882 2357 octavas
914 2299 982 2357 testi
1015 2301 1096 2356 beati
1127 2299 1235 2381 Jacobi
1265 2298 1408 2370 apostoli,
1437 2315 1518 2355 nunc

250 2413 401 2475 venturas,
427 2421 483 2479 per
506 2421 556 2462 me
580 2406 699 2463 differri
726 2406 934 2480 postulabant
954 2406 1011 2462 Pro
1027 2420 1064 2462 eo
1080 2404 1119 2461 ad
1136 2404 1260 2461 easdem
1277 2410 1402 2460 octavas
1420 2405 1518 2461 sancti

248 2511 356 2593 Jacobi
369 2510 515 2567 duximus
528 2525 704 2583 prorogare.
718 2512 891 2569 Voluerunt
907 2513 1006 2568 eciam
1026 2510 1132 2567 eedem
1151 2515 1261 2582 partes,
1279 2516 1312 2566 ut
1328 2508 1402 2566 dicti
1413 2509 1516 2580 iudex,

250 2619 341 2676 iurati
365 2626 395 2676 et
418 2617 501 2673 cives
525 2620 625 2691 ipsam
650 2634 775 2674 causam
798 2619 839 2674 ab
862 2617 976 2675 eisdem
1002 2617 1120 2673 octavis
1144 2632 1199 2673 nec
1224 2616 1333 2672 litteris
1356 2615 1517 2687 regalibus

248 2740 304 2781 nec
327 2725 518 2796 reginalibus
542 2724 592 2780 vel
616 2725 739 2781 racione
762 2726 914 2781 exercitus
938 2739 1036 2794 neque
1060 2723 1121 2779 alia
1145 2723 1255 2794 quavis
1277 2721 1410 2777 cautella
1430 2721 1517 2778 adin·

248 2836 340 2886 venta
364 2831 493 2887 ulterius
519 2829 636 2902 possint
659 2830 831 2903 prorogari.
856 2829 971 2886 Datum
995 2830 1025 2886 in
1042 2826 1241 2900 Wyssegrad
1262 2836 1373 2882 octavo
1390 2825 1439 2883 die
1456 2835 1517 2884 ter·

249 2937 325 2993 mini
350 2936 510 3008 prenotati.
540 2937 628 2992 Anno
652 2934 769 2992 domini
794 2933 989 2992 MCCCLXX
1012 2942 1129 2990 octavo

337 3070 556 3135 Transsumptum
576 3070 602 3119 in
622 3072 725 3120 collect.
745 3070 803 3136 Joh.
829 3069 994 3135 Kultuljevie.

854 3354 914 3419 10.

319 3498 394 3544 Anno
416 3505 489 3557 1393,
513 3506 552 3546 12.
572 3495 642 3544 maii.
664 3495 815 3561 Zagrabiae.

288 3622 436 3695 lohannes
459 3622 550 3679 barrus
572 3623 606 3678 de
622 3622 806 3696 facineribus
835 3621 974 3694 Grc’gorr'i
994 3622 1113 3678 Maslen
1136 3621 1244 3679 civibus
1273 3619 1483 3678 Grcclzensr'bus

471 3729 570 3797 illatis,
594 3728 754 3785 clnrsmcase
776 3729 940 3801 capitulum,
968 3736 1000 3783 ut
1021 3730 1160 3800 inquirat,
1183 3735 1292 3783 exorat.

339 3893 456 3950 Amicis
492 3894 554 3948 suis
588 3892 774 3960 reverendis,
810 3894 946 3965 capitulo
978 3893 1105 3948 ecclesie
1138 3891 1334 3951 chasmensis.
1359 3891 1520 3971 johannes

248 4013 351 4054 comes
376 3997 481 4068 Vegle,
507 3997 649 4053 lllodruse
675 4005 738 4065 etc,
770 4013 996 4068 regnorumque
1029 3997 1195 4065 Dalmacie,
1228 3995 1353 4052 Croacie
1378 4000 1407 4050 et
1430 3993 1520 4053 Scla-

247 4106 337 4161 uonie
361 4104 458 4160 banus
491 4104 662 4159 amiciciam
695 4112 835 4176 paratam
867 4119 937 4160 cum
971 4104 1094 4159 honore.
1130 4102 1251 4159 Dicitur
1275 4102 1363 4158 nobis
1388 4103 1417 4158 in
1444 4119 1518 4175 per·

247 4211 328 4265 sonis
352 4208 555 4281 providorum
581 4209 720 4265 virorum
746 4210 825 4266 Petri
848 4209 965 4277 iudicis,
982 4210 1152 4265 iuratorum
1178 4214 1207 4265 et
1231 4209 1447 4264 universorum
1473 4210 1518 4266 ci·

248 4315 333 4369 vium
359 4314 471 4370 montis
495 4313 665 4383 GrecensiS,
689 4314 772 4386 quod
798 4315 974 4385 Gregorius,
999 4314 1083 4370 tilius
1109 4316 1224 4370 illasten
1248 4313 1286 4369 de
1309 4312 1434 4382 Chicha‚
1461 4314 1519 4371 do-

248 4420 360 4476 minico
384 4418 434 4474 die
458 4419 603 4491 proximo
627 4428 696 4492 post
721 4418 831 4476 festum
857 4421 1044 4477 invencionis
1076 4427 1177 4476 sancte
1209 4420 1315 4487 crucis,
1339 4434 1419 4474 nunc
1444 4435 1520 4491 pre·

247 4524 345 4592 terito,
370 4524 496 4580 armatis
521 4525 663 4581 manibus
687 4531 716 4580 et
740 4526 936 4597 potenciariis
954 4541 1084 4582 unacum
1109 4524 1149 4581 ad
1172 4541 1204 4581 se
1227 4523 1453 4597 pertinentibus
1475 4528 1519 4585 ad

246 4627 436 4686 territorium
460 4635 489 4685 et
513 4644 659 4703 campum
676 4630 756 4687 dicte
776 4631 917 4700 civitatis,
937 4646 1023 4687 more
1043 4631 1212 4701 latrocini0,
1229 4629 1382 4698 indende,
1406 4630 1520 4704 ibique

246 4733 364 4790 multos
386 4730 483 4791 boves
506 4741 535 4791 et
558 4748 667 4792 vaccas
690 4751 726 4791 ac
749 4750 845 4808 equos
868 4734 1023 4792 dictorum
1056 4736 1173 4794 civium
1195 4736 1382 4809 recepissent
1406 4740 1436 4792 et
1460 4737 1520 4796 ab·
