3488 5242
579 333 651 390 Dec.
671 345 702 406 5.
730 365 766 374 -
793 331 847 388 An.
874 329 1089 405 1198-1201.
1471 353 1488 412 3

224 532 378 604 grabiensi
404 530 592 588 conferimus
608 530 783 587 libertatem
808 540 837 586 et
854 531 950 603 sigilli
965 533 1061 589 nostri
1082 533 1253 590 munimine
1269 533 1490 593 confirmamus

224 646 253 693 et
277 638 462 694 roboramus
487 646 549 692 tarn
576 636 739 708 ilungaris
757 651 850 707 quam
876 637 990 695 Latinis
1013 653 1064 694 seu
1089 636 1217 702 Sclavis,
1242 645 1275 695 ut
1298 640 1323 696 si
1348 640 1417 712 quis
1434 640 1490 698 ali·

224 759 315 815 quem
340 743 378 799 de
402 744 520 816 populo
544 750 597 800 tuo
620 750 649 798 et
673 742 800 799 ecclesie
832 741 969 815 predicte
991 744 1035 815 in¹
1054 758 1179 800 causam
1204 736 1324 802 trahere
1348 741 1490 816 voluerit,

223 850 281 905 sub
305 856 333 905 te
357 849 407 905 vel
431 849 490 904 sub
514 847 668 905 iudicibus
691 863 708 903 a
732 855 761 903 te
784 848 959 905 constitutis
980 863 1052 906 eum
1082 847 1193 906 debeat
1225 851 1407 919 convenire;
1435 867 1491 908 nec

223 955 336 1026 aliquis
360 954 398 1010 de
422 954 589 1011 iamdicto
614 954 732 1026 populo
755 960 808 1011 tuo
840 958 869 1010 et
899 955 1027 1011 ecclesie
1058 955 1117 1012 sub
1141 956 1204 1012 alio
1227 955 1327 1014 iudice
1351 963 1490 1016 teneatur

223 1061 315 1118 alicui
340 1060 534 1132 respondere.
559 1060 649 1132 Quod
675 1060 700 1117 si
725 1066 756 1116 tu
780 1061 830 1116 vel
856 1060 970 1117 iudices
987 1061 1141 1118 iusticiam
1157 1058 1319 1120 nolueritis
1334 1064 1490 1133 exhibere,

223 1172 252 1222 et
275 1167 389 1238 aliquis
413 1166 529 1223 iudices
552 1173 621 1222 tuos
654 1173 782 1240 propter
810 1167 868 1223 1100
897 1167 1030 1223 voluerit
1057 1168 1231 1237 convenire,
1259 1173 1331 1226 tunc
1354 1184 1412 1242 pro
1436 1169 1490 1227 ho·

223 1272 305 1329 mine
330 1271 380 1328 vel
406 1273 584 1328 hominibus
608 1272 667 1328 tuis
699 1272 757 1328 sub
789 1272 870 1328 bano
901 1278 1014 1342 nostro,
1039 1273 1090 1329 vel
1113 1273 1171 1329 sub
1195 1280 1299 1331 nostra
1322 1275 1490 1333 clemencia

223 1376 314 1433 iudex
340 1377 402 1447 1110,
427 1378 480 1449 qui
505 1377 656 1434 iusticiam
680 1377 780 1433 noluit
796 1376 905 1447 facere,
922 1377 1128 1451 respondebit.
1146 1380 1258 1436 Actum
1274 1386 1320 1437 est
1335 1380 1395 1438 hoc
1409 1395 1489 1439 auno

222 1481 375 1539 dominice
399 1483 619 1539 incarnacionis
644 1482 924 1552 utcuxxxxvttl,
956 1482 1005 1539 die
1030 1483 1109 1540 1000.
1133 1483 1169 1541 V.
1193 1483 1265 1541 ldus
1287 1482 1371 1560 maji,
1394 1484 1489 1542 10010-

222 1589 309 1644 01000
334 1590 444 1661 prima,
468 1593 575 1661 epacta
600 1588 649 1645 xl.
682 1593 883 1644 concurrente
911 1588 959 1645 111.
988 1588 1111 1646 Andrea
1135 1590 1216 1647 bano
1239 1591 1395 1660 existente,
1417 1590 1489 1647 Ful·

222 1709 296 1751 cone
328 1695 441 1751 comite
470 1693 696 1765 brudrugiensi‚
728 1695 863 1750 Crazone
894 1695 1007 1751 comite
1036 1695 1246 1767 guarastiensi.
1283 1695 1397 1753 Datum
1433 1712 1490 1770 per

223 1814 332 1857 manus
356 1799 496 1869 Belesini‚
520 1799 577 1857 tilii
601 1798 738 1857 Cornelii
761 1800 890 1856 comitis.

229 1931 231 1936 ’
250 1939 251 1942 ’
312 1935 332 1984 Ε
352 1936 422 1984 libro
444 1917 651 1999 Prieilegiorum
671 1935 838 2000 episcopatus
858 1935 961 1999 zagrab.
977 1934 1059 1985 1010.
1074 1935 1172 1985 Edidit.
1191 1934 1487 2002 ]οο0.Τ1101010;Μο0.

222 2024 280 2073 hist.
301 2024 378 2088 episc.
400 2025 503 2087 zagrab.
525 2031 585 2073 1001.
607 2024 625 2072 Ι.
647 2040 670 2088 p.
692 2033 713 2077 ’1.
735 2052 767 2060 -
786 2026 860 2089 Joan.
880 2023 1056 2087 Kukuljevic:
1077 2011 1297 2088 Codex'diplom.
1318 2023 1393 2090 regni
1413 2022 1487 2075 CSD.

224 2120 283 2161 tom.
307 2112 338 2161 11,
361 2129 384 2177 p.
408 2121 464 2173 193.
1370 2164 1376 2171 .

311 2200 425 2250 Latin
439 2200 463 2256 1,
483 2216 595 2263 quorum
615 2200 713 2249 mentio
736 2200 760 2248 in
779 2200 820 2248 his
841 2199 927 2249 literis
947 2198 983 2255 fit,
1004 2200 1097 2264 procul
1116 2200 1199 2249 dubio
1219 2207 1279 2249 sunt
1298 2201 1347 2259 illi,
1361 2201 1408 2264 qui
1421 2203 1488 2253 olim

223 2303 306 2352 prope
334 2289 468 2365 antiquam
492 2288 650 2351 Zagrabiam
675 2289 825 2337 incolebant
844 2288 870 2336 in
891 2287 958 2342 rico,
984 2302 1062 2350 quem
1088 2287 1245 2337 Latinorum
1270 2300 1372 2346 vocant,
1392 2290 1486 2355 (hodie

223 2375 321 2424 Vlalka
346 2377 438 2439 ulica),
466 2376 510 2438 qui
536 2376 615 2431 etiam
640 2392 742 2440 semper
765 2375 946 2440 jurisdictioni
971 2376 1118 2440 episcopali
1142 2376 1274 2426 obnoxius
1299 2385 1362 2427 erat.
1390 2377 1488 2429 Confer

222 2461 289 2511 inira
311 2478 348 2512 nr.
370 2473 409 2512 20.

834 2677 868 2742 5.

325 2729 373 2776 An.
398 2736 469 2775 1201.

226 2837 256 2893 T
251 2838 380 2893 erretorir'
399 2837 594 2909 cagralu'enst's
623 2837 784 2895 cathedrali
812 2839 939 2895 ecclesiae
969 2842 1129 2914 antt'quitus
1154 2842 1256 2897 deitati
1282 2843 1490 2899 collustrantur

530 2951 618 3000 ructat
640 2951 668 2999 et
688 2945 768 3015 regia
791 2946 959 3002 auctoritate
981 2946 1172 3004 stabiliuntur.

310 3086 341 3143 ln
365 3089 488 3144 nomine
518 3098 619 3143 sancte
651 3088 794 3144 trinitatis
826 3095 854 3145 et
885 3087 1044 3146 individue
1075 3070 1209 3149 unitatis.
1232 3091 1413 3148 Hemericus
1437 3090 1486 3149 dei

220 3194 322 3264 gracia
347 3193 511 3263 ilungarie,
538 3193 704 3262 Dalmacie,
727 3193 863 3257 Croucie,
888 3195 1045 3267 Rameque
1070 3197 1177 3253 resin
1210 3203 1406 3270 perpetuum.
1430 3200 1487 3254 Ar·

220 3297 316 3355 duum
343 3299 432 3354 nobis
456 3299 541 3369 regni
572 3300 733 3370 negocium
765 3298 871 3356 debito
901 3302 1148 3371 gubernantibus
1181 3301 1392 3360 moderamine
1416 3303 1487 3376 plu·

219 3392 333 3461 rimum
359 3403 506 3477 expedire
529 3404 707 3471 dinoscitur,
732 3414 765 3462 ut
789 3407 867 3463 inter
889 3417 1005 3464 ceteras
1029 3407 1126 3464 officii
1149 3409 1245 3465 nostri
1261 3407 1487 3466 sollicitudines

219 3511 418 3566 ecclesiarum
443 3510 491 3566 dei
514 3526 620 3567 curam
645 3512 812 3568 salubriter
842 3512 1052 3582 admittamus
1083 3522 1112 3571 01
1143 3528 1250 3570 earum
1283 3515 1377 3585 quieti
1402 3520 1486 3571 tanto

219 3615 401 3687 diligencius
418 3616 623 3677 consulamus.
638 3625 752 3688 quanto
770 3619 1004 3690 perversitatem
1022 3620 1181 3676 hominum
1199 3619 1238 3675 ad
1256 3619 1330 3676 iuris
1347 3620 1485 3693 ipsarum

219 3721 403 3778 detrimenta
427 3724 640 3792 cognoscimus
664 3724 850 3795 proniorem.
875 3724 916 3780 Ea
940 3732 1070 3796 propter
1093 3723 1132 3780 ad
1158 3725 1338 3781 instanciam
1356 3739 1483 3797 precum

220 3827 320 3884 tidelis
343 3844 378 3883 ac
401 3827 504 3884 dilecti
529 3831 625 3885 nostri
649 3829 804 3886 Dominici
822 3830 1009 3887 venerabilis
1033 3830 1240 3900 zagrabiensis
1263 3831 1401 3903 episcopi
1418 3828 1484 3900 dig·

219 3938 326 3989 nanter
350 3932 473 4002 inducti,
490 3942 588 3989 terras
609 3950 644 3990 ac
661 3934 776 4006 predia,
794 3951 854 4007 que
870 3936 1055 3993 monasterio
1075 3936 1265 4006 zagrabiensi
1287 3935 1399 3992 devota
1414 3949 1485 3993 000·

219 4040 291 4095 10111
313 4040 487 4109 antiquitas,
512 4056 567 4111 per
591 4039 716 4096 fidelem
740 4041 887 4097 clericum
912 4049 1051 4097 nostrum
1076 4040 1229 4097 Thomam
1253 4041 1413 4097 albensem
1437 4056 1486 4097 ca-

220 4145 362 4200 nonicum
388 4144 516 4201 lecimus
541 4146 726 4214 collustrari,
751 4152 780 4202 et
802 4147 861 4203 sub
882 4147 1019 4218 generali
1043 4146 1225 4204 collectione
1255 4147 1340 4218 regia
1364 4147 1485 4203 munire

219 4249 413 4306 decrevimus
437 4253 625 4307 auctoritate.
651 4251 790 4308 Primum
807 4253 901 4323 igitur
919 4258 1082 4309 tractatum
1099 4252 1221 4308 racione
1237 4251 1395 4324 dignitatis
1411 4267 1484 4309 ven·

219 4356 299 4412 dicat
323 4355 481 4427 Zagrabia‚
505 4358 592 4412 cuius
616 4358 718 4428 prima
743 4365 823 4414 meta
847 4359 954 4431 incipit
978 4359 1008 4415 in
1032 4358 1101 4414 loco
1125 4359 1178 4430 qui
1202 4357 1315 4415 dicitur
1331 4357 1428 4414 Kerec
1444 4357 1483 4415 ad

219 4464 321 4520 rivum
346 4461 513 4531 Circuniza,
547 4461 616 4518 1000
640 4461 786 4534 dirigitur
817 4479 925 4521 versus
956 4463 1117 4521 meridiem
1151 4463 1189 4520 ad
1214 4463 1359 4520 arborem
1384 4478 1482 4536 popu·

220 4569 298 4624 leam
325 4582 414 4623 cruce
430 4569 590 4638 signatam,
607 4568 678 4624 hinc
695 4568 889 4640 protenditur
905 4584 961 4641 per
977 4570 1064 4642 signa
1083 4563 1103 4644 †
1119 4584 1217 4641 usque
1232 4567 1361 4625 fluvium
1378 4566 1482 4638 Sanza,

218 4675 302 4733 iuxta
327 4688 420 4745 quem
442 4674 572 4744 erigitur
595 4679 677 4730 meta
706 4673 744 4730 de
775 4681 866 4744 terra,
890 4674 960 4732 inde
990 4675 1052 4732 itur
1082 4674 1119 4731 ad
1144 4673 1298 4748 populum
1320 4673 1482 4745 signatam,

219 4779 304 4840 illinc
328 4778 366 4836 ad
398 4777 528 4836 tluuium
559 4778 649 4836 Sawa
679 4779 718 4837 ad
749 4780 893 4837 arborem
925 4781 1011 4838 nucis
1041 4782 1203 4853 signatam,
1235 4777 1353 4836 ibidem
1383 4780 1482 4837 eciam

1362 4893 1378 4923 Ι
