3488 5242
642 336 714 393 Dor.
738 351 805 393 102.
834 371 870 378 -
896 338 952 395 An.
975 353 1063 416 1314.
1441 345 1480 415 87

216 546 355 588 mensam
379 533 588 605 spectantibus
619 540 795 591 construere
820 551 873 592 seu
900 535 1044 594 edificare
1068 537 1289 611 quoquomodo
1312 545 1481 611 presumat,

214 637 362 695 nonnulle
391 654 515 711 quoque
546 640 606 697 alie
631 656 761 713 persone
788 642 992 698 ecclesiastice
1026 643 1179 700 seculares
1202 651 1232 700 et
1255 645 1423 716 regulares,
1447 661 1482 702 ac

214 745 428 801 universitates
460 752 490 802 et
521 746 692 817 singulares
723 763 853 820 persone
884 748 1045 804 civitatum
1076 764 1131 805 nec
1163 765 1223 806 non
1255 757 1427 807 castrorum
1449 757 1480 808 et

214 849 363 907 villarum
395 850 526 909 diocesis
553 859 583 908 et
613 852 750 924 partium
779 854 950 910 vicinarum
981 853 1019 910 de
1050 854 1231 925 redditibus,
1267 857 1478 928 proventibus,

215 957 364 1025 censibus,
397 958 515 1014 iuribus
546 968 575 1015 et
598 959 691 1015 rebus
714 959 785 1016 aliis
808 959 845 1016 ad
870 975 1008 1016 mensam
1033 961 1243 1033 spectantibus
1266 960 1478 1033 supradictam

213 1061 314 1118 eidem
346 1065 493 1137 episcopo
516 1066 566 1121 vel
591 1066 656 1121 eius
679 1065 802 1122 vicariis
829 1065 938 1122 nolunt
961 1066 1155 1138 aliquatenus
1180 1066 1373 1140 respondere.
1397 1067 1479 1124 Non-

213 1166 292 1222 nulli
323 1168 415 1224 etiam
448 1170 608 1226 civitatum
640 1169 769 1227 diocesis
800 1177 829 1227 et
861 1172 997 1244 partium
1029 1171 1249 1245 predictarum,
1282 1174 1335 1245 qui
1367 1188 1479 1231 nomen

214 1271 331 1329 domini
355 1275 491 1347 recipere
515 1276 545 1332 in
570 1292 702 1332 vacuum
724 1293 784 1333 non
809 1275 986 1345 l'ormidant,
1010 1276 1111 1333 eidem
1135 1278 1282 1350 episcopo
1305 1279 1336 1335 in
1359 1279 1478 1349 castris,

213 1379 307 1449 villis
330 1380 428 1450 terris,
454 1381 725 1451 iurisdictionibus,
748 1383 876 1451 iuribus,
906 1383 994 1440 bonis
1017 1387 1047 1439 et
1067 1384 1161 1440 rebus
1184 1383 1253 1439 aliis
1276 1383 1315 1439 ad
1339 1399 1479 1441 mensam

213 1484 385 1557 predictam
410 1488 620 1559 spectantibus
643 1489 833 1560 multiplices
849 1489 1007 1545 molestias
1024 1487 1158 1546 inferunt
1174 1496 1203 1545 et
1219 1490 1358 1547 iacturas.
1375 1488 1478 1562 Quare

212 1590 311 1647 dictus
344 1593 508 1665 episcopus
539 1593 629 1650 nobis
661 1594 819 1651 humiliter
850 1594 1047 1667 supplicavit,
1074 1599 1108 1651 ut
1138 1609 1209 1651 cum
1235 1594 1326 1652 valde
1349 1594 1478 1652 difficile

213 1696 361 1754 reddatur
391 1699 500 1770 eidem,
532 1715 590 1772 pro
621 1700 750 1771 singulis
781 1700 915 1772 querelis
946 1698 983 1756 ad
1008 1700 1210 1772 apostolicam
1235 1699 1339 1756 sedem
1363 1700 1478 1757 habere

213 1818 380 1872 recursum,
416 1805 580 1878 providere
611 1805 670 1862 sibi
701 1822 795 1878 super
826 1806 883 1862 hoe
914 1813 1042 1879 paterna
1073 1805 1233 1877 diligentia
1268 1805 1477 1877 dignaremur.

211 1907 274 1964 Nos
298 1909 392 1979 igitur
428 1910 576 1967 adversus
603 1921 813 1983 occupatores
846 1918 1088 1985 presumptores,
1112 1912 1326 1969 molestatores
1348 1921 1377 1968 et
1400 1912 1478 1970 iniu-

211 2016 339 2072 riatores
364 2017 541 2074 huiusmodi
566 2018 622 2074 illo
646 2018 785 2074 volentes
807 2019 835 2075 ei
858 2016 996 2075 remedio
1020 2018 1193 2088 subvenire,
1218 2033 1273 2090 per
1294 2016 1377 2090 quod
1395 2019 1477 2091 ipso·

210 2136 284 2205 rum·
310 2130 525 2195 compescatur
557 2125 712 2180 temeritas
744 2131 773 2180 et
804 2124 873 2180 aliis
908 2122 1009 2180 aditus
1033 2123 1247 2180 committendi
1269 2124 1384 2180 similia
1406 2139 1477 2197 pre·

209 2226 360 2294 cludatur,
385 2228 577 2298 mandamus,
601 2238 751 2300 quatenus
774 2245 830 2286 vos
853 2229 905 2285 vel
929 2229 991 2285 duo
1013 2234 1066 2285 aut
1091 2245 1169 2285 unus
1192 2235 1332 2286 vestrum
1349 2244 1404 2301 per
1420 2244 1477 2286 vos

211 2332 259 2387 vel
284 2333 381 2390 alium
405 2351 456 2390 seu
482 2335 569 2405 alios,
593 2335 686 2392 etiam
711 2337 736 2392 si
759 2336 818 2392 sint
842 2342 931 2391 extra
954 2335 1030 2405 loca,
1053 2335 1084 2390 in
1109 2335 1223 2406 quibus
1246 2332 1385 2407 deputati
1403 2335 1475 2392 estis

209 2450 439 2497 conservatores
462 2448 491 2497 et
515 2441 640 2511 iudices,
664 2441 785 2514 pretato
808 2443 962 2514 episcopo
990 2439 1092 2512 quoad
1116 2440 1237 2509 vixerit,
1267 2439 1401 2497 efficacis
1424 2439 1478 2498 de-

211 2543 354 2602 tensionis
388 2546 521 2619 presidio
545 2549 719 2605 assistentes
747 2563 808 2604 non
832 2547 1018 2620 permittatis
1042 2561 1112 2603 eum
1137 2561 1230 2619 super
1252 2547 1411 2619 premissis
1434 2547 1475 2603 ab

208 2651 323 2707 eisdem
359 2653 407 2708 vel
433 2654 681 2725 quibuscumque
712 2654 782 2710 aliis
813 2653 1060 2726 occupatoribus,
1087 2652 1307 2723 detentoribus,
1331 2653 1476 2710 molesta-

209 2757 337 2825 toribus
369 2759 639 2832 presumptoribus
672 2768 701 2815 et
733 2759 964 2816 iniuriatoribus
987 2758 1124 2815 indebite
1147 2758 1315 2829 molestari,
1340 2759 1391 2815 vel
1415 2758 1475 2816 sibi

207 2864 389 2932 gravamina
412 2881 465 2920 seu
490 2863 626 2937 dampna
650 2865 701 2922 vel
729 2865 855 2923 iniurias
885 2865 1033 2937 irrogari;
1064 2863 1176 2921 facturi
1206 2864 1288 2922 dicto
1319 2866 1474 2938 episcopo,

208 2983 278 3023 cum
302 2970 401 3026 abeo
426 2971 475 3027 vel
501 2971 623 3028 vicariis
647 2978 699 3028 aut
723 2971 976 3044 procuratoribus
1007 2971 1070 3027 suis
1093 2971 1144 3027 vel
1168 2985 1275 3027 eorum
1299 2971 1405 3043 aliquo
1427 2985 1475 3026 re·

208 3075 312 3147 quisiti
336 3074 463 3144 fueritis,
489 3076 527 3132 de
552 3077 698 3148 predictis
728 3084 758 3134 et
782 3077 852 3132 aliis
883 3077 1022 3149 personis
1051 3077 1243 3148 quibuslibet
1271 3091 1365 3149 super
1387 3078 1474 3134 resti·

208 3182 323 3238 tutione
354 3192 534 3240 castrorum.
567 3183 725 3252 villarum,
757 3192 918 3252 terrarum,
951 3182 1189 3255 possessionum,
1217 3181 1473 3253 iurisdictionum,

207 3289 320 3344 iurium
353 3306 388 3344 ac
421 3290 573 3345 bonorum
612 3289 823 3345 immobilium
859 3294 889 3344 et
919 3288 1095 3358 mobilium,
1134 3287 1311 3345 reddituum
1349 3303 1474 3360 quoque

207 3411 241 3449 ac
265 3403 482 3466 proventuum,
500 3410 646 3451 censuum
671 3403 699 3451 et
724 3395 857 3451 aliorum
882 3409 1151 3467 quorumcumque
1176 3395 1329 3452 bonorum
1352 3395 1473 3469 predic-

208 3510 317 3569 torum,
344 3517 397 3556 nec
429 3516 487 3557 non
513 3501 551 3558 de
575 3500 768 3573 quibuslibet
791 3501 950 3570 molestiis,
978 3500 1097 3557 iniuriis
1120 3508 1212 3572 atque
1235 3500 1380 3574 dampnis
1403 3517 1474 3574 pre·

208 3606 345 3662 sentibus
369 3616 397 3662 et
423 3606 543 3677 suturis,
576 3608 603 3663 in
636 3607 700 3662 illis
732 3604 884 3676 videlicet,
916 3622 976 3678 que
1004 3605 1179 3663 iudicialem
1204 3607 1364 3678 requirunt
1387 3606 1472 3665 inda·

206 3714 318 3783 ginem,
350 3712 388 3768 de
420 3713 514 3785 plano
545 3714 609 3769 sine
637 3713 767 3784 strepitu
800 3719 829 3769 et
861 3711 961 3784 figura
988 3711 1101 3782 iudicii,
1125 3713 1156 3769 in
1180 3713 1249 3769 aliis
1273 3727 1356 3782 vero,
1381 3721 1473 3786 prout

206 3819 338 3890 qualitas
371 3820 509 3891 ipsorum
542 3820 686 3890 exegerit,
720 3818 834 3875 iustitie
865 3819 1148 3891 complementum;
1183 3824 1384 3891 occupatores
1418 3833 1472 3875 seu

205 3924 386 3996 detentores,
419 3925 632 3982 molestatores
665 3941 717 3982 seu
749 3932 983 3997 presumptores
1014 3930 1043 3980 et
1079 3925 1261 3982 iniuratores
1284 3923 1471 3995 huiusmodi,

205 4048 260 4087 nec
291 4048 351 4088 non
383 4031 623 4089 contradictores
654 4031 810 4103 quoslibet
837 4036 866 4087 et
889 4031 1032 4100 rebelles,
1056 4032 1277 4103 cuiuscumque
1297 4036 1402 4101 status,
1426 4030 1472 4089 di·

204 4139 328 4209 gnitatis
358 4138 475 4195 ordinis
507 4139 556 4194 vel
593 4136 775 4194 conditionis
803 4137 968 4207 extiterint,
1001 4136 1260 4209 quandocumque
1283 4143 1313 4194 et
1337 4139 1471 4209 quoties-

204 4260 337 4316 cumque
354 4245 533 4317 expedierit,
551 4260 606 4316 per
622 4258 782 4300 censuram
800 4243 1047 4314 ecclesiasticam,
1064 4244 1273 4316 appellatione
1289 4244 1470 4318 postposita,

204 4350 436 4423 compescendo,
461 4351 602 4406 invocato
625 4348 663 4406 ad
688 4350 746 4406 hoc
769 4349 795 4405 si
818 4364 897 4422 opus
920 4347 1014 4406 luerit
1036 4349 1153 4406 auxilio
1178 4349 1297 4405 brachii
1313 4350 1469 4407 secularis.

205 4455 272 4512 Non
295 4457 490 4513 obstantibus
514 4455 612 4512 felicis
631 4454 852 4513 recordationis
867 4452 1016 4512 Bonilacii
1032 4470 1112 4528 pape
1128 4455 1229 4512 octavi
1245 4448 1470 4527 predecessoris

204 4564 308 4633 nostri,
333 4579 394 4636 qua
418 4569 552 4633 cavetur,
576 4579 613 4619 ne
637 4561 753 4619 iudices
779 4567 809 4618 et
831 4565 1063 4618 conservatores
1093 4576 1112 4617 a
1142 4559 1214 4617 sede
1237 4559 1377 4632 deputati
1399 4575 1470 4633 pre·

203 4668 284 4726 dicta
320 4676 407 4726 extra
441 4669 581 4726 civitates
610 4673 640 4725 et
670 4667 815 4739 dioceses,
846 4667 877 4725 in
905 4665 1019 4739 quibus
1041 4665 1181 4740 deputati
1211 4665 1333 4737 luerint,
1363 4670 1469 4724 contra

204 4791 415 4849 quoscumque
441 4775 618 4849 procedere,
641 4775 707 4832 sive
729 4773 784 4831 alii
806 4773 859 4830 vel
885 4772 955 4832 aliis
977 4772 1061 4830 vices
1083 4786 1154 4831 suas
1184 4772 1386 4845 committere,
1415 4779 1469 4833 aut
