3488 5242
244 336 305 394 280
399 375 406 390 .
675 332 747 387 Dec.
772 341 841 404 295.
867 362 903 370 -
930 329 985 385 An.
1011 326 1104 404 1580.

243 532 383 604 magistri
406 530 524 588 Nicolai
547 529 586 586 de
609 528 716 586 Virtus
740 528 861 585 comitis
884 527 1090 600 zagrabiensis
1115 531 1292 597 annuentes,
1309 532 1343 584 ut
1360 533 1508 598 tenemur,

243 637 321 694 duos
351 653 388 693 ex
420 636 518 706 nobis,
554 635 685 692 scilicet:
728 633 924 706 Gregorium,
955 632 1057 690 filium
1092 633 1226 689 Irethlen
1262 640 1292 689 et
1326 633 1508 716 Johannem,

243 743 344 800 filium
376 741 511 814 Georgii,
543 740 659 798 iudices
689 740 843 797 nobilium
874 739 1037 796 comitatus
1068 738 1199 812 predicti
1230 739 1445 810 zagrabieusis,
1470 738 1507 795 ad

243 849 394 923 premissa
425 846 606 920 inquirenda
630 862 688 919 pro
711 846 888 903 testimonio
912 845 1059 901 duximus
1077 844 1343 912 transmittendos;
1367 845 1420 916 qui
1444 851 1508 901 tan·

243 955 315 1012 dem
339 954 449 1012 exinde
473 952 512 1010 ad
536 969 591 1010 nos
614 952 740 1022 reversi,
764 952 853 1009 nobis
876 951 1069 1008 concorditer
1093 957 1122 1007 et
1145 950 1343 1008 uniformiter
1358 952 1388 1007 in
1405 956 1509 1008 nostra

242 1061 314 1119 sede
352 1060 512 1118 iudiciaria
547 1059 727 1128 retulerunt,
752 1057 834 1130 quod
859 1058 918 1131 ipsi
942 1056 1135 1129 Zagrabiam,
1160 1056 1236 1114 seria
1262 1065 1348 1114 sexta
1371 1058 1509 1129 sequenti

243 1165 448 1241 procedendo
480 1167 520 1223 ab
553 1165 697 1223 omnibus
728 1181 747 1221 a
777 1164 891 1236 quibus
922 1163 1074 1220 decuisset
1104 1170 1134 1219 et
1167 1164 1310 1232 licuisset,
1343 1164 1448 1237 palam
1480 1169 1509 1219 et

243 1272 371 1341 occulte,
395 1271 515 1328 clericis
539 1276 568 1328 et
592 1270 688 1342 laycis
712 1270 954 1341 investigassent,
986 1269 1146 1326 scivissent
1174 1285 1230 1341 per
1253 1269 1357 1325 omnia
1389 1284 1424 1326 ac
1448 1268 1508 1325 fide

243 1377 382 1434 occulata
413 1377 644 1450 conspexissent
675 1375 830 1448 predictos
853 1376 936 1432 cives
960 1376 1138 1432 vulneratos
1162 1376 1337 1446 enormiter,
1362 1376 1415 1432 ubi
1439 1392 1508 1449 pre·

243 1483 342 1540 dictus
379 1483 470 1552 lwan,
503 1481 587 1538 filius
618 1482 805 1553 Draginych,
840 1481 985 1554 spiritum
1016 1482 1175 1551 exalasset,
1212 1481 1251 1537 de
1284 1482 1411 1539 alterius
1447 1483 1509 1539 vita

243 1589 374 1646 dubium
405 1588 580 1658 haberetur,
613 1604 669 1660 per
700 1591 809 1644 manus
832 1587 972 1659 magistri
995 1587 1124 1658 Nicolai,
1149 1587 1206 1644 filii
1231 1587 1370 1644 Brisslini
1394 1594 1423 1645 et
1446 1590 1509 1645 suis

242 1694 450 1768 complicibus
474 1694 620 1767 predictis
629 1713 636 1760 ;
662 1694 715 1750 lite
740 1700 841 1751 tamen
866 1693 1016 1766 pendente
1040 1693 1119 1750 inter
1142 1694 1316 1766 predictum
1337 1695 1508 1766 capitulum

243 1806 272 1857 et
296 1801 379 1856 cives
409 1807 578 1857 annotatos.
610 1800 726 1856 Datum
756 1799 914 1870 Zagrabie,
947 1799 1022 1857 feria
1048 1801 1142 1857 tercia
1166 1801 1309 1872 proxima
1332 1806 1402 1872 post
1425 1799 1508 1856 diem

243 1906 450 1963 concussionis
474 1920 613 1962 ovorum.
638 1907 728 1962 Auno
751 1905 869 1962 domini
892 1907 1034 1980 superius
1057 1913 1209 1963 annotato.

353 2040 492 2106 Originale
518 2041 545 2090 iu
571 2039 667 2090 charta.
695 2044 717 2090 Α
745 2050 819 2105 tergo
846 2048 974 2106 apparent
1005 2041 1115 2108 vestigia
1146 2049 1260 2104 quatuor
1291 2042 1450 2107 sigillorum.
1480 2042 1509 2091 In

244 2129 353 2180 archivo
372 2129 418 2179 lib.
439 2144 493 2194 reg.
513 2128 584 2179 civit.
604 2130 707 2194 zagrab.

829 2345 916 2412 295.

349 2490 425 2536 Anno
449 2490 521 2546 1380,
545 2497 582 2548 14.
602 2489 703 2553 aprilis.
726 2488 878 2553 Zagrabiae.

244 2617 387 2674 Nicolaus
410 2617 443 2672 de
475 2617 574 2672 Vertus
595 2617 711 2689 angrab.
737 2634 823 2672 comcs
849 2618 986 2673 r'tnlicrbus
1008 2618 1142 2672 ambitam
1166 2618 1286 2672 ciusdem
1309 2619 1456 2673 contitutus
1477 2624 1512 2673 ut

242 2723 276 2778 de
298 2740 363 2779 nece
377 2722 522 2778 cuiusdam
545 2721 684 2794 Gregorii
698 2724 835 2796 t'nqm'lini
848 2724 976 2782 ct'm'lutis
998 2722 1167 2779 Greclteusis
1187 2724 1346 2796 inquirant,
1356 2725 1507 2795 praecipit.

241 2896 248 2908 ·
331 2866 414 2923 Viris
437 2865 595 2923 nobilibus
618 2874 647 2922 et
676 2867 810 2922 honestis
840 2866 1003 2936 iudicibus,
1027 2867 1180 2923 nobilium
1211 2868 1374 2923 comitatus
1404 2882 1509 2939 zagra-

244 2973 366 3042 biensis
390 2971 537 3043 magister
561 2971 706 3028 Nicolaus
728 2971 766 3028 de
791 2973 904 3041 Virtus,
929 2987 1032 3028 comes
1052 2973 1259 3044 zagrabiensis
1276 2979 1304 3028 et
1321 2974 1507 3029 castellanus

244 3077 282 3134 de
300 3077 440 3134 Medn'ed
458 3077 630 3133 amiciciam
649 3084 788 3150 paratam
805 3094 876 3134 cum
894 3079 999 3135 salute.
1017 3078 1128 3135 Dicunt
1146 3079 1235 3135 nobis
1252 3079 1352 3139 iudex.
1372 3080 1463 3135 iurati
1481 3090 1509 3135 et

245 3184 380 3240 universi
398 3184 480 3239 cives
496 3183 609 3239 montis
626 3183 817 3254 GrechensiS,
843 3185 929 3255 gravi
947 3201 1016 3240 eum
1035 3186 1169 3256 querela,
1188 3185 1269 3256 <ruod
1289 3185 1363 3242 dum
1381 3185 1507 3257 quidam

243 3289 375 3346 inclinus
398 3291 535 3360 ipsorum
560 3289 675 3345 civium
707 3288 782 3345 feria
811 3295 896 3345 sexta
920 3291 1070 3362 proxima,
1088 3297 1156 3346 ante
1185 3291 1347 3347 meridiem
1365 3291 1507 3347 videlicet

245 3394 428 3451 duodecimo
445 3393 495 3450 die
511 3395 717 3450 concussionis
733 3410 873 3463 ovorum,
891 3396 1014 3452 nomine
1031 3396 1208 3467 Gregorius
1221 3396 1258 3453 ad
1277 3397 1410 3469 quedam
1428 3397 1506 3453 facta

244 3516 299 3556 sua
323 3499 498 3573 peragenda
522 3516 577 3572 per
602 3501 684 3556 viam
708 3516 760 3556 seu
779 3503 968 3558 territorium
986 3502 1167 3558 eorumdem
1183 3503 1298 3559 civium
1323 3504 1506 3569 accessisset,

244 3605 368 3662 tandem
392 3604 519 3677 quidam
542 3604 603 3661 duo
627 3606 805 3676 iobagiones
828 3608 957 3679 capituli
980 3608 1187 3679 zagrabiensis
1211 3608 1338 3663 ecclesie
1360 3608 1505 3680 predicte,

243 3711 406 3794 Johannes‚
431 3710 568 3782 Zagorch
592 3718 786 3783 nuncupatus
810 3718 839 3768 et
863 3714 941 3770 alter
966 3713 1146 3769 Benedictus
1170 3714 1347 3786 appellatus
1364 3714 1402 3770 de
1419 3714 1506 3771 Nova

244 3817 320 3873 villa
344 3817 471 3889 capituli
496 3816 622 3873 ecclesie
647 3817 773 3889 prefate,
793 3833 892 3890 prope
916 3819 1077 3875 ecclesiam
1097 3819 1194 3875 saneti
1209 3819 1357 3901 johannis
1374 3821 1507 3892 baptiste

244 3929 273 3979 et
296 3922 377 3978 beati
400 3921 526 3979 Zakarie
550 3923 652 3996 ipsum
681 3924 815 3980 letaliter
847 3925 1055 3994 wlnerassent,
1087 3926 1141 3981 ubi
1172 3926 1316 3996 spiritum
1350 3926 1380 3982 in
1414 3928 1508 3983 conti·

244 4028 326 4084 nenti
350 4027 500 4084 exalasset
523 4033 553 4084 et
584 4029 628 4085 sic
658 4029 760 4101 ipsum
792 4034 950 4087 mortuum
982 4032 1020 4087 ad
1054 4032 1242 4088 territorium
1275 4031 1347 4087 dicti
1380 4033 1508 4105 capituli

243 4133 353 4190 defferi
377 4132 526 4204 fecissent,
551 4150 644 4207 quem
670 4135 794 4192 tandem
818 4136 1050 4194 abscondissent
1073 4144 1102 4193 et
1126 4137 1268 4194 fecissent
1289 4154 1351 4210 quo
1368 4139 1508 4210 ipsorum

244 4240 410 4313 placuisset
433 4240 602 4309 voluntati;
626 4241 680 4297 lite
702 4247 805 4298 tamen
830 4242 980 4315 pendente
1004 4244 1082 4299 inter
1106 4242 1242 4315 prelatos
1265 4244 1349 4300 cives
1373 4250 1402 4299 et
1426 4245 1510 4315 capi-

245 4346 346 4402 tulum
370 4352 574 4418 prenotatum.
598 4345 699 4420 Super
722 4363 784 4420 quo
808 4354 943 4406 vestram
968 4350 1162 4423 presentibus
1184 4351 1320 4422 petimus
1336 4350 1508 4406 amiciciam

244 4457 273 4508 et
304 4451 522 4510 nichilominus
554 4453 737 4510 mandamus
769 4454 944 4527 diligenter.
976 4463 1125 4527 quatenus
1156 4472 1251 4513 unum
1283 4455 1332 4511 vel
1370 4455 1447 4511 duos
1471 4472 1508 4512 ex

245 4557 336 4614 vobis
360 4559 581 4629 transmittatis
607 4560 660 4633 qui
682 4561 723 4617 ab
745 4561 891 4618 omnibus
914 4562 1068 4634 aquibus
1092 4562 1228 4619 decuerit
1252 4570 1281 4618 et
1305 4562 1426 4619 licuerit
1455 4577 1508 4635 pa-

246 4663 311 4719 lam
334 4669 364 4720 et
387 4665 489 4722 oculte
512 4664 694 4737 inquirendo
725 4666 802 4724 sciat
826 4671 856 4724 et
878 4667 1012 4740 inquirat
1042 4667 1081 4725 de
1113 4669 1272 4742 premissis
1296 4666 1509 4725 omnimodam

244 4769 418 4841 veritatem,
441 4777 472 4827 et
493 4776 566 4845 post
587 4771 644 4829 hec
666 4778 760 4845 prout
783 4772 873 4831 vobis
903 4771 1013 4831 exinde
1044 4774 1159 4831 veritas
1189 4773 1359 4832 constiterit
1382 4772 1509 4832 domino
