3488 5242
641 312 714 370 Dec.
739 322 807 388 197.
835 345 870 352 -
897 310 953 368 An.
977 282 1068 387 1344.
1427 326 1484 381 175

221 516 251 567 et
275 510 443 581 Mychaelis
467 508 570 566 fratris
594 508 732 566 eiusdem
757 507 885 579 nicolai,
910 508 1024 580 quibus
1046 508 1136 565 nobis
1152 507 1334 565 studuerunt
1350 508 1487 580 compla-

223 632 300 683 cere,
323 615 361 673 de
385 630 533 672 consensu
557 620 587 672 et
610 614 837 672 deliberacione
872 615 1089 671 universorum
1116 614 1270 670 nobilium
1295 614 1381 685 regni
1404 611 1488 671 Scla-

222 722 312 779 uonie
336 722 499 779 nobiscum
522 721 731 788 existencium,
755 735 910 778 cameram
935 725 1072 778 nostram
1097 736 1152 793 per
1175 725 1271 776 totam
1288 717 1488 776 Sclauoniam

223 843 292 884 eum
324 828 408 884 omni
437 825 629 900 plenitudine
660 827 736 883 iuris
766 833 796 883 et
828 826 914 884 lucro
946 826 1092 892 eiusdem,
1122 826 1161 883 ad
1185 826 1334 883 bonorem
1357 825 1489 882 banatus

223 934 441 1008 spectantibus
464 949 482 990 a
506 932 583 990 festo
606 934 702 990 sancti
725 933 849 990 Martini
873 931 1057 990 confessoris
1080 933 1228 1005 incipiens
1252 947 1349 1004 usque
1366 931 1487 988 revolu-

223 1041 342 1096 cionem
372 1039 518 1099 eiusdem.
552 1054 608 1112 pro
640 1040 781 1096 trecentis
812 1039 925 1096 marcis
955 1038 1152 1096 denariorum
1182 1052 1335 1095 novorum
1369 1041 1489 1094 monete

224 1153 326 1203 nostre
359 1160 438 1202 anno
468 1146 498 1201 in
529 1147 671 1216 presenti,
703 1161 773 1201 cum
805 1146 941 1217 quinque
964 1143 1066 1218 pensis
1089 1144 1284 1215 computatis
1307 1151 1337 1200 et
1360 1143 1391 1200 in
1415 1158 1489 1215 quo·

224 1252 301 1309 libet
323 1267 426 1307 mense
450 1250 557 1322 viginti
583 1252 718 1322 quinque
743 1251 855 1307 marcis
878 1251 967 1307 nobis
991 1247 1214 1323 persolvendis,
1239 1247 1355 1305 eisdem
1370 1249 1488 1330 Jacobo

224 1358 360 1426 Nicolao‚
384 1356 489 1425 Zuetlr,
513 1358 661 1429 magistro
685 1356 845 1429 Raphaelo
869 1362 898 1412 et
923 1356 1075 1426 Mychaeli
1095 1354 1242 1411 duximus
1258 1354 1473 1413 collocandam
1481 1373 1488 1422 ;

224 1465 360 1536 siquem
386 1464 551 1521 terminum
575 1462 741 1519 solucionis
764 1463 955 1535 preterirent,
972 1478 1041 1518 cum
1063 1460 1175 1518 iudicio
1191 1460 1297 1518 decem
1315 1475 1490 1518 marcarum

223 1571 345 1627 solvere
378 1576 543 1627 teneantur.
576 1569 654 1626 Nam
683 1569 777 1626 iidem
802 1569 930 1626 comites
953 1583 1146 1625 camerarum
1169 1574 1345 1625 nostrarum
1369 1567 1406 1624 de
1430 1581 1491 1624 una

225 1692 330 1732 marca
353 1676 480 1746 argenti,
496 1690 609 1732 novem
627 1691 736 1749 pensas
759 1680 789 1732 et
812 1674 978 1732 duodecim
1002 1667 1176 1751 de(narios),
1193 1673 1391 1731 denariorum
1415 1674 1491 1731 inte-

224 1796 362 1853 grorum,
386 1787 494 1854 quarte
517 1782 748 1850 combustionis,
767 1780 963 1839 fabricabunt
983 1780 1157 1852 obuiosque
1172 1785 1202 1837 et
1218 1795 1332 1853 parvos
1348 1779 1490 1838 denarios

226 1902 345 1943 camere
369 1894 471 1944 nostre
496 1888 604 1959 viginti
620 1902 738 1960 pensas
758 1886 903 1944 videlicet
926 1886 1034 1944 decem
1055 1902 1163 1959 pensas
1180 1885 1218 1943 ad
1235 1902 1399 1944 numerum
1416 1887 1491 1943 inte-

225 2008 354 2064 grorum
378 1993 574 2050 denariorum
607 1992 802 2050 fabricabant
825 1997 855 2049 et
878 2007 957 2050 nona
993 2008 1065 2065 pars
1090 1993 1230 2066 ipsorum
1254 1993 1423 2050 obulorum
1447 1991 1490 2048 s-

226 2098 370 2165 bricetur‚
395 2098 511 2155 scilicet
535 2098 572 2155 de
595 2113 707 2155 novem
732 2100 844 2155 marcis
867 2097 1024 2155 adunam
1048 2113 1185 2156 marcam
1209 2099 1293 2172 ipsos
1316 2098 1436 2169 obulos,
1461 2103 1491 2155 et

224 2219 286 2261 ηοη
315 2205 385 2276 plus
416 2203 588 2261 fabricandi
616 2205 749 2261 habeant
773 2204 966 2273 facultatem;
999 2204 1036 2261 de
1068 2204 1181 2277 quibus
1212 2205 1407 2277 septuaginta
1429 2203 1491 2261 duo

226 2318 354 2367 currunt
377 2319 407 2368 et
430 2311 547 2368 vadunt
571 2327 628 2384 pro
651 2310 774 2380 floreno,
799 2311 1055 2383 cambianturque
1075 2311 1147 2367 novi
1171 2309 1289 2367 denarii
1312 2310 1408 2367 nostri
1432 2325 1490 2383 pro

227 2417 327 2474 tribus
357 2419 490 2490 antiquis
522 2418 663 2487 denariis,
695 2418 782 2475 obuli
814 2422 917 2474 autem
950 2417 1068 2489 antiqui
1092 2417 1122 2473 in
1146 2422 1259 2473 statera
1283 2417 1335 2473 vel
1358 2421 1491 2489 quatuor

226 2538 284 2596 pro
307 2539 368 2580 uno
391 2539 473 2581 novo
496 2523 620 2582 denario
652 2540 772 2581 camere
795 2528 898 2581 nostre
922 2524 1134 2591 cambiantur;
1157 2522 1196 2580 de
1220 2523 1333 2595 quibus
1356 2520 1489 2579 denariis

227 2630 362 2701 quinque
393 2646 486 2702 pense
517 2636 652 2699 currunt,
683 2637 713 2686 et
745 2629 782 2686 de
814 2630 917 2686 obuiis
948 2629 1055 2686 decem
1088 2644 1180 2702 pense
1212 2643 1270 2701 pro
1296 2643 1355 2685 una
1379 2642 1492 2703 marca,

226 2735 253 2790 V
257 2737 392 2793 ienenses
408 2743 511 2793 autern
527 2744 557 2793 et
573 2736 741 2795 Grecenses
760 2736 886 2804 denarii,
900 2737 972 2809 quia
989 2737 1081 2794 tercie
1097 2743 1126 2792 et
1142 2742 1251 2808 quarte
1267 2735 1490 2792 combustionis

227 2843 367 2912 existunt,
384 2843 445 2900 duo
469 2843 508 2899 de
532 2843 606 2916 ipsis
630 2844 742 2900 nostris
760 2844 890 2900 monetis
915 2859 972 2916 pro
995 2849 1127 2916 quatuor
1139 2842 1352 2913 Vyenensibus
1369 2847 1399 2898 et
1415 2841 1492 2899 Gre-

226 2949 368 3005 censibus
392 2949 593 3007 cambiantur.
618 2948 788 3006 Statuimus
811 2950 918 3013 eciam,
943 2949 1025 3022 quod
1049 2951 1074 3006 si
1097 2950 1167 3022 quis
1187 2965 1307 3018 aurum,
1331 2954 1493 3020 argentum

228 3054 278 3109 vel
303 3054 444 3110 denarios
475 3056 617 3127 antiquos
648 3060 734 3112 extra
765 3070 895 3127 regnum
925 3057 955 3115 iu
978 3056 1136 3128 aliquibus
1158 3056 1285 3112 sarcinis
1309 3055 1338 3111 in
1360 3053 1493 3111 diminu-

227 3161 346 3216 cionem
370 3162 455 3232 regni
479 3160 642 3218 Sclauonie
678 3169 871 3235 asportarent
895 3167 924 3219 et
947 3162 1076 3219 comites
1099 3177 1291 3218 camerarum
1317 3168 1492 3217 nostrarum

227 3266 364 3322 invenire
388 3273 521 3338 possent,
546 3283 583 3323 ex
608 3274 679 3324 ωηο
703 3269 848 3325 omnibus
873 3269 966 3325 rebus
990 3275 1018 3325 et
1043 3268 1131 3324 bonis
1155 3268 1217 3325 suis
1240 3267 1315 3340 ipsis
1338 3282 1422 3333 aur0,
1446 3281 1494 3323 ar·

227 3380 318 3446 gento
342 3379 371 3428 et
395 3372 528 3430 denariis
553 3374 687 3445 antiquis
704 3374 836 3430 inventis
853 3376 1015 3447 priventur
1030 3381 1059 3431 et
1076 3374 1255 3447 spolientur.
1272 3372 1358 3444 Quos
1373 3379 1494 3463 nostros

228 3479 369 3535 denarios
397 3494 493 3536 novos
525 3479 563 3535 ad
596 3487 732 3536 nostram
765 3487 919 3537 monetam
944 3479 1120 3545 fabricatos,
1152 3479 1182 3535 in
1206 3479 1283 3536 locis
1307 3478 1441 3551 puplicis
1465 3484 1494 3534 et

228 3585 295 3642 loca
328 3584 429 3642 forum
463 3585 499 3642 ad
534 3585 656 3642 tabulas
687 3587 800 3659 exponi
839 3587 1052 3643 commisimus
1088 3584 1288 3643 cambiendos
1314 3584 1409 3641 modo
1445 3600 1494 3641 su·

230 3692 331 3764 perius
348 3699 510 3760 annotato;
532 3691 571 3748 de
593 3693 707 3764 quibus
723 3692 855 3750 denariis
871 3693 983 3749 nostris
1000 3693 1087 3749 novis
1104 3693 1206 3766 primo
1223 3690 1380 3748 fabricatis
1397 3705 1491 3747 unam

229 3812 366 3854 marcam
390 3797 427 3853 ad
452 3812 508 3854 nos
531 3797 715 3871 recipiend0,
732 3799 791 3854 sub
814 3804 919 3855 nostro
942 3798 1056 3869 sigillo,
1080 3795 1162 3869 quod
1187 3812 1242 3853 nos
1267 3810 1494 3855 conservamus.

229 3909 261 3958 ut
285 3903 310 3959 si
335 3904 363 3960 in
389 3904 492 3974 aliqua
525 3902 659 3960 falsitate
691 3905 719 3960 in
752 3903 940 3976 ampliandis
964 3902 1097 3960 denariis
1121 3908 1241 3959 monete
1265 3909 1368 3959 nostre
1392 3903 1422 3958 in
1446 3917 1493 3958 ca·

229 4024 314 4065 mera
338 4016 366 4065 et
384 4010 412 4065 in
430 4009 621 4082 apponendis
637 4009 675 4066 ad
693 4016 847 4066 monetam
866 4010 950 4083 ipsos
965 4010 1093 4065 comites
1109 4023 1301 4065 camerarum
1319 4014 1493 4065 nostrarum

230 4115 420 4188 apprehendi
445 4117 581 4173 invenire
605 4117 770 4188 contingat,
791 4123 861 4173 tunc
878 4115 1006 4172 eandem
1024 4130 1118 4172 unam
1134 4129 1269 4171 marcam
1287 4121 1392 4170 contra
1410 4114 1494 4185 ipsos

230 4222 259 4277 in
284 4228 428 4278 stateram
450 4223 653 4295 imponemus.
670 4222 756 4294 Quos
772 4223 797 4279 si
814 4223 844 4279 in
860 4222 964 4294 aliqua
981 4222 1122 4293 nequicia
1138 4221 1379 4293 comperiemus·
1390 4220 1494 4277 solum

230 4327 313 4399 quod
338 4329 367 4384 in
392 4344 451 4384 una
484 4344 585 4385 marca
617 4328 789 4398 casualiter,
820 4329 849 4385 in
880 4327 1002 4384 duobus
1026 4327 1076 4384 vel
1101 4327 1131 4384 in
1155 4332 1288 4399 quatuor
1310 4333 1362 4383 aut
1387 4327 1417 4382 in
1441 4341 1494 4383 sex

231 4440 259 4489 et
282 4449 341 4491 non
372 4436 455 4491 ultra
486 4433 618 4491 denariis
646 4434 837 4506 augmentari
872 4435 922 4491 vel
947 4433 1077 4491 diminui
1100 4434 1131 4490 in
1156 4438 1300 4490 stateram
1325 4431 1495 4490 budensem

231 4538 381 4611 ponendo,
413 4541 610 4611 contingeret,
641 4539 694 4596 sed
725 4540 750 4596 si
782 4540 864 4597 ultra
903 4540 978 4613 ipsis
1013 4556 1068 4597 sex
1098 4539 1240 4607 denariis
1271 4539 1370 4612 ipsam
1402 4553 1495 4595 unam

230 4661 367 4703 marcam
399 4648 428 4703 in
460 4650 571 4702 statera
603 4662 657 4703 seu
688 4646 824 4719 pondere
856 4646 964 4719 posita,
995 4644 1163 4703 falsitatem
1194 4650 1224 4702 et
1253 4620 1494 4702 diminucionem

229 4759 394 4827 pateretur,
420 4759 490 4809 tunc
513 4752 640 4809 eosdem
662 4752 835 4826 puniemus,
859 4758 892 4808 ut
915 4752 1009 4823 exigit
1033 4750 1110 4809 ordo
1132 4751 1216 4808 iuris.
1241 4749 1307 4807 Hoc
1336 4765 1492 4824 expressa,
