3488 5242
645 324 718 381 Doc.
741 334 806 400 271.
834 357 870 366 -
896 323 1060 399 Aic1377.
1426 324 1483 383 261

225 522 405 594 religiosum
436 523 539 580 virum
571 522 699 581 fratrem
728 524 863 594 Petrum,
887 524 1024 598 priorem
1048 528 1151 581 nostre
1172 521 1307 593 ecclesie,
1331 537 1428 578 unum
1450 538 1488 579 ex

225 628 315 685 nobis
348 628 387 685 ad
419 628 648 703 infrascriptam
680 630 859 688 citacionem
892 628 1065 686 faciendam
1096 634 1202 685 nostro
1233 643 1290 700 pro
1314 628 1489 684 testimonio

226 731 374 790 duximus
405 733 630 793 destinandum.
661 735 722 808 Qui
746 735 874 793 demum
895 734 1005 792 exinde
1028 734 1068 791 ad
1090 750 1146 792 nos
1168 735 1284 790 reversi
1308 734 1398 790 nobis
1418 748 1489 789 con-

225 838 360 896 corditer
382 841 562 911 retulerunt,
587 841 670 913 quod
695 841 778 898 idem
803 841 897 898 bomo
924 845 1026 897 vestre
1051 840 1227 909 maiestatis,
1252 844 1393 912 presente
1420 856 1490 912 pre·

225 945 343 1017 scripto
367 952 472 1003 nostro
496 948 680 1018 testimonio,
705 947 782 1004 feria
805 948 912 1020 quinta
935 947 1080 1021 proxima
1099 952 1168 1003 ante
1185 945 1297 1002 festum
1313 945 1398 1003 beati
1411 947 1490 1003 Lau·

224 1051 319 1108 rencii
343 1052 488 1121 martiris,
512 1054 654 1125 proxime
677 1053 833 1126 preterita,
857 1052 999 1123 iudicem,
1031 1053 1147 1109 iuratos
1170 1057 1199 1109 et
1222 1053 1383 1109 universos
1407 1052 1490 1109 cives

225 1154 264 1212 de
298 1154 428 1226 Gerech,
457 1157 487 1214 in
519 1158 636 1230 eadem,
668 1165 774 1216 contra
804 1159 987 1216 honorabile
1018 1159 1190 1231 capitulum
1229 1157 1356 1215 ecclesie
1386 1173 1490 1229 zagra-

227 1261 342 1319 biensis
365 1262 403 1318 ad
428 1269 552 1320 octavas
576 1263 644 1321 festi
676 1264 901 1337 assumpcionis
932 1264 1062 1335 virginis
1085 1264 1220 1334 gloriose
1244 1264 1387 1337 proxime
1410 1280 1490 1319 nunc

227 1371 392 1424 venturum
424 1369 454 1424 in
487 1375 587 1425 vestre
618 1370 789 1427 serenitatis
823 1370 1014 1442 presenciam
1048 1369 1231 1427 citavissent.
1267 1369 1384 1425 Datum
1415 1368 1491 1426 feria

226 1477 313 1528 sexta
343 1473 485 1546 proxima
520 1480 590 1547 post
625 1474 739 1532 festum
769 1475 887 1533 dictum
918 1475 1000 1532 beati
1031 1476 1190 1532 Laurencii
1221 1476 1365 1534 martiris
1400 1477 1490 1533 Anno

227 1577 345 1637 domini
368 1578 564 1637 MCCCLXX
587 1583 728 1655 septimo.

316 1712 455 1778 Originale
475 1714 502 1764 in
522 1715 619 1773 charta,
641 1716 666 1766 in
684 1717 805 1782 margine
824 1717 896 1767 dorsi
917 1716 1073 1782 impressum
1086 1717 1206 1782 sigillum
1220 1717 1325 1766 decidit.
1339 1718 1370 1766 ln
1383 1718 1491 1767 archivo

227 1798 273 1848 lib.
293 1816 348 1865 reg.
369 1800 441 1852 civit.
461 1804 565 1869 zagrab.

818 2001 898 2069 2⁷1.

317 2140 392 2188 Auno
416 2147 489 2197 1377,
508 2140 551 2190 die
571 2150 612 2199 23.
632 2141 755 2206 Augusti.
778 2140 808 2191 In
826 2141 892 2191 villa
910 2142 1016 2191 Boklar.

230 2265 379 2322 Elisabeth
409 2269 510 2339 regina
533 2270 710 2341 Hurtgariae
732 2271 887 2341 comitibus,
911 2273 1113 2330 vicecomitibus
1135 2281 1164 2329 et
1184 2271 1325 2331 iudicibus
1354 2273 1494 2331 nobilium

227 2372 374 2430 comitatur
396 2373 546 2443 crisiensis‚
566 2375 761 2449 sagrabiensis
788 2385 816 2434 cl
832 2379 996 2450 genituris,
1017 2387 1051 2435 ut
1071 2379 1104 2435 de
1126 2380 1302 2452 perpetratis
1324 2379 1493 2452 quibusdum

418 2482 541 2556 nefariis
568 2482 676 2539 actibus
697 2484 819 2556 capituli
838 2483 953 2557 zagrab.
977 2485 1136 2558 inquirant,
1156 2484 1305 2558 praecipit.

317 2642 454 2699 Elizabet
477 2642 527 2700 dei
549 2645 653 2715 gracia
676 2645 783 2716 regina
805 2646 971 2718 Hungarie,
996 2646 1132 2715 Potonie,
1148 2646 1309 2702 Dalmacie
1328 2650 1383 2703 etc.
1407 2646 1495 2704 Fide·

229 2750 313 2806 libus
344 2749 406 2806 suis
439 2750 605 2807 comitibus
635 2750 686 2807 vel
709 2732 943 2809 vicecomitibus
967 2758 996 2809 et
1019 2752 1173 2810 iudicibus
1197 2752 1350 2808 nobilium
1373 2751 1495 2809 sedium

228 2855 389 2925 crisiensis‚
412 2857 619 2927 zagrabiensis
641 2864 671 2914 et
693 2859 861 2929 goricensis
884 2859 1015 2916 salutem
1039 2865 1068 2915 et
1094 2859 1239 2930 graciam.
1266 2857 1495 2930 Proposuerunt

228 2960 318 3017 nobis
349 2960 502 3032 Georgius
531 2962 753 3019 stacbionarius
782 2968 812 3019 et
838 2963 916 3020 alter
939 2963 1100 3036 Georgius,
1123 2963 1208 3020 filius
1240 2963 1371 3033 Martini,
1395 2963 1495 3033 iurati,

230 3066 262 3123 in
285 3081 392 3123 eorum
416 3071 445 3123 et
471 3067 580 3125 iudicis
604 3083 639 3124 ac
661 3068 796 3125 aliorum
819 3069 991 3126 iuratorum
1014 3056 1142 3126 suorum
1165 3068 1204 3125 de
1227 3073 1332 3126 monte
1347 3067 1495 3126 Grecensi

230 3171 268 3228 de
291 3171 442 3243 Zagrabia
466 3174 614 3245 personis,
635 3174 718 3246 quod
735 3190 753 3231 a
768 3181 909 3248 tempore
925 3175 1110 3248 pestilencie,
1127 3175 1234 3247 quein
1251 3178 1357 3231 nostra
1373 3175 1496 3231 civitate

230 3277 369 3351 predicta
392 3276 537 3336 Grecensi
560 3280 667 3351 viguit,
691 3280 836 3338 videlicet
858 3281 890 3337 in
913 3296 992 3338 anno
1015 3280 1134 3339 domini
1158 3278 1352 3337 MCCCLXX
1376 3284 1496 3351 quarto,

231 3384 403 3457 capitulum
437 3385 644 3456 zagrabiensis
676 3386 803 3442 ecclesie
836 3385 986 3459 quasdam
1022 3387 1128 3445 vineas
1155 3388 1187 3444 in
1210 3387 1323 3446 tenutis
1355 3386 1496 3458 ipsorum

230 3497 430 3562 occupassent
453 3498 483 3549 et
506 3509 586 3549 nunc
607 3498 772 3566 occupatas
795 3492 966 3551 detinerent
988 3501 1094 3552 contra
1109 3494 1228 3552 litteras
1244 3495 1385 3568 ipsorum
1400 3492 1497 3565 privi-

229 3596 359 3668 legiatas
382 3602 412 3654 et
427 3597 608 3655 mandatum
624 3605 764 3656 nostrum
779 3600 1006 3658 litteratorium.
1026 3601 1094 3657 Hiis
1109 3615 1170 3657 non
1186 3601 1328 3668 contenti,
1345 3603 1498 3656 transacta

155 3706 161 3720 ·
230 3703 298 3774 ipsa
320 3704 510 3775 pestilencia,
533 3720 613 3761 anno
636 3706 784 3777 sequenti,
808 3705 966 3778 quoddam
982 3707 1140 3763 stabulum
1163 3707 1195 3764 in
1219 3705 1370 3762 suburbio
1393 3710 1497 3762 nostre

231 3808 363 3865 civitatis
386 3810 524 3882 predicte
547 3810 703 3867 desertum
727 3811 889 3868 incendere
912 3811 1053 3869 fecissent
1076 3818 1216 3885 tempore
1239 3808 1388 3868 nocturno
1421 3809 1497 3866 dum

231 3919 340 3970 ventus
370 3915 491 3972 oribilis
522 3917 660 3974 affuisset
694 3924 723 3974 et
754 3918 859 3974 vicum
885 3917 1126 3975 Teutonicorum
1150 3934 1206 3991 per
1228 3917 1333 3973 omnia
1356 3914 1498 3972 fecissent

231 4023 427 4079 concremari.
461 4022 517 4080 His
548 4038 609 4080 non
639 4024 780 4093 contenti,
804 4024 834 4080 in
865 4039 945 4081 anno
975 4025 1110 4096 presenti
1140 4024 1172 4081 in
1202 4023 1311 4094 vigilia
1333 4022 1497 4079 beatorum

231 4127 368 4201 Philippi
385 4134 414 4184 et
436 4128 544 4209 Jacobi
567 4129 789 4202 apostolorum,
808 4129 948 4186 homines
975 4128 1106 4201 predicti
1128 4128 1256 4201 capituti
1280 4143 1335 4200 per
1359 4126 1498 4183 eiusdem

231 4235 481 4292 commissionem
508 4234 685 4307 specialem,
715 4234 769 4292 ubi
800 4234 923 4305 femine,
961 4235 1108 4291 mulieres
1142 4240 1172 4291 et
1208 4233 1343 4304 virgines
1378 4232 1408 4289 in
1446 4233 1498 4288 via

232 4341 358 4415 publica
388 4356 459 4398 enm
490 4342 645 4398 mercibus
677 4341 815 4414 ipsarum
845 4340 885 4398 ad
919 4341 1022 4399 lorum
1053 4341 1137 4398 clara
1168 4340 1237 4397 luce
1269 4339 1497 4412 processissent,

232 4446 355 4504 easdem
379 4447 571 4521 spoliassent,
596 4446 801 4504 denudassent
825 4452 855 4504 et
878 4448 1093 4520 deturpassent
1124 4447 1156 4504 in
1180 4445 1313 4502 dedecus
1336 4444 1499 4501 muliebris

232 4569 323 4610 sexus
346 4561 376 4610 et
399 4554 537 4623 honoris;
572 4558 602 4610 et
625 4554 680 4610 nbi
702 4553 809 4610 eedem
838 4554 984 4611 mulieres
1008 4559 1037 4610 et
1060 4552 1196 4625 virgines
1217 4551 1388 4607 clamorem
1411 4548 1499 4606 iecis-

232 4664 299 4716 sent
322 4658 360 4715 de
383 4659 492 4732 spoliis
523 4675 630 4717 earum
662 4665 735 4717 tunc
763 4660 839 4733 ipsis
859 4660 981 4731 ablatis,
1004 4663 1034 4716 et
1057 4674 1127 4716 cum
1151 4659 1234 4732 ipsas
1257 4654 1422 4713 defendere
1444 4670 1500 4712 vo·

233 4768 361 4825 luissent
392 4767 497 4824 mariti
529 4773 558 4824 et
588 4767 711 4839 cognati
742 4767 890 4840 ipsarum,
921 4763 1053 4837 predicti
1083 4764 1223 4823 homines
1251 4761 1381 4836 capituli
1406 4776 1501 4834 super
