3488 5242
256 364 316 417 ino
386 325 392 336 ⁹
670 346 742 404 Doc.
768 360 837 423 194.
864 379 898 387 -
926 345 982 402 An.
1007 360 1095 423 1344·

248 558 346 614 usque
376 557 465 613 nunc,
497 543 608 614 quovis
639 543 733 600 modo
765 544 844 601 inter
872 545 956 617 ipsos
986 545 1109 612 habitis,
1141 545 1237 602 illatis
1267 551 1297 601 et
1328 545 1451 616 exortis,
1478 552 1511 602 ut

245 648 347 704 omnis
379 648 598 705 discolositatis
629 665 738 706 rancor
769 649 807 706 de
839 649 941 706 medio
973 651 1113 724 ipsorum
1144 649 1304 706 sedaretur
1337 655 1368 706 et
1390 651 1512 723 penitus

247 759 448 825 evanesceret,
472 754 567 812 corda
588 756 785 813 conciliantes
808 757 940 826 turbata,
964 771 1058 828 seque
1079 754 1215 828 perfecte
1238 755 1373 813 caritatis
1389 755 1511 812 fervore

246 860 392 932 amplecti
416 861 572 918 anelantes
596 862 699 918 taliter
722 861 957 918 concordassent
980 866 1010 918 et
1033 877 1071 918 ex
1096 867 1200 918 nostra
1227 876 1262 917 ac
1278 860 1431 918 dictorum
1449 876 1513 917 ma·

246 966 415 1037 gistrorum
447 967 603 1047 Johannis,
636 967 784 1040 Chylrow,
815 967 943 1040 Chenylr
975 976 1004 1024 et
1035 968 1169 1025 aliorum
1196 967 1350 1024 nobilium
1374 967 1513 1024 virorum

247 1070 445 1129 ordinacione
468 1078 499 1129 et
514 1074 741 1146 composicione
758 1073 982 1131 concordarunt
1005 1089 1108 1131 coram
1132 1075 1231 1144 nobis,
1248 1073 1331 1146 quod
1354 1072 1436 1130 idem
1461 1073 1513 1130 Ni·

252 1177 358 1234 colaus
394 1180 493 1236 banus
528 1178 678 1251 quasdam
712 1180 968 1253 possessionarias
1007 1180 1168 1253 porciones
1203 1180 1232 1236 in
1269 1179 1514 1252 possessionibus

247 1282 403 1340 Hothkow
429 1290 457 1340 et
477 1283 711 1357 Scenthgyurgh
729 1286 854 1356 vocatis,
871 1286 901 1343 in
921 1285 1004 1343 dicto
1026 1286 1140 1344 banatu
1157 1286 1366 1356 existentibus,
1384 1285 1513 1354 habitas,

249 1405 309 1462 que
340 1404 399 1463 pro
430 1389 543 1448 debitis
574 1407 627 1449 seu
659 1391 798 1449 collectis
828 1392 1011 1449 banovstina
1042 1399 1071 1450 et
1097 1392 1340 1449 marturinarum
1375 1389 1514 1464 predicto

249 1494 361 1568 hlylrch
387 1498 467 1554 bano
491 1495 619 1554 fuissent
643 1496 789 1555 devolute
812 1503 842 1555 et
866 1497 1022 1571 quandam
1046 1498 1319 1571 possessionariam
1336 1497 1513 1571 porcionem

249 1601 405 1674 quondam
439 1602 565 1674 Thome,
602 1603 660 1661 filii
687 1603 852 1675 Dominio,
876 1605 907 1662 in
930 1605 1122 1676 possessione
1148 1602 1297 1660 Rakonuk
1321 1608 1429 1660 vocata
1452 1602 1515 1660 exi-

250 1712 390 1779 stentem,
423 1723 483 1780 que
506 1709 650 1766 similiter
680 1708 780 1766 eidem
809 1709 922 1782 Mykch
952 1710 1033 1766 bano
1060 1725 1118 1782 pro
1141 1708 1338 1767 iudicialibus
1361 1709 1515 1780 gravami-

249 1814 340 1871 nibus
372 1813 478 1872 fuisset
510 1815 664 1886 devoluta,
699 1831 769 1872 cum
801 1816 946 1872 omnibus
977 1831 1085 1873 earum
1117 1815 1313 1885 utilitatibus,
1344 1814 1451 1871 usibus
1486 1820 1515 1870 et

249 1920 454 1992 proventibus
482 1926 576 1993 prout
609 1921 716 1980 eedem
746 1921 829 1996 apud
859 1937 968 1979 manus
1001 1921 1074 1979 dicti
1105 1920 1216 1993 Mykch
1241 1921 1312 1977 bani
1336 1921 1515 1991 extitissent,

251 2025 473 2098 prenominatis
496 2027 653 2098 magistris
676 2026 831 2101 Stephano
855 2035 885 2084 et
908 2027 1002 2099 Alius,
1034 2020 1244 2098 filiis'Mykch
1269 2027 1349 2097 bani,
1381 2041 1417 2082 eo
1440 2027 1516 2083 iuris

252 2125 342 2187 titulo
366 2136 396 2188 et
419 2148 454 2188 ea
484 2131 685 2205 plenitudinis
717 2133 886 2206 quantitate
917 2132 1183 2205 quemadmodum
1215 2132 1300 2189 iuxta
1323 2130 1516 2189 consvetudi·

250 2237 369 2293 nariam
393 2237 494 2310 legem
526 2239 622 2311 ipsius
645 2245 726 2296 terre
749 2240 879 2296 bonatus
906 2237 988 2312 apud
1014 2253 1123 2294 manus
1146 2253 1216 2293 suas
1239 2253 1318 2294 nunc
1341 2237 1515 2305 existerent,

252 2342 429 2415 reliquisset
452 2350 481 2400 et
505 2344 697 2417 resignasset,
726 2360 765 2401 ae
784 2345 911 2418 reliquit
935 2352 964 2402 et
987 2344 1155 2416 resignavit
1178 2359 1284 2400 coram
1307 2343 1396 2400 nobis
1420 2344 1516 2416 possi·

251 2446 331 2519 dere,
365 2454 467 2506 tenere
499 2456 528 2507 et
558 2450 681 2508 habere.
712 2451 854 2508 Preterea
885 2450 967 2508 idem
999 2450 1145 2507 Nicolaus
1176 2451 1275 2507 banus
1310 2450 1517 2522 possessiones

252 2553 462 2626 quorumdam
486 2556 656 2626 hominum,
681 2562 714 2613 ut
737 2557 889 2627 dicebant,
917 2556 1091 2614 infidelium
1115 2555 1233 2613 domini
1256 2556 1346 2627 regis,
1372 2555 1516 2612 videlicet

252 2660 410 2733 quoddam
443 2662 589 2719 balneum
623 2663 651 2720 in
683 2661 821 2720 inferiori
852 2670 940 2736 parte
975 2662 1108 2720 civitatis
1137 2662 1344 2733 zagrabiensis
1376 2662 1517 2730 existens,

253 2783 324 2824 cum
348 2768 493 2826 omnibus
516 2766 670 2839 domibus
702 2769 888 2826 utilitatibus
911 2776 940 2826 et
964 2768 1092 2826 edificiis
1116 2769 1179 2826 suis
1202 2785 1237 2826 ae
1262 2768 1357 2825 lundo
1380 2768 1464 2825 curie
1488 2768 1516 2825 io

253 2887 315 2946 quo
346 2873 429 2930 idem
461 2874 608 2932 balneum
639 2875 741 2932 existit
772 2886 802 2933 et
829 2875 1042 2933 molendinum
1073 2873 1253 2931 eorumdem
1286 2873 1459 2930 infidelium
1487 2874 1517 2929 in

254 2977 362 3036 eadem
397 2979 520 3036 civitate
551 2980 581 3036 in
605 2980 700 3037 lluvio
723 2980 761 3037 de
784 2980 935 3038 suburbio
959 2981 1050 3037 castri
1074 2980 1183 3037 hledue
1206 2979 1339 3035 currenti
1364 2979 1458 3035 situm
1482 2994 1518 3034 ac

255 3091 317 3142 tres
347 3086 452 3142 vineas
484 3086 665 3143 eorumdem
697 3086 870 3144 infidelium
901 3094 987 3144 extra
1011 3086 1139 3163 eandem
1164 3086 1318 3142 civitatem
1345 3085 1518 3154 existentes,

254 3191 386 3249 scilicet:
411 3208 503 3248 unam
527 3192 683 3265 quondam
699 3192 825 3263 Endree,
850 3201 880 3251 et
903 3196 979 3252 alias
1003 3194 1079 3250 duas
1100 3209 1169 3250 cum
1187 3193 1303 3261 eadem,
1321 3192 1435 3248 eisdem
1454 3207 1518 3248 ma·

255 3299 358 3370 gistris
382 3296 538 3369 Stephano
563 3307 592 3354 et
617 3298 709 3370 AkuS,
735 3299 808 3357 filiis
835 3300 992 3373 quondam
1016 3299 1129 3371 Mykch
1152 3299 1225 3355 bani
1249 3307 1408 3355 eteorum
1432 3298 1519 3354 here·

255 3402 355 3471 dibus
387 3403 600 3476 heredumque
630 3420 758 3462 suorum
785 3407 1015 3464 successoribus
1046 3422 1081 3462 ac
1111 3404 1344 3478 posteritatibus
1369 3405 1519 3460 universis

255 3525 291 3566 eo
315 3511 380 3567 iure
403 3515 432 3566 et
456 3525 491 3566 ea
515 3509 715 3584 plenitudinis
739 3512 909 3585 quantitate
925 3521 1016 3587 prout
1033 3512 1115 3569 idem
1133 3512 1289 3580 balneum,
1307 3510 1519 3566 molendinum

256 3622 286 3672 et
310 3622 373 3672 tres
403 3615 492 3672 vinee
523 3623 682 3689 pretaxate
714 3619 857 3675 manibus
884 3619 977 3690 regiis
1000 3624 1031 3675 et
1052 3634 1109 3692 per
1132 3633 1320 3688 consequens
1344 3617 1406 3673 suis
1429 3615 1520 3672 deve-

255 3723 378 3792 nissent,
401 3721 543 3793 dedisset,
575 3722 759 3794 tradidisset,
789 3725 963 3797 reliquisset
994 3741 1029 3781 ac
1060 3723 1152 3793 dedit,
1185 3722 1310 3780 tradidit
1341 3729 1371 3779 et
1396 3722 1520 3793 reliquit

256 3843 359 3884 coram
384 3828 474 3885 nobis
496 3835 649 3901 perpetuo
679 3837 709 3887 et
740 3830 985 3887 irrevocabiliter
1016 3830 1181 3902 possidere,
1209 3834 1311 3885 tenere
1335 3834 1364 3884 et
1388 3829 1518 3896 habere;

256 3950 272 3990 e
303 3951 454 3992 converso
485 3942 588 3993 autem
620 3936 750 4010 predicti
782 3937 922 4009 magistri
953 3936 1126 4010 Stephanus
1153 3945 1183 3991 et
1207 3934 1300 4005 Akus,
1325 3933 1382 3989 filii
1408 3932 1520 4004 hlylreh

258 4040 337 4111 bani,
360 4039 518 4113 quoddam
543 4042 711 4115 pallacium
736 4042 874 4115 ipsorum
901 4043 1003 4116 precio
1028 4047 1243 4115 comparatum
1268 4041 1297 4096 in
1321 4038 1428 4095 eadem
1447 4039 1520 4095 civi-

257 4151 319 4203 tate
340 4148 532 4219 zagrabiensi
555 4149 636 4205 circa
660 4149 827 4222 pallacium
844 4165 896 4206 seu
913 4155 1048 4206 castrum
1065 4148 1183 4205 domini
1199 4149 1279 4219 regis
1296 4147 1380 4203 iuxta
1399 4153 1521 4218 portam

257 4253 389 4309 existens
420 4269 489 4311 eum
522 4269 582 4310 uno
613 4253 709 4311 fundo
739 4255 831 4324 curie,
863 4255 1002 4327 ipsorum
1026 4254 1168 4311 similiter
1192 4254 1295 4326 precio
1332 4259 1520 4324 comparato,

260 4359 340 4415 circa
364 4358 445 4415 idem
470 4360 638 4432 pallacium
663 4367 749 4417 extra
773 4361 874 4434 ipsam
897 4361 1053 4417 civitatem
1078 4368 1199 4433 aparte
1216 4358 1355 4415 meridiei
1372 4358 1521 4424 existenti,

259 4464 348 4521 vinea
371 4473 400 4521 et
424 4465 540 4536 piscina
565 4467 594 4522 in
618 4465 726 4523 eodem
761 4465 856 4523 fundo
888 4467 971 4523 curie
994 4465 1204 4522 adiacentibus
1228 4481 1262 4521 ac
1286 4465 1354 4519 aliis
1377 4463 1522 4518 omnibus

259 4571 322 4628 suis
351 4571 546 4644 utilitatibus,
576 4571 721 4629 videlicet
744 4573 811 4629 iura
844 4573 984 4646 ipsorum
1015 4572 1168 4646 empticia‚
1204 4570 1358 4644 prelibato
1394 4568 1522 4625 Nicolao

260 4678 341 4735 bano
364 4683 394 4736 et
417 4678 479 4736 suis
502 4677 668 4737 heredibus
703 4677 915 4752 heredumque
938 4693 1066 4736 suorum
1089 4677 1318 4735 successoribus
1340 4683 1370 4733 et
1393 4675 1523 4749 posteri·

261 4784 375 4842 tatibus
407 4784 560 4843 universis
590 4783 745 4844 dedissent
773 4790 803 4843 et
830 4784 1026 4844 tradidissent
1049 4800 1084 4842 ac
1107 4782 1257 4842 dederunt
1280 4788 1310 4840 et
1331 4779 1524 4839 tradiderunt
