3488 5242
614 332 875 410 Doc.159.160.
901 369 935 378 -
963 336 1018 394 An.
1046 350 1131 413 1333·

827 529 910 596 159.

347 653 421 701 Anno
443 661 516 711 1333,
537 663 578 714 29.
601 651 702 718 aprilis.
723 652 754 702 In
773 652 940 717 Kaproncha.

240 762 339 819 Mikic‘
357 764 441 819 totms
465 761 623 819 Slooonioe
645 763 746 833 bonus,
775 765 849 821 cives
878 763 1051 822 Grecltcnses
1073 782 1093 819 a
1115 764 1249 821 solvendo
1272 764 1350 819 lucro
1376 782 1505 820 conterno

567 886 570 893 ·
604 868 639 925 de
661 869 744 926 rebus
765 877 794 926 ct
813 871 1008 940 mercimoniis,
1030 870 1139 927 liberat.

324 995 389 1052 Nos
423 996 535 1068 Mykch
560 996 657 1054 tocius
680 995 842 1054 Sclauonie
866 997 973 1054 banus.
1004 997 1152 1053 Memorie
1179 995 1438 1066 commendantes,
1463 1003 1505 1053 te·

238 1116 312 1157 nore
335 1103 530 1175 presencium
565 1102 775 1174 significamus
798 1103 912 1176 quibus
944 1101 1069 1175 expedit
1095 1101 1255 1159 universis.
1281 1101 1437 1173 Quoniam
1459 1117 1505 1168 ea,

238 1222 298 1278 que
320 1213 469 1279 geruntur
492 1208 522 1264 in
547 1214 696 1281 tempore,
726 1224 764 1265 ne
794 1208 825 1264 in
859 1214 1017 1281 posterum
1049 1206 1191 1264 dittluant
1214 1222 1284 1264 cum
1309 1213 1450 1279 tempore
1474 1216 1503 1264 et

239 1312 392 1383 labantur,
416 1311 455 1368 ad
479 1314 632 1369 cautelam
655 1312 763 1386 scripti
785 1313 884 1370 solent
907 1312 1078 1387 patrocinio
1110 1313 1316 1384 perempnari.
1347 1312 1426 1369 Hinc
1450 1319 1503 1382 est,

238 1415 320 1489 quod
345 1423 510 1490 postquam
535 1419 658 1475 volente
690 1417 816 1475 domino
847 1418 913 1488 celi,
945 1424 1126 1475 cunctorum
1158 1417 1325 1488 conditore,
1349 1434 1386 1475 ex
1411 1417 1505 1475 dilec-

236 1523 323 1580 cione
346 1523 534 1580 serenissimi
558 1523 707 1597 principis
731 1523 850 1581 domini
874 1524 990 1591 Karoli‚
1014 1522 1063 1580 dei
1086 1523 1191 1595 gracia
1207 1523 1305 1580 incliti
1321 1523 1403 1595 regis
1421 1523 1504 1580 Hun-

236 1630 329 1701 garie‚
353 1628 472 1686 domini
504 1630 599 1687 nostri
631 1629 789 1700 naturalis,
823 1631 853 1687 in
872 1630 1019 1686 banatum
1051 1628 1214 1687 Sclauonie
1241 1629 1377 1686 mansuri
1413 1629 1505 1686 intra·

237 1735 348 1804 vimus,
372 1735 524 1791 continuis
546 1735 659 1792 nostris
683 1735 937 1808 inquisicionibus
954 1740 983 1791 et
999 1735 1291 1806 investigacionibus
1312 1736 1505 1807 agnovimus,

237 1846 271 1897 ut
293 1841 377 1897 cives
400 1839 439 1897 de
462 1847 567 1917 monte
590 1840 744 1911 Grecensi,
775 1841 992 1899 universaliter
1023 1847 1053 1898 et
1081 1841 1279 1913 singulariter
1302 1840 1340 1898 de
1364 1842 1506 1913 ipsorum

237 1946 325 2003 bonis
349 1951 379 2002 et
401 1947 494 2003 rebus
517 1946 709 2019 quibuslibet
735 1948 856 2005 lucrum
882 1961 1003 2003 camere
1027 1962 1080 2003 seu
1103 1945 1223 2019 aliquid
1254 1961 1312 2019 pro
1341 1947 1429 2002 lucro
1457 1961 1505 2002 ca-

240 2067 325 2108 mere
347 2051 514 2108 comitibus
542 2051 683 2125 ipsarum
714 2052 765 2109 vel
798 2068 906 2109 eorum
938 2051 1127 2110 officialibus
1150 2067 1208 2124 pro
1233 2056 1372 2125 tempore
1395 2052 1505 2109 consti·

238 2156 367 2227 tuendis,
385 2157 480 2214 nullis
503 2163 682 2231 temporum
706 2158 877 2229 curriculis,
895 2160 925 2215 in
941 2159 1029 2216 nullo
1044 2158 1186 2215 locorum
1210 2159 1241 2215 in
1265 2159 1404 2215 terminis
1419 2159 1505 2231 regni

237 2263 396 2335 Hungarie
416 2269 445 2319 et
468 2261 632 2320 Sclauonie
656 2264 857 2321 existencium
889 2265 1067 2322 habitaculo
1101 2264 1256 2322 dedissent
1280 2272 1310 2322 et
1333 2264 1505 2335 solvissent,

235 2385 291 2426 nec
314 2370 396 2426 enim
420 2385 475 2426 nos
498 2369 610 2426 nostris
633 2369 664 2427 in
686 2370 879 2443 temporibus
907 2370 1031 2427 eosdem
1049 2371 1132 2427 cives
1147 2369 1316 2428 Grecenses
1333 2371 1382 2426 vel
1400 2386 1506 2443 quem-

237 2475 313 2531 libet
344 2490 453 2531 eorum
484 2474 522 2531 ad
555 2473 739 2532 solvendum
771 2476 875 2549 ipsum
908 2476 1030 2533 lucrum
1062 2492 1183 2533 camere
1215 2484 1317 2533 nostre
1340 2477 1507 2534 comitibus

237 2579 416 2637 earumdem
440 2581 491 2638 vel
514 2581 655 2654 ipsorum
676 2580 864 2639 officialibus
888 2590 939 2638 aut
963 2581 1081 2654 aliquid
1106 2598 1164 2654 pro
1189 2582 1297 2640 eodem
1322 2583 1409 2639 luero
1433 2582 1506 2639 dan·

238 2686 314 2743 dum
338 2694 367 2743 et
391 2685 592 2744 tribuendum
614 2686 761 2744 duximus
785 2687 985 2756 coercendos;
1009 2687 1063 2744 sed
1087 2698 1120 2745 ut
1145 2688 1174 2744 in
1199 2694 1356 2761 posterum
1381 2704 1437 2760 per
1452 2703 1506 2745 no-

238 2799 318 2851 stros
341 2809 532 2850 successores
555 2794 607 2850 vel
633 2809 741 2850 eorum
765 2792 915 2850 officiales
939 2795 1102 2851 memorati
1130 2795 1213 2851 cives
1247 2793 1415 2851 Grecenses
1440 2796 1505 2850 uni·

239 2900 401 2956 versaliter
423 2906 453 2956 et
476 2900 674 2972 singulariter
696 2900 726 2957 in
751 2898 831 2957 facto
855 2900 952 2972 ipsius
977 2901 1054 2958 lucri
1078 2916 1199 2957 camere
1215 2901 1245 2956 in
1263 2901 1402 2957 terminis
1420 2902 1503 2973 regni

237 3003 399 3063 Sclauonie
423 3006 453 3062 in
477 3006 617 3078 quolibet
638 3021 697 3062 non
721 3008 837 3079 possint
870 3006 899 3062 in
932 3006 1069 3078 ipsorum
1103 3006 1196 3062 rebus
1220 3012 1249 3062 et
1274 3006 1362 3061 bonis
1385 3006 1504 3078 aliqua-

237 3112 308 3168 liter
330 3111 458 3168 lacerari
483 3121 512 3169 et
536 3112 766 3185 condempnari,
793 3128 851 3185 pro
875 3127 911 3168 eo
935 3112 1156 3181 commisimus,
1180 3110 1261 3183 quod
1298 3112 1505 3183 prenominati

239 3219 321 3274 cives
344 3217 512 3275 Grecenses
537 3219 752 3275 universaliter
776 3224 806 3276 et
828 3217 1026 3289 singulariter
1049 3233 1120 3273 cum
1138 3217 1226 3273 bonis
1242 3222 1270 3273 et
1288 3217 1381 3273 rebus
1397 3232 1505 3273 eorum

239 3323 524 3380 mercimonialibus
544 3325 695 3381 universis
711 3325 741 3381 in
758 3323 839 3381 facto
855 3324 952 3396 ipsius
969 3324 1047 3380 lucri
1063 3339 1183 3379 camere
1201 3324 1260 3379 sint
1277 3323 1367 3380 liberi
1384 3324 1506 3396 penitus

239 3435 269 3485 et
292 3430 427 3501 exempti
453 3429 564 3501 iugiter
587 3435 616 3487 et
640 3430 670 3486 in
686 3445 788 3499 evum,
810 3430 950 3486 locorum
968 3430 1108 3501 quolibet
1124 3430 1302 3487 habitaculo
1320 3429 1349 3486 in
1367 3430 1506 3486 terminis

238 3535 323 3606 regni
339 3533 501 3592 Sclauonie
514 3536 705 3592 situatorum.
731 3536 762 3592 ln
776 3536 862 3592 cuius
873 3536 917 3593 rei
938 3536 1147 3593 testimonium
1164 3537 1339 3592 uberiorem
1353 3535 1389 3592 ad
1405 3543 1506 3592 caute·

240 3641 303 3696 lam
327 3646 482 3714 presentes
508 3641 713 3698 concessimus
730 3642 847 3698 litteras
869 3648 987 3698 nostras
1004 3641 1164 3713 pendentis
1180 3642 1276 3712 sigilli
1293 3642 1388 3698 nostri
1406 3642 1505 3698 muni·

240 3746 321 3803 mine
338 3746 506 3803 roboratas.
525 3746 640 3803 Datum
657 3747 687 3803 in
706 3747 899 3819 Koproneha,
917 3747 1024 3818 quinta
1046 3746 1121 3803 feria
1138 3748 1281 3820 proxima
1299 3755 1368 3818 post
1392 3745 1503 3803 testum

238 3853 320 3909 beati
330 3851 456 3924 Georgii
469 3852 612 3909 martiris.
624 3853 711 3908 Anno
723 3854 763 3908 ab
774 3853 984 3909 incarnacione
993 3852 1110 3909 domini
1122 3851 1229 3908 MCCC
1240 3853 1394 3909 tricesimo
1404 3853 1506 3909 tercio.

328 3967 467 4034 Originale
487 3968 513 4018 in
534 3970 692 4026 membrana,
717 3969 848 4018 esericea
875 3970 956 4018 rubra
981 3976 1007 4018 et
1033 3969 1113 4018 uiridi
1133 3985 1204 4026 zona,
1229 3969 1360 4033 pendebat
1378 3968 1504 4033 sigillum.

239 4056 268 4105 In
287 4056 396 4107 archivo
416 4057 462 4107 lib.
482 4072 536 4122 reg.
557 4058 628 4108 civit.
648 4059 752 4123 zagrab.

825 4271 912 4336 160.

346 4325 421 4371 Anno
445 4332 518 4382 1333,
541 4333 578 4372 12.
595 4322 665 4372 maii.

305 4434 379 4489 hilii
398 4433 545 4489 cuiusdam
571 4434 673 4501 Blasii,
697 4436 808 4490 vineam
832 4435 862 4489 io
886 4442 977 4490 inolito
1006 4433 1100 4490 Greclr
1123 4436 1207 4490 sitnm
1230 4435 1439 4505 consanguineo

530 4558 582 4596 suo
605 4540 710 4627 Panda
732 4541 833 4598 conciti
852 4541 989 4608 terrestri,
1011 4539 1083 4594 ‹lono
1105 4538 1212 4595 cedunt.

331 4663 393 4720 Nos
417 4679 520 4721 comes
545 4664 700 4722 Dionisius
723 4671 753 4722 et
776 4672 909 4738 quatuor
932 4667 1047 4724 iudices
1077 4667 1240 4736 nobilium,
1263 4666 1426 4724 videlicet:
1452 4668 1507 4723 Mi·

242 4768 374 4840 rozlaus
399 4769 552 4841 Nicotaus,
586 4772 737 4830 Martinus
766 4777 796 4829 et
827 4771 943 4842 Petrus,
972 4772 1058 4830 filius
1088 4772 1189 4830 Blasii.
1220 4773 1339 4831 Damus
1365 4788 1423 4847 pro
1446 4787 1511 4829 rne-
