3488 5242
251 300 308 359 162
669 299 742 356 Doc.
767 296 836 375 183.
865 333 899 340 -
922 299 978 356 An.
1002 314 1089 377 1343.

248 403 484 409 ...-.--.-——
815 404 1509 418 -———,...——-—...-

247 495 362 553 Christi
397 494 544 553 fidelibus
576 496 771 568 presentibus
799 497 917 569 pariter
950 502 980 554 et
1014 496 1126 555 futuris
1149 499 1343 571 presencium
1366 499 1511 556 noticiam

246 602 407 671 habituris,
438 602 570 659 salutem
602 603 631 659 in
664 603 804 659 omnium
837 603 998 661 salvatore.
1037 603 1083 660 Ad
1115 605 1331 661 universorum
1366 604 1511 662 noticiam

154 683 160 694 ’
247 707 359 763 harum
382 708 460 764 serie
486 708 631 764 volumus
653 709 831 780 pervenire:
849 707 934 781 quod
949 724 1004 765 nos
1020 709 1142 766 litteras
1166 714 1306 782 patentes
1329 709 1515 766 serenissimi

247 813 395 885 principis
433 812 550 869 domini
583 812 739 882 Lodouici‚
764 812 813 871 dei
844 814 948 886 gracia
978 815 1109 871 illustris
1143 815 1225 886 regis
1257 814 1423 886 Hungarie‚
1460 829 1516 886 per

246 918 461 975 honorabilem
498 925 527 975 et
561 917 728 976 discretum
764 919 866 976 virum
902 919 1064 977 dominum
1098 920 1252 1002 Jacobum
1284 920 1514 992 zagrabiensem

247 1025 440 1097 prepositum
473 1026 562 1081 nobis
593 1025 746 1081 exhibitas
777 1026 951 1099 recepimus
982 1027 1098 1084 honore
1129 1042 1199 1083 cum
1235 1026 1353 1083 decenti
1391 1027 1422 1083 in
1458 1025 1515 1082 hec

246 1131 359 1188 verba:
389 1126 462 1206 (vid.
497 1147 541 1187 nr.
577 1130 646 1201 181,
678 1145 758 1188 anno
797 1146 887 1205 1342,
923 1148 970 1205 14.
1001 1125 1194 1208 decembris).
1227 1132 1290 1189 Nos
1318 1133 1412 1204 igitur
1442 1147 1512 1205 pre-

247 1237 343 1310 ceptis
367 1235 504 1293 eiusdem
529 1235 648 1293 domini
679 1238 775 1294 nostri
808 1238 888 1309 regis
919 1238 1137 1312 obtemperare
1167 1239 1333 1312 cupientes,
1365 1244 1397 1294 ut
1433 1244 1514 1301 tene·

245 1357 325 1411 mur,
350 1359 483 1400 unacum
507 1342 647 1416 predicto
670 1343 781 1399 Rawaz
811 1345 880 1400 aule
904 1344 987 1416 regie
1013 1345 1121 1414 milite,
1152 1345 1277 1403 homine
1299 1345 1393 1416 regi0,
1417 1359 1514 1400 unum

246 1463 283 1505 ex
322 1448 411 1505 nobis
450 1448 617 1506 discretum
657 1449 760 1505 virum
797 1449 979 1521 magistrum
1006 1448 1197 1523 Stephanum
1227 1452 1345 1508 socium
1379 1456 1408 1506 et
1443 1465 1513 1506 con-

245 1554 427 1610 canonicum
457 1560 596 1611 nostrum
633 1569 690 1627 pro
724 1554 901 1611 testimonio
931 1556 1158 1613 transmisimus
1192 1556 1230 1613 ad
1255 1557 1405 1630 premissa
1428 1571 1513 1612 man·

246 1659 317 1716 data
359 1661 455 1733 ipsius
498 1660 626 1720 domini.
656 1661 752 1718 nostri
793 1661 875 1733 regis
917 1660 1103 1732 exequenda.
1139 1661 1201 1733 Qui
1234 1660 1434 1734 postmodum
1475 1661 1513 1718 ad

244 1780 301 1821 nos
334 1767 450 1823 reversi
484 1767 574 1824 nobis
608 1765 801 1824 concorditer
829 1767 1013 1836 retulerunt,
1055 1768 1190 1839 qualiter
1224 1768 1282 1840 ipsi
1318 1766 1391 1823 seria
1428 1774 1513 1824 sexta

245 1872 389 1944 proxima
421 1876 491 1928 ante
522 1871 633 1929 festum
664 1872 747 1929 beati
775 1872 931 1930 Valentini
961 1874 1107 1944 martyris
1137 1889 1218 1930 nunc
1244 1875 1390 1947 preterita
1415 1889 1514 1930 acces-

246 1977 354 2034 sissent
386 1977 425 2034 ad
457 1977 612 2036 civitatem
644 1978 873 2051 zagrabiensem
905 1984 934 2036 et
965 1979 1038 2051 quia
1066 1980 1168 2052 ipsum
1203 1979 1374 2052 capitulum
1409 1994 1513 2051 zagra-

245 2083 351 2141 biense
374 2091 478 2142 contra
510 2099 617 2141 eorum
648 2085 807 2142 libertates
833 2086 863 2142 in
895 2086 1011 2154 multis,
1035 2090 1068 2141 ut
1091 2086 1289 2158 premittitur,
1314 2086 1458 2143 videlicet
1483 2087 1512 2142 in

245 2189 460 2246 exaccionibus
492 2189 587 2259 bladi,
620 2190 684 2247 vini
715 2195 746 2246 et
776 2187 973 2247 denariorum
1002 2190 1040 2247 ad
1064 2189 1181 2247 dictum
1209 2195 1344 2247 castrum
1372 2190 1512 2261 Medwey

245 2309 301 2366 per
325 2294 475 2352 officiales
499 2295 617 2354 domini
647 2295 759 2367 Mykch
782 2297 856 2353 bani
879 2297 977 2353 tocius
1000 2295 1162 2354 Sclauonie
1188 2297 1356 2368 prenotati;
1384 2297 1457 2352 item
1482 2297 1512 2353 in

245 2401 406 2456 exaccione
431 2401 620 2458 tributorum
643 2417 701 2474 per
723 2401 862 2458 eundem·
881 2400 1041 2458 dominum
1065 2401 1177 2472 Mykch
1204 2402 1319 2458 banum
1347 2403 1377 2459 in
1402 2403 1513 2457 tenutis

245 2504 382 2562 eiusdem
414 2507 542 2579 capituli
573 2508 605 2563 in
627 2507 702 2564 locis
726 2507 857 2564 diversis
895 2508 1131 2580 specialiterque
1155 2506 1236 2580 apud
1262 2507 1423 2563 ecclesiam
1447 2521 1512 2563 om-

244 2611 330 2667 nium
353 2618 529 2669 sanctorum
553 2628 651 2686 prope
675 2612 859 2684 Zagrabiam
889 2614 990 2669 minus
1014 2614 1091 2670 iuste
1121 2611 1241 2673 factam.
1266 2612 1343 2668 Item
1367 2613 1463 2669 eciam
1482 2613 1512 2668 in

243 2717 405 2774 exaccione
430 2718 618 2775 tributorum
642 2719 716 2776 salis
741 2725 769 2774 et
793 2734 862 2774 cere
886 2733 942 2791 per
969 2719 1051 2775 cives
1068 2717 1236 2775 Grecenses
1253 2722 1357 2773 contra
1374 2721 1511 2773 tenorem

243 2822 484 2894 privilegiorum
509 2825 606 2897 ipsius
630 2825 758 2897 capituli
781 2825 955 2881 commissa.
976 2825 1052 2881 Item
1069 2824 1203 2897 qualiter
1219 2823 1368 2880 officiales
1385 2823 1511 2892 domini,

245 2926 362 2984 domini
387 2929 498 3000 Mykch
523 2930 603 3000 bani,
628 2931 658 2986 in
682 2931 811 3003 singulis
843 2931 929 2988 annis
956 2931 1109 2986 tributum
1133 2931 1223 2986 unius
1247 2929 1307 2986 diei
1332 2929 1369 2985 ad
1394 2928 1512 2985 dictum

245 3035 416 3106 capitulum
448 3037 611 3108 pertinens,
644 3037 673 3094 in
702 3036 842 3109 predicto
864 3043 965 3094 castro
988 3035 1133 3094 Grecensi
1158 3036 1195 3092 ad
1226 3036 1351 3092 libitum
1372 3036 1509 3107 ipsorum

245 3141 415 3198 voluntatis
438 3157 496 3214 pro
528 3158 560 3199 se
591 3143 665 3216 ipsis
696 3144 875 3215 exegissent.
908 3143 983 3200 Item
1008 3144 1037 3200 in
1062 3159 1098 3199 eo
1122 3144 1260 3214 qualiter
1282 3158 1385 3199 comes
1408 3157 1512 3212 zagra-

246 3246 359 3302 biensis
391 3248 534 3304 similiter
565 3249 594 3305 in
626 3250 756 3321 singulis
787 3250 874 3306 annis
898 3248 936 3305 de
959 3250 1032 3306 vino
1056 3249 1200 3306 decimali
1223 3249 1262 3305 ad
1287 3247 1403 3304 dictum
1429 3248 1511 3319 capi-

245 3353 345 3409 tulum
368 3356 539 3427 pertinente
563 3370 655 3411 unam
680 3355 830 3412 tunellam
855 3356 916 3412 vini
938 3356 1151 3427 potencialiter
1168 3356 1197 3411 in
1214 3355 1337 3411 conchis
1354 3355 1419 3409 sive
1437 3353 1511 3409 locis

245 3457 449 3517 decimalibus
481 3461 630 3533 Zagrabie
662 3461 758 3533 recipi
792 3461 931 3523 faciebat.
962 3461 1103 3534 oppressi
1135 3460 1261 3516 luissent
1286 3467 1314 3516 et
1342 3459 1510 3530 aggravati.

245 3565 327 3622 idem
354 3567 465 3623 Rawaz
489 3568 583 3623 homo
607 3568 703 3640 ipsius
724 3566 841 3624 domini
869 3568 964 3623 nostri
989 3567 1069 3636 regis
1093 3570 1234 3638 presente
1252 3564 1389 3636 predicto
1407 3570 1510 3619 nostro

246 3672 421 3728 testimonio
444 3673 617 3729 invenisset.
650 3671 721 3728 ldeo
752 3672 789 3729 ad
821 3677 1002 3745 preceptum
1027 3672 1147 3743 regium
1163 3678 1193 3727 et
1209 3670 1389 3727 mandatum
1406 3685 1509 3726 coram

244 3777 443 3835 multitudine
477 3778 631 3835 nobilium
655 3784 684 3834 et
707 3780 822 3836 civium
846 3779 1046 3836 (irecensium
1070 3794 1105 3834 ac
1128 3778 1261 3834 aliorum
1287 3777 1447 3832 hominum
1471 3776 1508 3832 ad

245 3883 304 3939 hoc
333 3885 509 3956 specialiter
543 3889 724 3940 vocatorum
755 3885 840 3940 iuxta
866 3885 1106 3957 prescriptarum
1131 3884 1304 3941 litterarum
1336 3883 1509 3955 patencium

246 3989 342 4061 ipsius
374 3988 491 4045 domini
524 3989 620 4045 nostri
650 3989 732 4059 regis
767 3994 904 4046 tenorem
936 3990 1072 4047 indebita
1103 3995 1132 4045 et
1161 3990 1271 4046 iniusta
1296 3987 1360 4045 lore
1384 3988 1509 4060 publice

245 4095 418 4151 nunciasset
441 4100 471 4150 et
496 4095 539 4151 sic
564 4096 649 4151 irrita
673 4100 701 4151 et
725 4096 825 4152 inania
855 4112 889 4152 ac
913 4098 1029 4153 nullius
1063 4097 1242 4153 stabilitatis
1269 4111 1334 4151 esse
1359 4100 1508 4166 quantum

244 4200 282 4257 ad
305 4200 548 4257 introducciones
565 4201 746 4258 eorumdem
769 4203 857 4259 salvo
881 4205 947 4260 iure
972 4202 1045 4260 dicti
1068 4203 1196 4275 capituli
1221 4203 1251 4258 in
1274 4200 1389 4257 eisdem
1411 4216 1510 4256 rema·

244 4313 341 4364 nente.
374 4306 663 4379 Introducentesque
695 4309 799 4381 ipsum
828 4310 1001 4380 capitulum
1031 4309 1229 4380 zagrabiense
1260 4308 1290 4363 in
1322 4307 1446 4379 plenam
1481 4313 1508 4361 et

242 4414 375 4470 liberam
407 4414 630 4486 possessionem
662 4415 802 4471 omnium
835 4420 864 4471 et
896 4415 1090 4486 singulorum
1127 4414 1350 4486 premissorum
1380 4427 1505 4469 suorum

245 4520 359 4576 iurium
391 4521 420 4577 in
454 4521 689 4593 quibuscunque
724 4523 892 4579 consistant
926 4522 1010 4578 iuxta
1044 4526 1186 4578 contenta
1219 4520 1455 4593 privilegiorum
1491 4534 1508 4574 a

244 4626 493 4696 progenitoribus
514 4626 650 4684 eiusdem
681 4627 798 4685 domini
829 4629 924 4685 nostri
956 4628 1036 4698 regis
1066 4642 1243 4685 concessam
1266 4626 1403 4698 capitulo
1426 4631 1508 4681 ante-

244 4729 334 4789 dicto.
365 4732 398 4788 ln
430 4734 515 4790 cuius
549 4734 593 4791 rei
624 4734 835 4792 testimonium
867 4738 1111 4808 perpetuamque
1142 4733 1322 4790 firmitatem
1351 4737 1507 4805 presentes
