3488 5242
259 329 321 401 306
570 330 644 386 Doc.
662 338 735 406 327.
753 325 830 406 328.
854 363 889 373 —
909 331 964 388 An.
989 327 1207 410 1384-1387.

258 527 331 584 teris
352 529 465 585 nostris
488 525 664 601 patentibus
687 529 779 586 inseri
803 528 932 587 fecimus
956 531 1092 589 uberiori
1115 547 1174 605 pro
1198 533 1325 589 cautela.
1348 534 1465 592 Datum
1490 536 1521 593 in

258 629 335 688 festo
358 633 521 691 beatorum
544 633 656 691 Cosme
680 640 709 691 et
732 635 875 693 Damiani
899 637 1071 694 martirum.
1093 640 1182 696 Anno
1198 638 1316 696 domini
1331 640 1519 713 supradicto.

346 749 487 816 Originale
506 750 534 800 iu
553 751 652 811 charta,
670 768 685 802 a
705 759 781 818 tergo
801 752 958 818 impressum
977 753 1097 820 sigillum
1117 755 1270 820 capitulare.
1296 755 1326 805 Iu
1351 756 1459 808 archivo
1472 758 1519 808 lib.

255 854 310 905 reg.
331 838 403 890 civit.
422 841 526 907 zagrab.

849 1018 934 1086 327.

362 1159 438 1206 Anno
460 1157 533 1218 1384,
554 1167 594 1219 29.
614 1156 777 1221 septembris.
797 1157 944 1210 Cassoviae.

255 1282 405 1340 Elisabeth
436 1285 538 1357 regina
573 1285 750 1358 Hungarrae
781 1286 888 1343 civibus
925 1286 1132 1345 Greclrensibus
1154 1296 1188 1345 ul
1207 1291 1317 1346 curiam
1340 1291 1520 1365 apocopalem

255 1396 284 1444 et
303 1390 458 1462 capitulum
482 1391 700 1463 aggrediantur,
724 1391 797 1447 bona
821 1392 851 1447 in
859 1392 1004 1464 praedam
1023 1402 1193 1452 convertant
1205 1394 1384 1470 hominesque
1399 1398 1521 1455 vinculis

646 1499 822 1572 mancipatas
844 1505 966 1567 teneant,
981 1500 1132 1572 praecipit.

343 1641 481 1699 Elisabet
503 1641 553 1700 dei
576 1643 679 1714 gracia
706 1643 812 1715 regina
843 1642 1007 1714 Huugarie‚
1040 1643 1174 1715 polonie,
1206 1645 1367 1702 Dalmacie
1390 1653 1444 1704 ete.
1470 1647 1518 1704 Fi-

255 1746 378 1805 delibus
400 1749 464 1805 suis
487 1748 581 1805 iudici
604 1755 634 1806 et
657 1749 765 1806 iuratis
787 1748 908 1805 civibus
932 1747 970 1805 de
994 1747 1146 1820 Zagrabia
1161 1750 1293 1808 salutem
1317 1758 1347 1808 et
1369 1754 1514 1824 graciam.

255 1851 336 1924 Quia
357 1854 553 1927 percepimus
584 1854 720 1912 veridico
751 1871 789 1911 ex
820 1854 928 1924 relatu,
960 1854 1044 1926 quod
1073 1855 1265 1913 honorabilis
1295 1858 1344 1914 vir
1375 1857 1519 1916 dominus

253 1959 408 2041 Johaunes
431 1959 469 2017 de
491 1960 655 2031 Pensaur0‚
679 1960 873 2017 decretorum
897 1960 1013 2031 doctor,
1037 1961 1187 2018 collector
1216 1965 1369 2034 generalis
1396 1971 1518 2038 aposto·

254 2065 312 2122 lice
337 2064 426 2136 sedis,
444 2067 533 2123 nobis
550 2071 580 2123 et
603 2059 729 2144 incli(tis
744 2058 922 2143 regnicolis)
938 2068 1051 2124 nostris
1068 2066 1199 2125 assiduis
1223 2070 1416 2142 temporibus
1433 2085 1518 2127 mera

254 2171 350 2228 astitit
371 2171 522 2228 fidelitate
544 2187 582 2228 ac
605 2172 723 2228 sincero
748 2170 909 2240 famulatu,
941 2188 1035 2244 quem
1061 2189 1141 2229 nunc
1163 2189 1220 2245 per
1243 2173 1375 2232 Paulum
1399 2177 1517 2248 episco-

252 2291 330 2348 pum
354 2277 583 2349 zagrabieusem
606 2282 636 2333 et
659 2277 724 2333 eius
747 2277 897 2333 vicarium
921 2283 986 2333 tam
1009 2279 1040 2334 in
1063 2279 1134 2348 suis,
1159 2293 1253 2350 quam
1270 2279 1359 2337 bonis
1376 2286 1405 2336 et
1422 2280 1516 2338 rebus

253 2383 431 2455 apostolicis
454 2384 602 2439 sentimus
625 2381 761 2454 dampna
783 2381 958 2455 percepisse
974 2390 1003 2439 et
1027 2382 1235 2440 indelebiliter
1251 2382 1515 2458 dampnificatum,

191 2541 196 2555 ,
253 2490 387 2546 velimus
411 2488 480 2545 ideo
504 2504 521 2544 a
544 2487 694 2545 fidelitate
718 2495 828 2557 vestra,
852 2486 945 2543 firmo
970 2489 1100 2560 reginali
1121 2489 1227 2545 dantes
1244 2490 1303 2545 sub
1319 2489 1427 2560 edict0,
1443 2507 1517 2562 qua-

253 2600 340 2653 tenus
363 2597 467 2653 statim
492 2610 565 2651 mox
588 2594 663 2650 visis
686 2592 880 2666 presentibus
901 2592 939 2648 ad
972 2595 1089 2650 curiam
1122 2594 1218 2665 ipsius
1243 2595 1381 2668 episcopi
1404 2601 1434 2652 et
1457 2596 1517 2652 cel·

253 2703 368 2759 larium
398 2717 488 2758 suum
519 2699 668 2772 Zagrabie
699 2699 841 2755 habitum
872 2698 958 2755 iuxta
989 2698 1242 2756 informacionem
1276 2701 1372 2772 ipsius
1399 2701 1517 2758 domini

251 2809 399 2891 Johanuis
423 2824 483 2863 una
506 2822 577 2863 cum
599 2806 733 2863 dominis
756 2805 794 2861 de
818 2805 900 2862 dicto
923 2805 1060 2877 capitulo
1092 2805 1282 2876 zagrabiensi
1312 2806 1463 2863 accedatis
1487 2813 1516 2863 et

197 2954 199 2958 =
251 2916 395 2972 universa
427 2913 509 2970 bona
540 2912 616 2969 inibi
650 2911 830 2984 reperienda
862 2912 893 2967 in
925 2909 1053 2982 predam
1090 2913 1284 2982 convertatis,
1315 2912 1422 2969 eadem
1458 2928 1516 2985 pro

252 3022 342 3077 nobis
365 3019 490 3075 tandem
515 3016 709 3086 reservanda,
734 3024 763 3073 et
787 3017 812 3073 si
836 3017 986 3084 homines
1010 3016 1154 3073 videlicet
1178 3017 1293 3073 vicario
1321 3017 1516 3074 adherentes-

252 3142 312 3198 que
336 3133 365 3181 et
389 3124 558 3180 familiares
581 3122 814 3195 apprehendere
837 3122 986 3194 poteritis,
1011 3122 1094 3194 ipsos
1126 3137 1183 3194 pro
1215 3123 1304 3178 nobis
1328 3125 1515 3179 conservatis

254 3232 384 3288 vinculis
400 3230 606 3301 mancipatos;
630 3227 716 3284 aliud
741 3228 835 3299 igitur
853 3229 931 3283 sicut
953 3228 1170 3298 gravissimam
1199 3228 1444 3299 indignacionem
1470 3231 1514 3285 in·

251 3354 374 3395 currere
398 3336 613 3409 pertimescitis
636 3351 696 3390 non
720 3334 829 3392 facturi
853 3335 883 3390 in
908 3335 1073 3407 premissis
1104 3335 1218 3390 Datum
1243 3335 1273 3391 in
1297 3335 1420 3391 civitate
1443 3335 1515 3392 Cas·

251 3444 392 3514 souiensi,
417 3444 446 3498 in
468 3441 545 3497 festo
563 3440 645 3497 beati
662 3440 831 3511 Mychaelis
847 3439 1032 3510 archangeli.
1050 3442 1139 3496 Anno
1156 3440 1272 3496 domini
1291 3440 1515 3496 MCCCLXXX

246 3555 369 3632 'quarto

339 3667 478 3731 Originale
498 3665 524 3714 in
537 3665 635 3723 charta,
655 3680 670 3713 a
688 3670 764 3728 tergo
781 3663 936 3727 impressum
954 3668 992 3710 est
1006 3661 1125 3726 sigillum
1139 3662 1253 3727 reginae,
1269 3664 1385 3712 lacerum
1398 3670 1424 3712 et
1438 3665 1514 3712 valde

251 3770 364 3804 exesum.
385 3755 415 3804 In
434 3755 504 3803 arch.
524 3754 570 3803 lib.
591 3769 645 3817 reg.
667 3752 715 3802 civ.
735 3751 838 3815 zagrab.

836 3947 924 4014 328.

357 4095 432 4143 Anno
454 4092 527 4151 1387.
548 4103 589 4154 29.
606 4089 728 4157 januarii.
748 4088 901 4154 Zagrabiae.

256 4203 388 4261 &orlata
420 4203 522 4259 arantis
549 4200 720 4259 Grechensis
750 4201 935 4256 communitas
964 4197 1076 4254 cunilam
1114 4197 1219 4254 Clarae
1249 4201 1339 4255 uxori
1365 4199 1514 4255 Zakariae

322 4310 441 4378 Gallici,
455 4309 645 4382 passessiones
669 4306 834 4378 Zagralrae
858 4306 991 4373 obtentos,
1016 4322 1089 4362 trava
1110 4304 1272 4361 decantanta
1295 4307 1451 4379 consternat.

338 4455 402 4511 Nos
424 4454 585 4536 Johaunes,
608 4452 692 4509 filius
715 4452 811 4521 Pauli,
836 4451 938 4520 iudex,
968 4449 1150 4522 Stephanus,
1181 4450 1320 4519 Mathias,
1346 4450 1511 4532 Johaunes,

249 4563 412 4645 Johaunes,
437 4559 618 4628 Anthonius,
642 4557 809 4629 GyaninuS,
831 4556 986 4639 Johaunes
1018 4561 1048 4612 et
1082 4555 1291 4612 Wallentinus
1318 4556 1418 4626 iurati,
1442 4571 1513 4612 con-

249 4665 356 4723 siliarii
389 4670 419 4722 et
449 4663 585 4722 universi
615 4664 698 4720 cives
729 4662 842 4719 montis
873 4660 1041 4719 Grecensis.
1073 4660 1222 4717 Memorie
1249 4660 1512 4730 commendamus,

249 4771 334 4844 quod
356 4771 429 4846 quia
451 4784 515 4842 nos,
539 4767 683 4826 videlicet
706 4767 920 4838 communitas
943 4780 1002 4839 pro
1025 4764 1214 4838 quibusdam
1242 4766 1355 4823 nostris
1377 4765 1512 4839 negociis
