3488 5242
636 324 708 381 Doc.
733 336 804 399 242.
831 353 868 364 —
892 321 948 378 An.
977 316 1064 397 1361.
1417 338 1477 396 219

214 525 462 581 mensuraciones
494 523 567 579 salis
598 529 690 594 atque
721 537 790 578 cere
813 535 848 577 ac
871 520 1003 577 aliarum
1028 534 1133 575 rerum
1156 518 1216 575 hiis
1239 517 1389 575 similium
1413 523 1478 574 tam

214 630 388 687 communis
418 629 537 686 iusticie
568 633 660 700 atque
691 627 763 684 boni
792 627 823 684 in
849 625 954 682 medio
984 625 1032 681 sui
1053 623 1253 694 ordinassent,
1285 622 1367 696 quod
1395 622 1479 680 dicto

212 734 350 808 capitulo
381 739 410 790 et
442 733 570 790 ecclesie
603 748 710 790 eorum
742 733 771 788 in
803 731 891 788 nullo
922 729 1093 802 derogaret,
1122 745 1176 785 nec
1200 729 1317 786 tributo
1340 729 1478 801 ipsorum

212 840 342 913 aliquod
373 848 535 912 generaret
565 839 788 912 preludicium;
819 843 849 894 et
879 851 916 893 eo
946 835 1037 899 dicto.
1065 835 1267 910 privilegium
1290 834 1479 892 serenissimi

211 946 361 1020 principis
392 946 523 1002 condam
552 945 670 1001 domini
701 943 850 1016 Stephani
880 942 978 999 incliti
1012 942 1093 1014 regis
1114 941 1280 1013 Hungarie,
1305 941 1392 998 beate
1417 956 1480 998 me-

212 1053 320 1122 morie,
344 1052 402 1108 sub
426 1066 505 1108 anno
528 1050 646 1108 domini
671 1049 839 1106 MCCLXX
862 1054 1048 1118 emanatum,
1072 1045 1260 1104 confirmans
1280 1046 1480 1119 privilegium

215 1157 372 1230 magnifici
396 1158 544 1231 principis
568 1156 685 1214 domini
710 1156 790 1227 Bele‚
821 1154 929 1212 eadem
953 1154 1056 1227 gracia
1090 1152 1222 1210 condam
1245 1152 1376 1210 illustris
1400 1153 1480 1225 regis

212 1264 382 1335 Hungarie‚
413 1278 493 1320 anno
521 1263 580 1319 sub
612 1261 824 1319 incarnacione
858 1259 977 1317 domini
1012 1259 1122 1316 MCCL
1152 1265 1262 1316 octavo
1293 1266 1479 1328 emanatum,

212 1369 314 1427 eidem
337 1370 486 1440 magistro
510 1369 679 1425 Laurencio
703 1366 972 1437 demonstrassent,
1005 1367 1035 1422 in
1059 1366 1173 1439 quibus
1196 1365 1370 1439 reperisset,
1395 1364 1478 1438 quod

213 1474 358 1531 dominus
381 1473 555 1547 Stephanus
579 1474 677 1530 banus
699 1473 795 1530 tocius
819 1471 990 1542 Sclauonie‚
1016 1471 1192 1545 capitaneus
1215 1472 1382 1542 stiryensis,
1403 1471 1480 1528 acci·

213 1582 299 1653 piens
331 1580 510 1637 mandatum
543 1579 660 1636 domini
692 1579 763 1636 liele
794 1579 884 1651 regis,
915 1577 1056 1636 debitum
1084 1578 1244 1650 hospitum
1268 1577 1478 1651 predictorum

215 1686 347 1743 annuale
363 1685 401 1742 ad
420 1686 566 1743 ducentas
582 1685 796 1742 tantummodo
813 1701 923 1758 pensas
940 1691 1061 1742 monete
1078 1684 1194 1743 usualis
1210 1683 1481 1741 condescendendo

213 1793 417 1849 commisisset
441 1792 471 1848 in
496 1790 573 1848 sesto
598 1792 679 1848 beati
704 1792 826 1849 Martini
850 1790 1033 1848 confessoris
1057 1791 1137 1847 bano
1161 1805 1219 1863 pro
1243 1798 1382 1862 tempore
1410 1805 1480 1848 con·

216 1899 323 1954 stituto
347 1899 509 1970 soluturas,
534 1907 563 1955 et
587 1897 669 1970 quod
694 1898 807 1955 silvam
824 1898 891 1954 usui
907 1912 1014 1955 eorum
1031 1902 1256 1970 competentem
1273 1895 1482 1970 aequandam

216 2011 329 2060 terram
361 2003 518 2076 Scybilian
551 2011 690 2061 vocatam
723 2020 793 2061 cum
825 2004 913 2061 silvis
940 2012 969 2061 et
993 2002 1186 2076 quibuslibet
1209 2004 1278 2062 aliis
1303 2004 1366 2061 suis
1389 2019 1480 2077 apen-

212 2109 309 2179 diciis,
333 2111 489 2182 requisitis
513 2111 729 2183 iobagionibus
753 2111 844 2167 castri
867 2110 1083 2182 zagrabiensis,
1105 2110 1289 2182 assignasset
1305 2110 1480 2183 hospitibus

212 2215 250 2272 de
274 2216 374 2272 Grech
401 2217 569 2288 prenotatis
578 2235 585 2286 ;
610 2215 834 2288 quamquidem
857 2215 1088 2273 ordinacionem
1111 2232 1167 2289 per
1191 2217 1294 2289 ipsum
1318 2215 1481 2274 dominum

211 2320 403 2395 Stephanum
428 2322 542 2379 banum
567 2322 697 2395 provide
722 2321 845 2393 iactam,
871 2323 936 2395 ipse
960 2321 1105 2379 dominus
1121 2321 1194 2379 Bela
1210 2339 1265 2380 rex
1281 2322 1481 2396 preallegatis

211 2425 358 2484 fidelibus
381 2429 443 2485 suis
475 2428 649 2501 hospitibus
683 2435 835 2501 perpetuo
858 2428 1071 2485 confirmasset
1094 2427 1284 2486 duraturam.
1314 2428 1480 2486 Presertim

212 2533 422 2590 exhibuissent
453 2533 553 2591 eidem
584 2534 733 2606 magistro
767 2534 935 2591 laurencio
959 2533 1044 2591 aliud
1069 2534 1270 2607 privilegium
1292 2534 1479 2592 serenissimi

212 2639 361 2713 principis
384 2638 501 2696 domini
540 2639 646 2696 Karoli
675 2639 805 2697 condam
830 2639 961 2697 illustris
983 2641 1065 2713 regis
1088 2640 1247 2713 Hungarie
1271 2641 1301 2698 in
1324 2656 1404 2698 anno
1427 2639 1481 2698 do·

213 2746 289 2802 mini
314 2745 481 2802 MCCCXX
506 2754 616 2803 octavo
640 2751 827 2818 emanatum,
852 2745 1039 2804 confirmans
1059 2747 1261 2820 privilegium
1277 2762 1368 2804 suurn
1384 2747 1481 2820 priori

212 2860 241 2908 et
279 2852 407 2924 antiquo
445 2853 549 2924 sigillo
579 2869 635 2910 suo
666 2853 880 2925 consignatum
915 2868 995 2910 anno
1025 2854 1084 2911 sub
1119 2854 1330 2913 incarnacione
1363 2853 1482 2911 domini

213 2956 323 3013 MCCC
347 2956 467 3014 decimo
483 2959 617 3031 septimo
633 2958 816 3028 consectum,
833 2959 915 3031 quod
933 2958 1133 3017 confirmasse
1150 2959 1314 3018 videbatur
1330 2959 1481 3033 quasdam

212 3062 333 3119 litteras
356 3064 569 3136 privilegiales
593 3062 711 3121 domini
735 3063 883 3137 Stephani
909 3065 988 3133 bani,
1020 3071 1159 3122 tenorem
1183 3066 1340 3138 privilegii
1363 3066 1481 3123 domini

215 3167 350 3226 Ladislai
383 3168 514 3226 condam
549 3169 679 3227 illustris
710 3170 792 3242 regis
824 3171 992 3243 ilungarie.
1016 3170 1114 3228 felicis
1137 3172 1295 3243 memorie,
1320 3173 1480 3229 subando

212 3274 329 3332 domini
361 3275 529 3331 MCCLXX
561 3277 669 3347 quinto
700 3293 793 3350 super
824 3277 994 3334 collacione
1026 3277 1228 3350 possessionis
1257 3278 1382 3336 Kobilia
1405 3295 1481 3337 nun·

213 3388 331 3453 cupate,
356 3383 432 3438 ville
456 3381 601 3440 videlicet
624 3382 698 3440 dicti
722 3384 815 3440 castri
830 3384 1037 3456 zagrabiensis
1056 3385 1293 3458 prememoratis
1309 3385 1483 3460 hospitibus

215 3487 253 3544 de
274 3486 375 3543 Grech
401 3487 488 3558 lacta,
519 3489 662 3558 emanati‚
693 3490 883 3546 continentes
910 3490 1008 3547 eciam
1032 3495 1170 3547 tenorem
1194 3488 1312 3548 domini
1334 3491 1482 3574 Johannis

215 3594 285 3650 bani
310 3598 339 3649 et
363 3593 454 3650 Innus
484 3594 606 3650 comitis
637 3595 844 3666 zagrahiensis
872 3595 1055 3667 litterarum,
1089 3596 1119 3653 in
1144 3595 1259 3669 quibus
1282 3598 1360 3656 inter
1382 3603 1482 3657 cetera

212 3700 376 3772 reperisset
411 3701 567 3770 contineri,
606 3700 688 3772 quod
721 3716 825 3758 comes
862 3701 1027 3758 Farlrasius
1060 3718 1156 3775 nepos
1191 3704 1312 3761 comitis
1345 3702 1482 3774 Gardun‚

212 3806 242 3861 in
274 3807 442 3862 statucione
474 3805 633 3863 cuiusdam
667 3808 868 3880 possessionis
901 3808 1027 3865 Kobilia
1055 3816 1229 3882 nuncupate
1253 3825 1309 3884 per
1336 3810 1481 3868 comitem

214 3912 390 3981 Martinum,
422 3912 625 3969 castellanum
658 3912 696 3969 de
727 3912 845 3983 hledue,
877 3929 969 3985 quern
1001 3913 1145 3971 dominus
1177 3913 1351 3988 Stephanus
1385 3916 1482 3974 banus

212 4016 383 4086 Sclauonie‚
406 4018 561 4099 Johannes
585 4025 614 4076 et
632 4019 804 4089 Radizlaus,
823 4020 882 4077 filii
903 4020 1024 4077 comitis
1041 4019 1197 4092 Babanyk,
1214 4031 1341 4096 accepto
1365 4021 1483 4101 domini

214 4123 294 4194 regis
316 4123 422 4180 Karoli
447 4124 602 4196 mandam,
626 4124 664 4181 ad
682 4125 878 4183 statuendam
895 4127 996 4201 ipsam
1013 4129 1223 4201 possesionem
1242 4128 1367 4185 Kobilia
1384 4133 1481 4186 trans-

213 4229 337 4285 miserat
360 4230 418 4285 sub
443 4231 619 4288 testimonio
637 4232 770 4289 hominis
786 4233 915 4306 capituli
934 4233 1061 4290 ecclesie
1084 4234 1292 4306 zagrabiensis
1316 4235 1437 4292 civibus
1454 4240 1483 4292 et

212 4335 387 4406 hospitibus
404 4335 442 4392 de
456 4335 556 4393 Grech
575 4337 724 4408 facienda,
745 4338 962 4408 contradictor,
981 4346 1010 4396 et
1026 4354 1084 4414 pro
1101 4355 1137 4397 eo
1153 4339 1191 4397 ad
1209 4341 1378 4397 terminum
1395 4340 1483 4412 legit-

213 4442 323 4497 timum
355 4450 461 4499 contra
493 4450 681 4500 memoratos
712 4444 794 4501 cives
826 4443 1017 4502 Grechenses
1040 4444 1079 4502 ad
1103 4446 1186 4517 regie
1220 4446 1389 4503 maiestatis
1412 4463 1482 4520 pre·

212 4548 345 4603 senciam
370 4547 490 4617 citatus
514 4558 674 4621 repertum
699 4549 813 4607 luisset.
838 4550 977 4608 Tandem
1001 4550 1091 4608 dictis
1107 4552 1283 4625 hospitibus
1298 4569 1353 4610 sua
1368 4552 1481 4611 instru-

213 4658 317 4709 menta
339 4668 433 4725 super
456 4653 565 4710 eadem
589 4656 781 4728 possessione
805 4655 944 4714 confecta
966 4672 1072 4714 coram
1091 4657 1176 4729 regia
1191 4657 1305 4731 pietate
1334 4659 1482 4733 regnique

213 4758 260 4814 sui
283 4758 442 4816 nobilibus
467 4760 694 4831 exhibentibus,
718 4761 799 4818 idem
825 4762 988 4820 Farkasius
1011 4763 1042 4820 in
1066 4763 1199 4820 termino
1221 4763 1364 4836 partibus
1386 4765 1482 4838 assig-
