3488 5242
681 341 754 398 Doc.
778 336 854 398 266.
881 374 918 383 —
944 341 1000 400 An.
1022 352 1107 419 1377.
1461 360 1520 417 25⁷

255 539 340 596 viam
363 553 568 598 communem.
592 539 626 595 ln
649 538 799 611 premisse
823 555 898 597 vero
921 540 1158 615 composicionis
1181 545 1211 599 et
1233 540 1440 600 ordinacionis
1468 541 1522 600 fir·

255 644 393 702 mitatem
416 649 445 702 et
468 644 652 702 memoriam
676 650 868 719 perpetuam,
891 646 1034 719 sigillum
1056 647 1153 704 nostri
1176 652 1345 705 conventus
1372 647 1519 705 duximus

255 751 449 823 presentibus
472 749 701 824 apponendum.
731 751 849 808 Datum
879 752 1031 824 vigesima
1061 753 1167 824 quinta
1190 752 1240 809 die
1265 753 1378 810 mensis
1402 753 1519 827 aprilis

255 856 344 912 Anno
367 854 485 912 domini
510 856 680 913 millesimo
703 855 866 912 CCCLXX
890 857 1031 930 septimo.

340 975 362 1023 E
381 980 545 1039 transumpto
563 973 733 1039 magistratus
755 974 871 1026 civitatis
891 975 1047 1025 Grechensis
1066 975 1251 1041 zagrabiensis,
1270 991 1337 1026 anno
1362 978 1437 1034 1378.

839 1207 928 1274 266.

356 1332 433 1381 Auno
455 1337 528 1388 1377.
550 1339 591 1387 25.
612 1329 713 1395 aprilis.
734 1329 887 1395 Zagrabiae.

251 1458 301 1513 Fr.
325 1466 476 1515 concreatus
498 1477 519 1516 s.
546 1458 667 1515 Nicolm'
686 1458 745 1515 ortt
769 1457 1007 1515 praedicatorum
1030 1458 1136 1528 Lucae,
1150 1460 1220 1534 filio
1242 1459 1382 1530 Radantr',
1401 1461 1515 1517 vincam

626 1564 681 1623 sub
702 1565 784 1621 cerh's
806 1565 1010 1622 conditionibus
1033 1567 1133 1623 locant.

338 1707 401 1764 Nos
425 1707 536 1765 fratres
559 1713 726 1765 conventus
749 1709 845 1765 sancti
869 1708 988 1767 Nicolai
1004 1709 1043 1766 de
1058 1710 1217 1781 Zagrabia,
1237 1710 1355 1769 ordinis
1378 1710 1513 1769 fratrum

249 1813 490 1877 Predicatorum,
514 1813 675 1871 videlicet:
700 1813 795 1871 frater
823 1814 987 1895 Johannes‚
1019 1816 1114 1888 prior,
1145 1815 1241 1873 frater
1273 1817 1389 1887 Petrus,
1421 1816 1516 1874 frater

248 1919 439 1990 DominicuS,
463 1919 557 1976 irater
581 1919 721 1976 Andreas
743 1925 773 1976 et
796 1920 892 1977 frater
914 1921 1067 1978 Fabianus
1091 1936 1127 1979 ac
1149 1923 1242 1979 ceteri
1268 1921 1387 1980 tratres.
1414 1921 1514 1994 Signi·

249 2022 377 2082 ficamus
401 2026 516 2098 quibus
539 2025 664 2098 expedit
687 2026 839 2083 universis
868 2027 1061 2098 presencium
1093 2043 1149 2100 per
1181 2032 1328 2097 tenorem,
1352 2027 1436 2100 quod
1459 2043 1515 2085 nos

248 2146 342 2188 unam
365 2132 488 2214 vineam
511 2148 569 2204 per
593 2131 724 2200 Kusech,
749 2131 852 2189 fratris
875 2130 966 2205 Span,
991 2132 1067 2189 civis
1090 2131 1128 2188 de
1160 2139 1264 2190 monte
1287 2133 1398 2204 Grech‚
1424 2138 1514 2190 testa·

248 2238 390 2294 mentarii
413 2238 487 2294 iuris
511 2239 601 2294 titulo
624 2237 662 2293 ad
687 2238 839 2294 claustum
860 2235 1015 2311 prefatum
1036 2237 1172 2308 legitime
1190 2237 1370 2295 devolutam
1389 2243 1420 2295 et
1435 2239 1514 2296 iudi·

248 2343 366 2400 cialiter
388 2344 545 2401 obtentam
570 2345 600 2400 in
624 2344 779 2401 territorio
801 2343 902 2401 Grech
927 2344 1116 2412 existentem,
1141 2359 1212 2400 cum
1234 2344 1379 2400 omnibus
1395 2344 1513 2400 iuribus

247 2455 276 2505 et
299 2449 483 2507 utilitatibus
507 2451 569 2506 suis
594 2450 681 2511 Luce.
702 2449 769 2506 tillo
785 2449 925 2520 Radanti,
942 2449 1002 2506 civi
1020 2448 1156 2521 predicte
1172 2449 1305 2506 civitatis
1322 2454 1351 2505 et
1368 2466 1424 2523 per
1440 2465 1512 2506 eum

246 2556 308 2612 suis
329 2556 503 2627 heredibus,
527 2556 739 2628 heredumque
769 2571 897 2612 suorum
928 2555 1158 2612 successoribus
1186 2554 1328 2612 dedimus
1352 2555 1418 2612 iure
1441 2573 1512 2629 per·

246 2667 339 2735 petuo
363 2662 591 2734 possidendam,
619 2662 783 2719 tenendam
814 2669 844 2718 et
874 2660 1049 2719 habendam
1082 2661 1131 2717 vel
1163 2661 1347 2733 cuicumque
1377 2661 1512 2718 voluerit

245 2765 468 2841 disponendam
493 2769 577 2825 iuxta
601 2767 856 2824 consvetudinem
879 2771 908 2824 et
932 2766 1144 2824 condicionem
1168 2767 1248 2824 dicte
1269 2767 1402 2824 civitatis
1418 2782 1509 2840 apro

245 2873 358 2944 batam,
390 2875 431 2931 ita
453 2881 564 2946 tamen,
589 2874 672 2946 quod
696 2875 853 2947 predictus
877 2875 974 2930 Lucas
998 2872 1138 2944 Radanti,
1163 2888 1284 2946 perse,
1308 2887 1443 2945 suosque
1459 2873 1511 2931 he·

243 2979 332 3037 redes
356 2986 385 3037 et
408 2996 598 3038 successores
615 2981 711 3053 ipsius
727 2981 815 3037 vinee
831 2980 958 3052 quosvis
974 2994 1166 3053 possessores
1182 2980 1212 3035 in
1229 2979 1369 3036 futurum
1393 2979 1509 3037 dictam

245 3087 365 3143 vineam
400 3087 599 3161 possidentes,
632 3086 783 3159 prefatam
816 3088 938 3143 vineam
970 3087 1048 3144 bene
1082 3087 1192 3157 colere,
1228 3101 1343 3143 necnon
1379 3086 1509 3158 singulis

243 3193 330 3249 aunis
354 3193 392 3249 de
417 3194 489 3249 vino
521 3194 681 3265 ipsiusmet
715 3193 802 3250 vinee
833 3195 864 3250 in
895 3192 1050 3249 vindemie
1082 3198 1223 3265 tempore
1246 3191 1354 3249 decem
1378 3193 1509 3250 cubulos

245 3301 306 3356 vini
330 3300 524 3357 recusacione
548 3299 666 3371 absque
689 3300 773 3356 omni
797 3299 901 3356 salvos
932 3302 961 3355 et
992 3299 1032 3355 ab
1064 3299 1148 3355 omni
1183 3298 1391 3355 decimacione
1415 3314 1508 3372 expe·

242 3403 323 3462 ditos
347 3407 376 3463 in
408 3412 535 3462 vectura
565 3406 692 3478 propria
724 3404 762 3461 ad
794 3403 912 3462 dictum
943 3405 1114 3461 claustrum
1145 3402 1334 3473 deducendo
1359 3402 1507 3461 fratribus

242 3510 370 3583 prefatis
394 3512 520 3568 claustri
546 3516 695 3584 perpetue
719 3511 793 3567 dare
817 3516 846 3567 et
870 3511 1064 3567 aministrare
1088 3509 1242 3565 tenebitur
1265 3514 1295 3565 et
1317 3507 1452 3578 debebit,
1469 3525 1505 3567 ac

242 3618 339 3674 eciam
363 3616 459 3674 futuri
482 3618 585 3689 quivis
609 3632 800 3690 possessores
824 3615 904 3673 dicte
927 3617 1015 3672 vinee
1038 3614 1106 3688 pari
1129 3615 1252 3671 racione
1273 3614 1460 3672 tenebuntur
1475 3622 1505 3672 et

241 3722 399 3780 debebunt
422 3723 461 3779 ad
485 3723 585 3791 idem;
608 3725 667 3780 hoc
690 3723 857 3792 interiectu,
881 3720 963 3794 quod
988 3722 1012 3777 si
1037 3736 1094 3794 per
1109 3718 1274 3792 grandines
1291 3725 1344 3776 aut
1359 3721 1431 3777 anni
1447 3724 1506 3777 ste·

240 3829 371 3886 rilitates
397 3830 427 3887 in
451 3830 572 3903 prefata
597 3830 685 3886 vinea
710 3828 828 3886 tructus
850 3843 910 3885 non
934 3828 1142 3901 provenirent,
1166 3832 1238 3883 tunc
1266 3826 1333 3899 ipse
1356 3825 1453 3882 Lucas
1475 3832 1506 3883 et

240 3951 347 3993 omnes
371 3936 451 3993 dicte
476 3937 563 3993 vinee
587 3936 689 4008 quivis
713 3934 808 3992 futuri
830 3948 1022 4008 possessores
1046 3936 1206 3989 teneantur
1230 3933 1260 3989 in
1276 3929 1344 3989 foro
1360 3929 1398 3988 de
1422 3932 1504 3989 bono

241 4043 313 4099 vino
337 4042 473 4116 prefatos
497 4042 604 4099 decem
630 4041 761 4098 cubulos
777 4056 879 4097 emere
895 4046 925 4095 et
941 4038 979 4095 ad
996 4038 1166 4095 claustrum
1184 4047 1392 4094 memoratum
1409 4036 1504 4094 modo

239 4163 302 4219 quo
325 4149 516 4221 premittitur
539 4147 725 4214 conducere;
748 4162 808 4217 que
831 4145 934 4201 omnia
959 4142 1041 4201 idem
1066 4143 1164 4199 Lucas
1188 4158 1244 4217 per
1267 4158 1300 4199 se
1321 4141 1458 4199 iacienda
1473 4148 1504 4199 et

239 4269 296 4327 per
320 4254 392 4310 illos
415 4253 453 4310 ad
479 4268 692 4326 quoscumque
719 4251 799 4308 dicte
822 4252 911 4308 vinee
942 4266 998 4323 per
1025 4265 1097 4306 eum
1120 4248 1370 4317 devolverentur,
1402 4247 1503 4304 fienda

238 4364 271 4415 ut
298 4360 495 4431 premittitur,
519 4358 692 4431 assumpsit.
718 4359 798 4413 Meta
820 4371 895 4413 vero
918 4355 1056 4430 predicte
1080 4356 1189 4413 vinee:
1210 4370 1229 4411 a
1250 4361 1339 4428 parte
1355 4368 1415 4411 una
1430 4359 1501 4411 sunt

238 4464 297 4521 due
321 4480 426 4522 cerasa
449 4481 546 4539 parve
571 4465 655 4521 iuxta
679 4464 800 4520 vineam
823 4477 917 4535 supra
941 4467 970 4518 et
992 4461 1078 4519 vadit
1101 4476 1197 4535 supra
1218 4459 1256 4517 ad
1286 4466 1425 4517 montem
1452 4474 1503 4516 us·

238 4587 298 4643 que
321 4571 361 4627 ad
385 4571 557 4643 virgultum
580 4570 760 4642 Franchych
783 4568 923 4641 Mykech,
954 4582 972 4624 a
1003 4573 1090 4640 parte
1122 4566 1184 4623 alia
1206 4571 1252 4622 est
1275 4565 1366 4621 vinea
1388 4563 1502 4621 Kathe·

236 4678 302 4735 rine
324 4677 430 4734 uxoris
452 4677 624 4747 Ilorgoche.
647 4676 682 4732 ln
704 4676 854 4749 premisse
877 4688 952 4731 vero
975 4672 1213 4747 composicionis
1236 4674 1266 4728 et
1295 4669 1502 4728 ordinacionis

236 4781 417 4840 firmitatem
439 4789 469 4839 et
496 4782 681 4839 memoriam
696 4787 881 4855 perpetuam
898 4779 1039 4852 sigillum
1055 4778 1153 4836 nostri
1169 4781 1338 4835 conventus
1355 4774 1502 4833 duximus

1363 4900 1392 4948 17
