3488 5242
636 317 707 374 Doc.
732 330 802 394 242.
829 350 865 359 —
884 316 940 375 An.
964 312 1051 394 1361.
1416 333 1474 387 225

213 519 437 595 dampnificare
467 516 642 575 revocando
673 516 704 573 in
735 515 857 573 irritum
889 520 920 572 et
954 516 1116 588 quitquam
1151 531 1348 589 quocumque
1384 515 1477 573 modo

213 631 319 683 contra
342 624 549 698 prescriptam
574 621 707 680 formam
731 636 785 678 sue
808 621 911 693 gracie
934 621 1087 692 generalis
1117 627 1224 678 contra
1254 621 1409 695 predictos
1430 637 1477 679 ca·

213 732 339 789 nonicos
362 736 391 787 et
414 730 585 803 capitulum
610 729 737 785 ecclesie
760 726 967 799 zagrabiensis
990 726 1041 783 vel
1078 727 1241 800 quospiam
1265 727 1406 800 ipsorum
1430 744 1478 784 ac·

215 844 280 894 tum
305 836 397 894 fuerit
420 837 470 893 vel
495 839 696 906 acceptatum.
728 834 895 892 Universas
917 838 1020 888 autem
1048 831 1167 889 litteras
1190 840 1253 889 tam
1279 847 1359 902 suas,
1383 849 1477 905 quam

215 943 469 1011 confirmatorias
486 956 580 1013 quam
602 939 679 997 alias
695 937 909 1012 quorumlibet
925 937 1136 1010 privilegiales
1160 945 1189 995 et
1212 937 1389 1010 specialiter
1404 938 1477 996 dicti

215 1049 372 1106 Laurencii
405 1048 545 1119 magistri
578 1046 808 1103 tavarnicorum
839 1059 966 1101 suorum
997 1044 1238 1101 sentencionales
1268 1045 1299 1101 in
1331 1060 1479 1117 quorum·

214 1170 347 1227 cumque
372 1154 542 1211 verborum
565 1152 616 1208 vel
639 1151 840 1208 materiarum
865 1149 973 1206 formis
996 1148 1113 1206 factum
1133 1148 1213 1207 dicte
1234 1151 1411 1224 calumpnie
1427 1167 1479 1208 ex·

214 1262 383 1333 primentes
405 1275 462 1332 per
482 1259 545 1315 iam
569 1257 667 1314 dictos
689 1257 772 1314 cives
796 1271 867 1313 suos
890 1253 1080 1313 Grechenses
1108 1261 1214 1313 contra
1237 1256 1408 1330 capitulum
1432 1273 1479 1314 ec·

214 1367 307 1423 clesie
329 1364 536 1437 zagrabiensis
568 1362 742 1436 predictum
774 1360 1066 1434 quomodocumque
1099 1367 1128 1418 et
1159 1363 1270 1434 quovis
1301 1364 1404 1420 colore
1425 1378 1480 1436 op-

216 1477 321 1542 tentas
346 1470 511 1542 acquisitas
536 1474 565 1526 et
588 1473 745 1525 emanatas
767 1482 803 1523 ac
827 1468 964 1524 emanari
996 1474 1185 1540 procuratas,
1210 1468 1425 1526 tantummodo
1448 1470 1479 1527 in

215 1579 283 1650 ipso
305 1576 438 1633 articulo
461 1575 637 1647 calumpnie
660 1574 726 1630 sive
742 1578 858 1646 punctu
876 1578 1024 1630 cassasset
1039 1577 1070 1629 et
1084 1573 1281 1647 reprobasset
1304 1579 1335 1631 et
1360 1575 1479 1632 viribus

215 1683 420 1739 commisisset
443 1682 592 1738 carituras
623 1686 652 1737 et
683 1695 790 1736 earum
820 1678 1048 1735 exhibitoribus
1078 1678 1194 1751 ubique
1218 1681 1373 1738 nocituras
1396 1683 1479 1738 testi·

215 1789 319 1846 monio
343 1788 518 1845 litterarum
539 1802 665 1843 suarum
690 1785 860 1854 mediante;
884 1790 913 1840 et
936 1800 974 1841 ne
997 1800 1053 1841 sua
1068 1786 1171 1857 gracia
1188 1802 1244 1858 per
1260 1787 1362 1860 ipsum
1384 1787 1480 1844 racio-

215 1895 361 1951 nabiliter
385 1894 443 1967 ipsi
468 1892 604 1966 capitulo
629 1891 717 1961 facta,
742 1892 814 1964 quia
844 1890 990 1948 dominus
1021 1891 1168 1948 Nicolaus
1192 1891 1328 1964 predicte
1352 1895 1480 1950 ecclesie

215 2000 422 2071 zagrabiensis
446 1999 618 2071 episcopus,
643 1998 713 2054 aule
745 2013 798 2054 sue
830 1997 1100 2054 vicecancellarius
1131 1998 1160 2055 in
1192 1997 1296 2055 officio
1320 2014 1481 2056 conserva·

215 2106 310 2162 cionis
334 2106 381 2162 sui
406 2105 531 2161 maioris
562 2104 659 2174 sigilli
692 2102 877 2175 fungeretur,
909 2103 990 2160 vicio
1022 2103 1153 2159 alicuius
1184 2103 1350 2160 dubietatis
1379 2111 1408 2161 et
1431 2121 1481 2162 su-

216 2212 305 2285 spicii
329 2209 551 2281 obfuscaretur,
584 2210 636 2266 sed
662 2225 785 2280 semper
807 2208 894 2265 salva
921 2225 1103 2281 permanens
1128 2215 1158 2265 et
1182 2209 1360 2267 inconcussa
1383 2213 1481 2269 robur

215 2318 368 2391 optineret
391 2322 541 2390 perpetue
564 2316 720 2373 firmitatis
743 2332 798 2372 nec
823 2331 878 2387 per
901 2316 1081 2388 quempiam
1099 2315 1217 2372 valeret
1241 2317 1270 2373 in
1293 2317 1416 2374 irritum
1434 2335 1480 2374 re-

217 2424 329 2492 vocari,
353 2423 492 2494 sigillum
517 2423 597 2479 dicte
621 2422 745 2479 domine
768 2422 880 2493 regine,
902 2414 1082 2497 genitrici(s)
1098 2437 1152 2477 sue
1168 2420 1329 2479 karissime
1346 2425 1480 2492 anulare,

216 2545 254 2585 ex
275 2529 413 2585 eiusdem
438 2528 562 2585 domine
585 2530 689 2599 regine
713 2533 743 2583 et
767 2527 958 2600 prelatorum
981 2542 1016 2583 ac
1040 2527 1192 2584 baronum
1216 2544 1343 2585 suorum
1361 2530 1481 2602 predic·

217 2640 319 2691 torum
335 2634 508 2690 deliberato
524 2633 660 2704 consili0,
685 2633 789 2704 sigillo
805 2632 958 2703 adiuncto
979 2632 1115 2705 predicte
1132 2632 1233 2690 littere
1256 2636 1410 2692 statuisset
1427 2651 1480 2710 ap·

217 2739 414 2814 pendendum
441 2740 471 2796 in
495 2741 703 2796 testimonium
721 2740 952 2812 premissorum.
977 2738 1116 2810 Quarum
1134 2739 1306 2797 litterarum
1328 2742 1481 2813 regalium

217 2847 354 2918 graciose
382 2845 482 2902 eidem
511 2846 647 2918 capitulo
674 2846 866 2917 zagrabiensi
896 2845 1037 2901 datarum
1070 2845 1316 2902 exhibicionibus
1341 2846 1428 2904 lactis
1452 2856 1481 2905 et

218 2953 375 3009 tenoribus
399 2951 578 3008 earumdem
602 2952 719 3021 revisis,
744 2953 818 3024 quia
841 2950 1014 3024 predictum
1039 2950 1200 3009 dominum
1218 2959 1356 3010 nostrum
1374 2971 1480 3027 regem

217 3057 439 3114 devvoluntate
463 3065 492 3114 et
516 3058 712 3131 beneplacito
736 3056 860 3114 domine
883 3058 1051 3127 Elizabeth,
1076 3058 1124 3115 dei
1148 3059 1251 3130 gracia
1276 3061 1380 3132 regine
1396 3061 1481 3120 Hun-

217 3165 309 3235 garie,
333 3165 489 3235 genitricis
512 3181 565 3221 sue
588 3165 749 3221 karissime
772 3170 802 3220 et
825 3163 864 3219 de
887 3179 1036 3220 consensu
1061 3179 1097 3220 ac
1120 3165 1248 3221 consilio
1279 3168 1365 3238 regni
1392 3168 1482 3226 baro·

219 3286 302 3339 num,
327 3267 554 3327 deliberacione
578 3286 648 3327 cum
672 3270 787 3326 eisdem
806 3270 976 3342 prehabito,
993 3268 1166 3343 predictum
1184 3271 1354 3343 capitulum
1378 3290 1483 3347 zagra-

219 3375 322 3432 biense
346 3391 363 3431 a
387 3376 526 3449 predicto
552 3375 687 3432 iudiciali
719 3376 896 3448 calumpnie
929 3376 1108 3445 gravamine
1140 3377 1169 3433 ln
1201 3392 1262 3449 quo
1294 3379 1353 3450 ipsi
1376 3387 1483 3439 contra

218 3483 300 3538 cives
324 3488 354 3538 et
377 3482 513 3555 hospites
538 3481 727 3539 Grechenses
751 3481 903 3554 premisso
927 3480 1021 3537 modo
1040 3479 1279 3540 dinoscebantur
1295 3483 1361 3542 fore
1377 3488 1482 3558 quieti,

218 3603 276 3659 pro
299 3604 343 3656 eo,
361 3589 433 3660 quia
456 3594 593 3644 sanctam
610 3593 741 3643 matrem
757 3586 919 3643 ecclesiam
944 3594 973 3644 et
997 3587 1081 3643 viros
1098 3586 1156 3644 deo
1176 3587 1360 3647 famulantes
1376 3607 1483 3663 regem

218 3701 248 3750 et
271 3694 349 3751 alios
372 3695 540 3765 graciosius
565 3694 711 3766 prosequi
734 3694 890 3765 competit,
920 3691 959 3748 de
990 3692 1181 3766 plenitudine
1213 3710 1267 3752 sue
1290 3697 1374 3768 regie
1398 3704 1482 3770 pote-

218 3802 304 3856 statis
328 3817 365 3857 ex
389 3801 473 3856 omni
498 3806 585 3872 parte
609 3805 671 3855 tam
700 3798 809 3855 iudicis
841 3814 935 3871 quarn
967 3799 1107 3871 parcium
1136 3799 1338 3858 adversarum
1362 3804 1484 3875 penitus

219 3912 248 3962 et
271 3908 396 3963 omnino
420 3922 457 3962 ex
481 3904 766 3978 superhabundanti
784 3905 887 3976 gracia
910 3912 939 3961 et
962 3920 999 3960 ex
1023 3910 1105 3961 certa
1123 3905 1252 3962 sciencia
1268 3909 1483 3966 tantummodo

219 4012 339 4083 inipso
364 4012 539 4084 calumpnie
563 4011 693 4067 articulo
724 4010 904 4079 absolvisse,
928 4009 1100 4067 reddidisse
1126 4016 1156 4067 et
1177 4012 1368 4068 commisisse
1391 4029 1483 4087 expe·

219 4117 299 4174 ditos
322 4134 359 4173 ex
384 4118 461 4173 serie
485 4116 695 4189 predictarum
721 4116 894 4173 litterarum
927 4115 1080 4186 regalium
1111 4117 1247 4188 grasiose
1275 4115 1375 4174 eidem
1399 4121 1482 4192 capi·

219 4224 285 4280 tulo
308 4223 451 4280 datarum
482 4221 642 4279 manifeste
667 4223 878 4290 intuebamur;
910 4221 979 4278 ideo
1012 4238 1067 4278 nos
1095 4237 1227 4279 unacum
1258 4222 1385 4280 Nicolao
1412 4227 1482 4282 stri-

219 4329 365 4400 goniensi,
392 4329 512 4385 'lhoma
536 4328 740 4396 cholochensi,
769 4328 1035 4401 archyepiscopis;
1061 4326 1218 4400 Stephano
1244 4328 1392 4399 nitriensi,
1419 4330 1482 4388 Do-

220 4435 332 4490 minico
364 4434 577 4505 chanadyensi‚
606 4434 775 4506 episcopis;
792 4432 964 4502 magnificis
993 4433 1080 4490 viris:
1105 4432 1234 4490 Nicolao
1256 4433 1374 4506 Konch,
1399 4437 1485 4507 regni

220 4541 377 4611 ilungarie
414 4541 552 4613 palatino
590 4546 619 4596 et
658 4538 758 4596 iudice
796 4540 1016 4609 Cumanorum,
1051 4538 1208 4611 Stephano
1246 4537 1352 4595 Bubek
1393 4540 1484 4610 dictu,

220 4645 319 4702 iudice
343 4646 427 4701 curie
458 4647 541 4716 regie
564 4660 680 4701 necnon
712 4644 782 4700 aliis
805 4644 891 4716 regni
924 4644 1092 4701 baronibus
1127 4649 1155 4699 et
1191 4642 1350 4701 nobilibus
1381 4646 1486 4703 nobis·

220 4766 291 4807 cum
330 4752 361 4807 in
401 4750 515 4808 iudicio
546 4750 784 4808 consedentibus
821 4751 926 4824 ipsum
964 4749 1138 4823 capitulum
1171 4749 1369 4822 zagrabiense
1400 4751 1485 4809 iuxta

1347 4875 1377 4926 15
