<?xml version="1.0" encoding="UTF-8"?>
<!DOCTYPE html PUBLIC "-//W3C//DTD XHTML 1.0 Transitional//EN"
    "http://www.w3.org/TR/xhtml1/DTD/xhtml1-transitional.dtd">
<html xmlns="http://www.w3.org/1999/xhtml" xml:lang="en" lang="en">
 <head>
  <title>
</title>
<meta http-equiv="Content-Type" content="text/html;charset=utf-8" />
  <meta name='ocr-system' content='tesseract 3.04.00' />
  <meta name='ocr-capabilities' content='ocr_page ocr_carea ocr_par ocr_line ocrx_word'/>
</head>
<body>
  <div class='ocr_page' id='page_1' title='image "./monumentahistor11laszgoog_0362.png"; bbox 0 0 3488 5242; ppageno 0'>
   <div class='ocr_carea' id='block_1_1' title="bbox 643 352 1479 432">
    <p class='ocr_par' dir='ltr' id='par_1_1' title="bbox 643 352 1479 432">
     <span class='ocr_line' id='line_1_1' title="bbox 643 352 1479 432; baseline 0.013 -22"><span class='ocrx_word' id='word_1_1' title='bbox 643 355 717 411; x_wconf 85' lang='lat' dir='ltr'>Doc.</span> <span class='ocrx_word' id='word_1_2' title='bbox 742 368 811 432; x_wconf 65' lang='lat'>144</span> <span class='ocrx_word' id='word_1_3' title='bbox 831 388 867 397; x_wconf 88' lang='lat'>-</span> <span class='ocrx_word' id='word_1_4' title='bbox 886 355 942 412; x_wconf 81' lang='lat' dir='ltr'>An.</span> <span class='ocrx_word' id='word_1_5' title='bbox 966 352 1057 431; x_wconf 77' lang='lat'><em>1328.</em></span> <span class='ocrx_word' id='word_1_6' title='bbox 1420 377 1479 432; x_wconf 87' lang='lat'>1²7</span> 
     </span>
    </p>
   </div>
   <div class='ocr_carea' id='block_1_2' title="bbox 214 552 1487 2424">
    <p class='ocr_par' dir='ltr' id='par_1_2' title="bbox 214 552 1487 2424">
     <span class='ocr_line' id='line_1_2' title="bbox 215 552 1480 626; baseline 0.004 -18"><span class='ocrx_word' id='word_1_7' title='bbox 215 552 306 620; x_wconf 89' lang='lat' dir='ltr'>tibus,</span> <span class='ocrx_word' id='word_1_8' title='bbox 330 553 514 619; x_wconf 90' lang='lat' dir='ltr'>castellanis,</span> <span class='ocrx_word' id='word_1_9' title='bbox 539 553 621 610; x_wconf 93' lang='lat' dir='ltr'>vices</span> <span class='ocrx_word' id='word_1_10' title='bbox 645 568 753 610; x_wconf 92' lang='lat' dir='ltr'>eorum</span> <span class='ocrx_word' id='word_1_11' title='bbox 777 554 963 624; x_wconf 82' lang='lat' dir='ltr'>gerentibus,</span> <span class='ocrx_word' id='word_1_12' title='bbox 987 555 1154 626; x_wconf 90' lang='lat' dir='ltr'>nobilibus,</span> <span class='ocrx_word' id='word_1_13' title='bbox 1182 556 1304 614; x_wconf 89' lang='lat' dir='ltr'>civibus</span> <span class='ocrx_word' id='word_1_14' title='bbox 1327 563 1356 614; x_wconf 87' lang='lat' dir='ltr'>et</span> <span class='ocrx_word' id='word_1_15' title='bbox 1379 558 1480 615; x_wconf 89' lang='lat' dir='ltr'>cuius·</span> 
     </span>
     <span class='ocr_line' id='line_1_3' title="bbox 216 658 1481 732; baseline 0.005 -19"><span class='ocrx_word' id='word_1_16' title='bbox 216 658 263 714; x_wconf 94' lang='lat' dir='ltr'>vis</span> <span class='ocrx_word' id='word_1_17' title='bbox 293 664 389 715; x_wconf 89' lang='lat' dir='ltr'>status</span> <span class='ocrx_word' id='word_1_18' title='bbox 421 659 598 716; x_wconf 89' lang='lat' dir='ltr'>hominibus</span> <span class='ocrx_word' id='word_1_19' title='bbox 626 660 677 716; x_wconf 89' lang='lat' dir='ltr'>vel</span> <span class='ocrx_word' id='word_1_20' title='bbox 709 658 896 717; x_wconf 89' lang='lat' dir='ltr'>condicionis</span> <span class='ocrx_word' id='word_1_21' title='bbox 926 661 1012 732; x_wconf 90' lang='lat' dir='ltr'>regni</span> <span class='ocrx_word' id='word_1_22' title='bbox 1044 659 1215 721; x_wconf 89' lang='lat' dir='ltr'>Sclauonie.</span> <span class='ocrx_word' id='word_1_23' title='bbox 1247 660 1405 732; x_wconf 88' lang='lat' dir='ltr'>dyoecesis</span> <span class='ocrx_word' id='word_1_24' title='bbox 1433 679 1481 719; x_wconf 90' lang='lat' dir='ltr'>za·</span> 
     </span>
     <span class='ocr_line' id='line_1_4' title="bbox 215 764 1479 838; baseline 0.005 -19"><span class='ocrx_word' id='word_1_25' title='bbox 215 764 394 834; x_wconf 86' lang='lat' dir='ltr'>grabiensis‚</span> <span class='ocrx_word' id='word_1_26' title='bbox 417 765 602 822; x_wconf 89' lang='lat' dir='ltr'>salutemet</span> <span class='ocrx_word' id='word_1_27' title='bbox 625 766 770 837; x_wconf 81' lang='lat' dir='ltr'>graciam.</span> <span class='ocrx_word' id='word_1_28' title='bbox 795 764 887 838; x_wconf 78' lang='lat' dir='ltr'>Quod</span> <span class='ocrx_word' id='word_1_29' title='bbox 911 781 982 822; x_wconf 91' lang='lat' dir='ltr'>cum</span> <span class='ocrx_word' id='word_1_30' title='bbox 1002 781 1057 823; x_wconf 93' lang='lat' dir='ltr'>nos</span> <span class='ocrx_word' id='word_1_31' title='bbox 1081 765 1119 822; x_wconf 92' lang='lat' dir='ltr'>ad</span> <span class='ocrx_word' id='word_1_32' title='bbox 1142 765 1266 823; x_wconf 89' lang='lat' dir='ltr'>laudern</span> <span class='ocrx_word' id='word_1_33' title='bbox 1284 774 1313 824; x_wconf 91' lang='lat' dir='ltr'>et</span> <span class='ocrx_word' id='word_1_34' title='bbox 1329 768 1479 825; x_wconf 85' lang='lat' dir='ltr'>honorem</span> 
     </span>
     <span class='ocr_line' id='line_1_5' title="bbox 215 869 1480 944; baseline 0.005 -20"><span class='ocrx_word' id='word_1_35' title='bbox 215 869 398 926; x_wconf 85' lang='lat' dir='ltr'>sanctissimi</span> <span class='ocrx_word' id='word_1_36' title='bbox 414 870 495 941; x_wconf 89' lang='lat' dir='ltr'>regis</span> <span class='ocrx_word' id='word_1_37' title='bbox 511 869 656 940; x_wconf 90' lang='lat' dir='ltr'>Ladizlai,</span> <span class='ocrx_word' id='word_1_38' title='bbox 673 869 846 928; x_wconf 82' lang='lat' dir='ltr'>fundatoris</span> <span class='ocrx_word' id='word_1_39' title='bbox 862 870 990 927; x_wconf 85' lang='lat' dir='ltr'>ecclesie</span> <span class='ocrx_word' id='word_1_40' title='bbox 1005 877 1036 928; x_wconf 93' lang='lat' dir='ltr'>et</span> <span class='ocrx_word' id='word_1_41' title='bbox 1051 872 1248 944; x_wconf 83' lang='lat' dir='ltr'>episcopatus</span> <span class='ocrx_word' id='word_1_42' title='bbox 1264 873 1480 944; x_wconf 87' lang='lat' dir='ltr'>zagrabiensis,</span> 
     </span>
     <span class='ocr_line' id='line_1_6' title="bbox 215 974 1481 1050; baseline 0.005 -20"><span class='ocrx_word' id='word_1_43' title='bbox 215 974 345 1031; x_wconf 92' lang='lat' dir='ltr'>eandem</span> <span class='ocrx_word' id='word_1_44' title='bbox 377 975 538 1032; x_wconf 91' lang='lat' dir='ltr'>ecclesiam</span> <span class='ocrx_word' id='word_1_45' title='bbox 570 983 599 1033; x_wconf 89' lang='lat' dir='ltr'>et</span> <span class='ocrx_word' id='word_1_46' title='bbox 630 977 843 1050; x_wconf 89' lang='lat' dir='ltr'>episcopatum</span> <span class='ocrx_word' id='word_1_47' title='bbox 866 976 897 1033; x_wconf 89' lang='lat' dir='ltr'>in</span> <span class='ocrx_word' id='word_1_48' title='bbox 922 977 1067 1033; x_wconf 87' lang='lat' dir='ltr'>omnibus</span> <span class='ocrx_word' id='word_1_49' title='bbox 1089 977 1285 1034; x_wconf 84' lang='lat' dir='ltr'>libertatibus</span> <span class='ocrx_word' id='word_1_50' title='bbox 1309 983 1340 1034; x_wconf 92' lang='lat' dir='ltr'>et</span> <span class='ocrx_word' id='word_1_51' title='bbox 1361 978 1481 1036; x_wconf 91' lang='lat' dir='ltr'>iuribus</span> 
     </span>
     <span class='ocr_line' id='line_1_7' title="bbox 215 1079 1481 1156; baseline 0.004 -20"><span class='ocrx_word' id='word_1_52' title='bbox 215 1080 277 1137; x_wconf 92' lang='lat' dir='ltr'>suis</span> <span class='ocrx_word' id='word_1_53' title='bbox 309 1079 414 1137; x_wconf 86' lang='lat' dir='ltr'>fovere</span> <span class='ocrx_word' id='word_1_54' title='bbox 445 1089 474 1138; x_wconf 89' lang='lat' dir='ltr'>et</span> <span class='ocrx_word' id='word_1_55' title='bbox 507 1089 608 1139; x_wconf 92' lang='lat' dir='ltr'>tenere</span> <span class='ocrx_word' id='word_1_56' title='bbox 640 1083 787 1139; x_wconf 92' lang='lat' dir='ltr'>volumus</span> <span class='ocrx_word' id='word_1_57' title='bbox 806 1099 869 1140; x_wconf 52' lang='lat' dir='ltr'>&gt;seu</span> <span class='ocrx_word' id='word_1_58' title='bbox 899 1082 1101 1155; x_wconf 87' lang='lat' dir='ltr'>promisimus</span> <span class='ocrx_word' id='word_1_59' title='bbox 1127 1091 1220 1155; x_wconf 91' lang='lat' dir='ltr'>prout</span> <span class='ocrx_word' id='word_1_60' title='bbox 1243 1098 1299 1156; x_wconf 92' lang='lat' dir='ltr'>per</span> <span class='ocrx_word' id='word_1_61' title='bbox 1322 1083 1481 1156; x_wconf 90' lang='lat' dir='ltr'>predeces-</span> 
     </span>
     <span class='ocr_line' id='line_1_8' title="bbox 215 1188 1482 1262; baseline 0.004 -21"><span class='ocrx_word' id='word_1_62' title='bbox 215 1201 299 1242; x_wconf 87' lang='lat' dir='ltr'>sores</span> <span class='ocrx_word' id='word_1_63' title='bbox 322 1194 443 1244; x_wconf 86' lang='lat' dir='ltr'>nostros</span> <span class='ocrx_word' id='word_1_64' title='bbox 467 1189 553 1260; x_wconf 87' lang='lat' dir='ltr'>prius</span> <span class='ocrx_word' id='word_1_65' title='bbox 578 1194 608 1245; x_wconf 89' lang='lat' dir='ltr'>et</span> <span class='ocrx_word' id='word_1_66' title='bbox 630 1188 799 1260; x_wconf 91' lang='lat' dir='ltr'>antiquitus</span> <span class='ocrx_word' id='word_1_67' title='bbox 823 1195 867 1246; x_wconf 93' lang='lat' dir='ltr'>est</span> <span class='ocrx_word' id='word_1_68' title='bbox 891 1189 1089 1262; x_wconf 87' lang='lat' dir='ltr'>privilegiata</span> <span class='ocrx_word' id='word_1_69' title='bbox 1114 1194 1143 1245; x_wconf 89' lang='lat' dir='ltr'>et</span> <span class='ocrx_word' id='word_1_70' title='bbox 1163 1190 1327 1246; x_wconf 88' lang='lat' dir='ltr'>observata</span> <span class='ocrx_word' id='word_1_71' title='bbox 1344 1190 1409 1246; x_wconf 89' lang='lat' dir='ltr'>sive</span> <span class='ocrx_word' id='word_1_72' title='bbox 1425 1205 1482 1262; x_wconf 90' lang='lat' dir='ltr'>per</span> 
     </span>
     <span class='ocr_line' id='line_1_9' title="bbox 215 1292 1486 1369; baseline 0.006 -24"><span class='ocrx_word' id='word_1_73' title='bbox 215 1292 378 1363; x_wconf 84' lang='lat' dir='ltr'>originalia</span> <span class='ocrx_word' id='word_1_74' title='bbox 408 1301 460 1349; x_wconf 88' lang='lat' dir='ltr'>aut</span> <span class='ocrx_word' id='word_1_75' title='bbox 491 1292 722 1351; x_wconf 88' lang='lat' dir='ltr'>confirmatoria</span> <span class='ocrx_word' id='word_1_76' title='bbox 753 1295 783 1351; x_wconf 92' lang='lat' dir='ltr'>in</span> <span class='ocrx_word' id='word_1_77' title='bbox 807 1302 945 1352; x_wconf 89' lang='lat' dir='ltr'>nostram</span> <span class='ocrx_word' id='word_1_78' title='bbox 971 1294 1140 1366; x_wconf 89' lang='lat' dir='ltr'>recipimus</span> <span class='ocrx_word' id='word_1_79' title='bbox 1165 1295 1388 1367; x_wconf 89' lang='lat' dir='ltr'>protectionem</span> <span class='ocrx_word' id='word_1_80' title='bbox 1419 1311 1486 1369; x_wconf 89' lang='lat' dir='ltr'>spe-</span> 
     </span>
     <span class='ocr_line' id='line_1_10' title="bbox 214 1397 1487 1457; baseline 0.004 -5"><span class='ocrx_word' id='word_1_81' title='bbox 214 1397 332 1454; x_wconf 90' lang='lat' dir='ltr'>cialem.</span> <span class='ocrx_word' id='word_1_82' title='bbox 358 1397 475 1456; x_wconf 89' lang='lat' dir='ltr'>idcirco</span> <span class='ocrx_word' id='word_1_83' title='bbox 499 1398 642 1457; x_wconf 83' lang='lat' dir='ltr'>fidelitati</span> <span class='ocrx_word' id='word_1_84' title='bbox 665 1405 767 1457; x_wconf 89' lang='lat' dir='ltr'>vestre</span> <span class='ocrx_word' id='word_1_85' title='bbox 790 1400 998 1457; x_wconf 89' lang='lat' dir='ltr'>universitatis</span> <span class='ocrx_word' id='word_1_86' title='bbox 1022 1399 1154 1456; x_wconf 88' lang='lat' dir='ltr'>firmiter·</span> <span class='ocrx_word' id='word_1_87' title='bbox 1176 1407 1205 1456; x_wconf 93' lang='lat' dir='ltr'>et</span> <span class='ocrx_word' id='word_1_88' title='bbox 1222 1399 1360 1457; x_wconf 85' lang='lat' dir='ltr'>districte</span> <span class='ocrx_word' id='word_1_89' title='bbox 1375 1400 1487 1457; x_wconf 89' lang='lat' dir='ltr'>damus</span> 
     </span>
     <span class='ocr_line' id='line_1_11' title="bbox 216 1502 1480 1579; baseline 0.003 -21"><span class='ocrx_word' id='word_1_90' title='bbox 216 1503 244 1558; x_wconf 93' lang='lat' dir='ltr'>in</span> <span class='ocrx_word' id='word_1_91' title='bbox 263 1502 424 1573; x_wconf 88' lang='lat' dir='ltr'>mandatis,</span> <span class='ocrx_word' id='word_1_92' title='bbox 441 1513 591 1577; x_wconf 91' lang='lat' dir='ltr'>quatenus</span> <span class='ocrx_word' id='word_1_93' title='bbox 609 1505 640 1561; x_wconf 94' lang='lat' dir='ltr'>in</span> <span class='ocrx_word' id='word_1_94' title='bbox 655 1505 744 1562; x_wconf 90' lang='lat' dir='ltr'>nullo</span> <span class='ocrx_word' id='word_1_95' title='bbox 767 1505 933 1579; x_wconf 85' lang='lat' dir='ltr'>privilegia</span> <span class='ocrx_word' id='word_1_96' title='bbox 956 1521 1010 1562; x_wconf 93' lang='lat' dir='ltr'>seu</span> <span class='ocrx_word' id='word_1_97' title='bbox 1034 1505 1193 1562; x_wconf 87' lang='lat' dir='ltr'>libertates</span> <span class='ocrx_word' id='word_1_98' title='bbox 1209 1505 1328 1578; x_wconf 85' lang='lat' dir='ltr'>prefate</span> <span class='ocrx_word' id='word_1_99' title='bbox 1344 1506 1480 1574; x_wconf 89' lang='lat' dir='ltr'>ecclesie,</span> 
     </span>
     <span class='ocr_line' id='line_1_12' title="bbox 215 1610 1485 1684; baseline 0.003 -20"><span class='ocrx_word' id='word_1_100' title='bbox 215 1610 337 1681; x_wconf 89' lang='lat' dir='ltr'>singula</span> <span class='ocrx_word' id='word_1_101' title='bbox 360 1617 389 1667; x_wconf 91' lang='lat' dir='ltr'>et</span> <span class='ocrx_word' id='word_1_102' title='bbox 414 1611 566 1679; x_wconf 89' lang='lat' dir='ltr'>universa,</span> <span class='ocrx_word' id='word_1_103' title='bbox 590 1627 651 1683; x_wconf 92' lang='lat' dir='ltr'>que</span> <span class='ocrx_word' id='word_1_104' title='bbox 675 1611 706 1669; x_wconf 89' lang='lat' dir='ltr'>in</span> <span class='ocrx_word' id='word_1_105' title='bbox 727 1611 824 1684; x_wconf 91' lang='lat' dir='ltr'>ipsius</span> <span class='ocrx_word' id='word_1_106' title='bbox 839 1611 968 1668; x_wconf 92' lang='lat' dir='ltr'>ecclesie</span> <span class='ocrx_word' id='word_1_107' title='bbox 987 1611 1160 1684; x_wconf 84' lang='lat' dir='ltr'>privilegiis</span> <span class='ocrx_word' id='word_1_108' title='bbox 1176 1611 1369 1669; x_wconf 91' lang='lat' dir='ltr'>continentur</span> <span class='ocrx_word' id='word_1_109' title='bbox 1384 1612 1485 1684; x_wconf 90' lang='lat' dir='ltr'>impu-</span> 
     </span>
     <span class='ocr_line' id='line_1_13' title="bbox 214 1716 1484 1790; baseline 0.003 -20"><span class='ocrx_word' id='word_1_110' title='bbox 214 1730 309 1786; x_wconf 86' lang='lat' dir='ltr'>gnare</span> <span class='ocrx_word' id='word_1_111' title='bbox 332 1723 361 1771; x_wconf 89' lang='lat' dir='ltr'>et</span> <span class='ocrx_word' id='word_1_112' title='bbox 385 1716 504 1773; x_wconf 91' lang='lat' dir='ltr'>violare</span> <span class='ocrx_word' id='word_1_113' title='bbox 529 1723 748 1790; x_wconf 89' lang='lat' dir='ltr'>presumentes,</span> <span class='ocrx_word' id='word_1_114' title='bbox 782 1717 964 1789; x_wconf 90' lang='lat' dir='ltr'>quinymmo</span> <span class='ocrx_word' id='word_1_115' title='bbox 989 1717 1020 1774; x_wconf 90' lang='lat' dir='ltr'>in</span> <span class='ocrx_word' id='word_1_116' title='bbox 1043 1717 1188 1774; x_wconf 90' lang='lat' dir='ltr'>omnibus</span> <span class='ocrx_word' id='word_1_117' title='bbox 1210 1717 1335 1774; x_wconf 86' lang='lat' dir='ltr'>auxiliis</span> <span class='ocrx_word' id='word_1_118' title='bbox 1358 1723 1387 1774; x_wconf 91' lang='lat' dir='ltr'>et</span> <span class='ocrx_word' id='word_1_119' title='bbox 1412 1733 1484 1774; x_wconf 91' lang='lat' dir='ltr'>con·</span> 
     </span>
     <span class='ocr_line' id='line_1_14' title="bbox 215 1821 1484 1897; baseline 0.003 -21"><span class='ocrx_word' id='word_1_120' title='bbox 215 1821 292 1877; x_wconf 90' lang='lat' dir='ltr'>siliis</span> <span class='ocrx_word' id='word_1_121' title='bbox 316 1822 426 1879; x_wconf 89' lang='lat' dir='ltr'>vestris</span> <span class='ocrx_word' id='word_1_122' title='bbox 450 1823 611 1895; x_wconf 87' lang='lat' dir='ltr'>oportunis</span> <span class='ocrx_word' id='word_1_123' title='bbox 634 1838 703 1880; x_wconf 89' lang='lat' dir='ltr'>eam</span> <span class='ocrx_word' id='word_1_124' title='bbox 726 1823 758 1885; x_wconf 91' lang='lat' dir='ltr'>in</span> <span class='ocrx_word' id='word_1_125' title='bbox 781 1822 941 1895; x_wconf 90' lang='lat' dir='ltr'>premissis</span> <span class='ocrx_word' id='word_1_126' title='bbox 956 1821 1095 1880; x_wconf 87' lang='lat' dir='ltr'>debeatis</span> <span class='ocrx_word' id='word_1_127' title='bbox 1111 1821 1283 1881; x_wconf 85' lang='lat' dir='ltr'>confovere.</span> <span class='ocrx_word' id='word_1_128' title='bbox 1300 1822 1484 1897; x_wconf 86' lang='lat' dir='ltr'>Specialiter</span> 
     </span>
     <span class='ocr_line' id='line_1_15' title="bbox 215 1925 1483 2002; baseline 0.003 -20"><span class='ocrx_word' id='word_1_129' title='bbox 215 1925 368 1983; x_wconf 91' lang='lat' dir='ltr'>decimam</span> <span class='ocrx_word' id='word_1_130' title='bbox 392 1937 512 2000; x_wconf 86' lang='lat' dir='ltr'>partem</span> <span class='ocrx_word' id='word_1_131' title='bbox 538 1929 781 1986; x_wconf 85' lang='lat' dir='ltr'>marturinamm</span> <span class='ocrx_word' id='word_1_132' title='bbox 805 1944 823 1985; x_wconf 91' lang='lat' dir='ltr'>a</span> <span class='ocrx_word' id='word_1_133' title='bbox 846 1928 953 1985; x_wconf 91' lang='lat' dir='ltr'>multis</span> <span class='ocrx_word' id='word_1_134' title='bbox 977 1925 1170 2002; x_wconf 87' lang='lat' dir='ltr'>temporibus</span> <span class='ocrx_word' id='word_1_135' title='bbox 1194 1928 1331 2002; x_wconf 90' lang='lat' dir='ltr'>predicte</span> <span class='ocrx_word' id='word_1_136' title='bbox 1354 1929 1483 1987; x_wconf 89' lang='lat' dir='ltr'>ecclesie</span> 
     </span>
     <span class='ocr_line' id='line_1_16' title="bbox 215 2032 1483 2109; baseline 0.002 -20"><span class='ocrx_word' id='word_1_137' title='bbox 215 2048 271 2105; x_wconf 91' lang='lat' dir='ltr'>per</span> <span class='ocrx_word' id='word_1_138' title='bbox 302 2033 535 2105; x_wconf 85' lang='lat' dir='ltr'>predecessores</span> <span class='ocrx_word' id='word_1_139' title='bbox 566 2040 688 2092; x_wconf 92' lang='lat' dir='ltr'>nostros</span> <span class='ocrx_word' id='word_1_140' title='bbox 719 2041 749 2092; x_wconf 90' lang='lat' dir='ltr'>et</span> <span class='ocrx_word' id='word_1_141' title='bbox 779 2034 900 2092; x_wconf 89' lang='lat' dir='ltr'>nobiles</span> <span class='ocrx_word' id='word_1_142' title='bbox 933 2034 1021 2106; x_wconf 89' lang='lat' dir='ltr'>regni</span> <span class='ocrx_word' id='word_1_143' title='bbox 1043 2032 1205 2092; x_wconf 89' lang='lat' dir='ltr'>Sclauonie</span> <span class='ocrx_word' id='word_1_144' title='bbox 1228 2033 1402 2092; x_wconf 90' lang='lat' dir='ltr'>ordinatam</span> <span class='ocrx_word' id='word_1_145' title='bbox 1424 2049 1483 2109; x_wconf 92' lang='lat' dir='ltr'>pro</span> 
     </span>
     <span class='ocr_line' id='line_1_17' title="bbox 215 2138 1480 2212; baseline 0.002 -17"><span class='ocrx_word' id='word_1_146' title='bbox 215 2138 334 2197; x_wconf 89' lang='lat' dir='ltr'>iusticia</span> <span class='ocrx_word' id='word_1_147' title='bbox 364 2139 503 2197; x_wconf 88' lang='lat' dir='ltr'>eiusdem</span> <span class='ocrx_word' id='word_1_148' title='bbox 535 2141 632 2212; x_wconf 89' lang='lat' dir='ltr'>regni,</span> <span class='ocrx_word' id='word_1_149' title='bbox 663 2155 781 2198; x_wconf 89' lang='lat' dir='ltr'>necnon</span> <span class='ocrx_word' id='word_1_150' title='bbox 805 2139 843 2196; x_wconf 90' lang='lat' dir='ltr'>de</span> <span class='ocrx_word' id='word_1_151' title='bbox 874 2139 1020 2197; x_wconf 89' lang='lat' dir='ltr'>omnibus</span> <span class='ocrx_word' id='word_1_152' title='bbox 1052 2140 1122 2197; x_wconf 91' lang='lat' dir='ltr'>aliis</span> <span class='ocrx_word' id='word_1_153' title='bbox 1153 2141 1246 2197; x_wconf 90' lang='lat' dir='ltr'>rebus</span> <span class='ocrx_word' id='word_1_154' title='bbox 1276 2140 1480 2198; x_wconf 90' lang='lat' dir='ltr'>decimalibus</span> 
     </span>
     <span class='ocr_line' id='line_1_18' title="bbox 215 2245 1480 2319; baseline 0.001 -17"><span class='ocrx_word' id='word_1_155' title='bbox 215 2245 315 2302; x_wconf 89' lang='lat' dir='ltr'>adeo</span> <span class='ocrx_word' id='word_1_156' title='bbox 336 2246 427 2303; x_wconf 89' lang='lat' dir='ltr'>vobis</span> <span class='ocrx_word' id='word_1_157' title='bbox 454 2246 576 2304; x_wconf 91' lang='lat' dir='ltr'>collatis</span> <span class='ocrx_word' id='word_1_158' title='bbox 608 2247 746 2319; x_wconf 89' lang='lat' dir='ltr'>plenarie</span> <span class='ocrx_word' id='word_1_159' title='bbox 776 2246 842 2303; x_wconf 88' lang='lat' dir='ltr'>sine</span> <span class='ocrx_word' id='word_1_160' title='bbox 872 2245 1088 2316; x_wconf 89' lang='lat' dir='ltr'>diminucione,</span> <span class='ocrx_word' id='word_1_161' title='bbox 1117 2247 1202 2303; x_wconf 90' lang='lat' dir='ltr'>omni</span> <span class='ocrx_word' id='word_1_162' title='bbox 1235 2245 1480 2304; x_wconf 91' lang='lat' dir='ltr'>contradiccione</span> 
     </span>
     <span class='ocr_line' id='line_1_19' title="bbox 216 2351 1478 2424; baseline 0.002 -17"><span class='ocrx_word' id='word_1_163' title='bbox 216 2351 395 2424; x_wconf 89' lang='lat' dir='ltr'>postposita,</span> <span class='ocrx_word' id='word_1_164' title='bbox 427 2351 502 2409; x_wconf 87' lang='lat' dir='ltr'>dare</span> <span class='ocrx_word' id='word_1_165' title='bbox 536 2360 566 2409; x_wconf 91' lang='lat' dir='ltr'>et</span> <span class='ocrx_word' id='word_1_166' title='bbox 597 2352 776 2424; x_wconf 89' lang='lat' dir='ltr'>persolvere</span> <span class='ocrx_word' id='word_1_167' title='bbox 807 2351 954 2423; x_wconf 89' lang='lat' dir='ltr'>debeatis,</span> <span class='ocrx_word' id='word_1_168' title='bbox 985 2351 1070 2409; x_wconf 90' lang='lat' dir='ltr'>aliud</span> <span class='ocrx_word' id='word_1_169' title='bbox 1103 2351 1202 2410; x_wconf 79' lang='lat' dir='ltr'>lacere</span> <span class='ocrx_word' id='word_1_170' title='bbox 1233 2370 1294 2410; x_wconf 93' lang='lat' dir='ltr'>non</span> <span class='ocrx_word' id='word_1_171' title='bbox 1325 2353 1478 2411; x_wconf 88' lang='lat' dir='ltr'>audentes.</span> 
     </span>
    </p>
   </div>
   <div class='ocr_carea' id='block_1_3' title="bbox 217 2455 1479 2620">
    <p class='ocr_par' dir='ltr' id='par_1_3' title="bbox 217 2455 1479 2620">
     <span class='ocr_line' id='line_1_20' title="bbox 217 2455 1479 2531; baseline 0.003 -20"><span class='ocrx_word' id='word_1_172' title='bbox 217 2455 331 2513; x_wconf 88' lang='lat' dir='ltr'>Datum</span> <span class='ocrx_word' id='word_1_173' title='bbox 354 2457 384 2514; x_wconf 90' lang='lat' dir='ltr'>in</span> <span class='ocrx_word' id='word_1_174' title='bbox 408 2457 592 2528; x_wconf 86' lang='lat' dir='ltr'>Wysegrad,</span> <span class='ocrx_word' id='word_1_175' title='bbox 625 2455 701 2514; x_wconf 85' lang='lat' dir='ltr'>feria</span> <span class='ocrx_word' id='word_1_176' title='bbox 732 2457 826 2515; x_wconf 91' lang='lat' dir='ltr'>tercia</span> <span class='ocrx_word' id='word_1_177' title='bbox 850 2459 993 2531; x_wconf 89' lang='lat' dir='ltr'>proxima</span> <span class='ocrx_word' id='word_1_178' title='bbox 1020 2463 1089 2531; x_wconf 91' lang='lat' dir='ltr'>post</span> <span class='ocrx_word' id='word_1_179' title='bbox 1113 2457 1226 2515; x_wconf 83' lang='lat' dir='ltr'>festum</span> <span class='ocrx_word' id='word_1_180' title='bbox 1250 2458 1479 2516; x_wconf 90' lang='lat' dir='ltr'>Penthecosten.</span> 
     </span>
     <span class='ocr_line' id='line_1_21' title="bbox 218 2561 718 2620; baseline 0.004 -3"><span class='ocrx_word' id='word_1_181' title='bbox 218 2563 305 2618; x_wconf 83' lang='lat' dir='ltr'>Anno</span> <span class='ocrx_word' id='word_1_182' title='bbox 327 2561 445 2619; x_wconf 93' lang='lat' dir='ltr'>domini</span> <span class='ocrx_word' id='word_1_183' title='bbox 469 2562 718 2620; x_wconf 86' lang='lat' dir='ltr'>MCCCXXVIII.</span> 
     </span>
    </p>
   </div>
   <div class='ocr_carea' id='block_1_4' title="bbox 305 2717 1479 2783">
    <p class='ocr_par' dir='ltr' id='par_1_4' title="bbox 305 2717 1479 2783">
     <span class='ocr_line' id='line_1_22' title="bbox 305 2717 1479 2783; baseline 0.002 -19"><span class='ocrx_word' id='word_1_184' title='bbox 305 2717 327 2764; x_wconf 87' lang='lat' dir='ltr'>E</span> <span class='ocrx_word' id='word_1_185' title='bbox 346 2717 417 2767; x_wconf 91' lang='lat' dir='ltr'>libro</span> <span class='ocrx_word' id='word_1_186' title='bbox 437 2717 525 2782; x_wconf 90' lang='lat' dir='ltr'>privil.</span> <span class='ocrx_word' id='word_1_187' title='bbox 546 2724 657 2782; x_wconf 88' lang='lat' dir='ltr'>eppatus</span> <span class='ocrx_word' id='word_1_188' title='bbox 677 2718 780 2783; x_wconf 84' lang='lat' dir='ltr'>zagrab.</span> <span class='ocrx_word' id='word_1_189' title='bbox 801 2717 846 2768; x_wconf 85' lang='lat' dir='ltr'>lol.</span> <span class='ocrx_word' id='word_1_190' title='bbox 870 2728 907 2779; x_wconf 73' lang='grc' dir='ltr'>ιι).</span> <span class='ocrx_word' id='word_1_191' title='bbox 934 2718 964 2767; x_wconf 92' lang='lat' dir='ltr'>ln</span> <span class='ocrx_word' id='word_1_192' title='bbox 985 2718 1084 2769; x_wconf 87' lang='lat' dir='ltr'>archiv.</span> <span class='ocrx_word' id='word_1_193' title='bbox 1110 2718 1353 2782; x_wconf 84' lang='lat' dir='ltr'>archiepiscopatus</span> <span class='ocrx_word' id='word_1_194' title='bbox 1375 2718 1479 2781; x_wconf 78' lang='lat' dir='ltr'>zagrab.</span> 
     </span>
    </p>
   </div>
   <div class='ocr_carea' id='block_1_5' title="bbox 320 3016 891 3187">
    <p class='ocr_par' dir='ltr' id='par_1_5' title="bbox 320 3016 891 3187">
     <span class='ocr_line' id='line_1_23' title="bbox 803 3016 891 3081; baseline 0.011 -1"><span class='ocrx_word' id='word_1_195' title='bbox 803 3016 891 3081; x_wconf 88' lang='grc'>144.</span> 
     </span>
     <span class='ocr_line' id='line_1_24' title="bbox 320 3120 749 3187; baseline 0.002 -17"><span class='ocrx_word' id='word_1_196' title='bbox 320 3125 395 3170; x_wconf 71' lang='lat' dir='ltr'>rinno</span> <span class='ocrx_word' id='word_1_197' title='bbox 418 3123 490 3179; x_wconf 72' lang='lat'>1328.</span> <span class='ocrx_word' id='word_1_198' title='bbox 511 3130 542 3176; x_wconf 82' lang='lat'>27</span> <span class='ocrx_word' id='word_1_199' title='bbox 570 3120 651 3187; x_wconf 88' lang='lat' dir='ltr'>Junii.</span> <span class='ocrx_word' id='word_1_200' title='bbox 672 3122 749 3171; x_wconf 77' lang='lat' dir='ltr'>Albe.</span> 
     </span>
    </p>
   </div>
   <div class='ocr_carea' id='block_1_6' title="bbox 221 3250 1480 3428">
    <p class='ocr_par' dir='ltr' id='par_1_6' title="bbox 221 3250 1480 3428">
     <span class='ocr_line' id='line_1_25' title="bbox 221 3250 1480 3323; baseline 0.001 -17"><span class='ocrx_word' id='word_1_201' title='bbox 221 3252 383 3323; x_wconf 68' lang='lat' dir='ltr'>Capitulum</span> <span class='ocrx_word' id='word_1_202' title='bbox 414 3252 534 3319; x_wconf 69' lang='lat' dir='ltr'>alberice,</span> <span class='ocrx_word' id='word_1_203' title='bbox 558 3258 681 3322; x_wconf 73' lang='lat' dir='ltr'>peracta</span> <span class='ocrx_word' id='word_1_204' title='bbox 713 3251 895 3323; x_wconf 80' lang='lat' dir='ltr'>inquisitione</span> <span class='ocrx_word' id='word_1_205' title='bbox 924 3250 959 3306; x_wconf 83' lang='lat' dir='ltr'>de</span> <span class='ocrx_word' id='word_1_206' title='bbox 989 3257 1083 3306; x_wconf 84' lang='lat' dir='ltr'>castro</span> <span class='ocrx_word' id='word_1_207' title='bbox 1112 3250 1239 3307; x_wconf 76' lang='lat' dir='ltr'>Malved</span> <span class='ocrx_word' id='word_1_208' title='bbox 1266 3251 1327 3308; x_wconf 84' lang='lat' dir='ltr'>eccl.</span> <span class='ocrx_word' id='word_1_209' title='bbox 1363 3251 1480 3320; x_wconf 66' lang='lat' dir='ltr'>zngrab.</span> 
     </span>
     <span class='ocr_line' id='line_1_26' title="bbox 347 3356 1346 3428; baseline 0.002 -18"><span class='ocrx_word' id='word_1_210' title='bbox 347 3357 494 3418; x_wconf 74' lang='lat' dir='ltr'>rnidmdo.</span> <span class='ocrx_word' id='word_1_211' title='bbox 524 3356 657 3412; x_wconf 66' lang='lat' dir='ltr'>Gerulum</span> <span class='ocrx_word' id='word_1_212' title='bbox 681 3358 860 3428; x_wconf 80' lang='lat' dir='ltr'>Hungariae</span> <span class='ocrx_word' id='word_1_213' title='bbox 882 3363 929 3412; x_wconf 80' lang='lat' dir='ltr'>cic.</span> <span class='ocrx_word' id='word_1_214' title='bbox 952 3375 1054 3427; x_wconf 81' lang='lat' dir='ltr'>regem,</span> <span class='ocrx_word' id='word_1_215' title='bbox 1082 3357 1225 3413; x_wconf 78' lang='lat' dir='ltr'>certiorem</span> <span class='ocrx_word' id='word_1_216' title='bbox 1249 3356 1346 3414; x_wconf 81' lang='lat' dir='ltr'>reddit.</span> 
     </span>
    </p>
   </div>
   <div class='ocr_carea' id='block_1_7' title="bbox 214 3517 1480 4873">
    <p class='ocr_par' dir='ltr' id='par_1_7' title="bbox 214 3517 1480 4873">
     <span class='ocr_line' id='line_1_27' title="bbox 304 3517 1479 3590; baseline 0.002 -17"><span class='ocrx_word' id='word_1_217' title='bbox 304 3518 570 3574; x_wconf 75' lang='lat' dir='ltr'>lixcellentissimo</span> <span class='ocrx_word' id='word_1_218' title='bbox 594 3517 719 3574; x_wconf 91' lang='lat' dir='ltr'>domino</span> <span class='ocrx_word' id='word_1_219' title='bbox 751 3533 815 3588; x_wconf 87' lang='lat' dir='ltr'>suo,</span> <span class='ocrx_word' id='word_1_220' title='bbox 847 3517 974 3575; x_wconf 91' lang='lat' dir='ltr'>domino</span> <span class='ocrx_word' id='word_1_221' title='bbox 1006 3518 1131 3585; x_wconf 88' lang='lat' dir='ltr'>Kar010,</span> <span class='ocrx_word' id='word_1_222' title='bbox 1163 3518 1214 3576; x_wconf 91' lang='lat' dir='ltr'>dei</span> <span class='ocrx_word' id='word_1_223' title='bbox 1236 3519 1341 3590; x_wconf 90' lang='lat' dir='ltr'>gracia</span> <span class='ocrx_word' id='word_1_224' title='bbox 1365 3518 1479 3575; x_wconf 84' lang='lat' dir='ltr'>illustri</span> 
     </span>
     <span class='ocr_line' id='line_1_28' title="bbox 216 3624 1478 3696; baseline 0.002 -17"><span class='ocrx_word' id='word_1_225' title='bbox 216 3626 278 3694; x_wconf 80' lang='lat' dir='ltr'>regi</span> <span class='ocrx_word' id='word_1_226' title='bbox 303 3624 471 3695; x_wconf 82' lang='lat' dir='ltr'>Hungarie,</span> <span class='ocrx_word' id='word_1_227' title='bbox 496 3624 667 3696; x_wconf 91' lang='lat' dir='ltr'>capitulum</span> <span class='ocrx_word' id='word_1_228' title='bbox 691 3624 826 3681; x_wconf 88' lang='lat' dir='ltr'>albensis</span> <span class='ocrx_word' id='word_1_229' title='bbox 853 3625 981 3682; x_wconf 84' lang='lat' dir='ltr'>ecclesie</span> <span class='ocrx_word' id='word_1_230' title='bbox 1012 3625 1169 3682; x_wconf 87' lang='lat' dir='ltr'>oraciones</span> <span class='ocrx_word' id='word_1_231' title='bbox 1193 3625 1223 3682; x_wconf 92' lang='lat' dir='ltr'>in</span> <span class='ocrx_word' id='word_1_232' title='bbox 1248 3624 1374 3681; x_wconf 92' lang='lat' dir='ltr'>domino</span> <span class='ocrx_word' id='word_1_233' title='bbox 1398 3624 1478 3681; x_wconf 88' lang='lat' dir='ltr'>salu·</span> 
     </span>
     <span class='ocr_line' id='line_1_29' title="bbox 215 3730 1477 3803; baseline 0 -17"><span class='ocrx_word' id='word_1_234' title='bbox 215 3740 302 3787; x_wconf 88' lang='lat' dir='ltr'>tares.</span> <span class='ocrx_word' id='word_1_235' title='bbox 328 3732 456 3786; x_wconf 80' lang='lat' dir='ltr'>litteras</span> <span class='ocrx_word' id='word_1_236' title='bbox 479 3730 664 3787; x_wconf 82' lang='lat' dir='ltr'>excellencie</span> <span class='ocrx_word' id='word_1_237' title='bbox 689 3736 788 3787; x_wconf 89' lang='lat' dir='ltr'>vestre</span> <span class='ocrx_word' id='word_1_238' title='bbox 812 3746 882 3788; x_wconf 88' lang='lat' dir='ltr'>curn</span> <span class='ocrx_word' id='word_1_239' title='bbox 907 3732 1082 3788; x_wconf 84' lang='lat' dir='ltr'>reverencia</span> <span class='ocrx_word' id='word_1_240' title='bbox 1098 3746 1159 3803; x_wconf 89' lang='lat' dir='ltr'>qua</span> <span class='ocrx_word' id='word_1_241' title='bbox 1175 3730 1277 3787; x_wconf 88' lang='lat' dir='ltr'>decuit</span> <span class='ocrx_word' id='word_1_242' title='bbox 1293 3731 1477 3803; x_wconf 92' lang='lat' dir='ltr'>recepimus,</span> 
     </span>
     <span class='ocr_line' id='line_1_30' title="bbox 215 3830 1480 3912; baseline 0 -19"><span class='ocrx_word' id='word_1_243' title='bbox 215 3838 294 3893; x_wconf 91' lang='lat' dir='ltr'>hunc</span> <span class='ocrx_word' id='word_1_244' title='bbox 310 3845 446 3892; x_wconf 89' lang='lat' dir='ltr'>tenorem</span> <span class='ocrx_word' id='word_1_245' title='bbox 464 3837 666 3892; x_wconf 84' lang='lat' dir='ltr'>continentes:</span> <span class='ocrx_word' id='word_1_246' title='bbox 683 3830 756 3910; x_wconf 86' lang='lat' dir='ltr'>(vid.</span> <span class='ocrx_word' id='word_1_247' title='bbox 773 3854 816 3893; x_wconf 89' lang='lat' dir='ltr'>nr.</span> <span class='ocrx_word' id='word_1_248' title='bbox 838 3853 906 3910; x_wconf 80' lang='lat'>142,</span> <span class='ocrx_word' id='word_1_249' title='bbox 922 3853 1001 3893; x_wconf 90' lang='lat' dir='ltr'>anno</span> <span class='ocrx_word' id='word_1_250' title='bbox 1021 3836 1112 3909; x_wconf 83' lang='lat'>1328,</span> <span class='ocrx_word' id='word_1_251' title='bbox 1134 3853 1157 3893; x_wconf 88' lang='lat' dir='ltr'>r.</span> <span class='ocrx_word' id='word_1_252' title='bbox 1176 3830 1268 3912; x_wconf 88' lang='lat' dir='ltr'>maii.)</span> <span class='ocrx_word' id='word_1_253' title='bbox 1290 3835 1353 3892; x_wconf 90' lang='lat' dir='ltr'>Nos</span> <span class='ocrx_word' id='word_1_254' title='bbox 1383 3836 1480 3907; x_wconf 90' lang='lat' dir='ltr'>igitur</span> 
     </span>
     <span class='ocr_line' id='line_1_31' title="bbox 216 3941 1478 4015; baseline -0.001 -17"><span class='ocrx_word' id='word_1_255' title='bbox 216 3941 367 3998; x_wconf 86' lang='lat' dir='ltr'>mandatis</span> <span class='ocrx_word' id='word_1_256' title='bbox 389 3950 487 3997; x_wconf 90' lang='lat' dir='ltr'>vestre</span> <span class='ocrx_word' id='word_1_257' title='bbox 508 3942 693 3998; x_wconf 85' lang='lat' dir='ltr'>excellencie</span> <span class='ocrx_word' id='word_1_258' title='bbox 718 3943 935 4015; x_wconf 90' lang='lat' dir='ltr'>obtemperare</span> <span class='ocrx_word' id='word_1_259' title='bbox 960 3943 1098 4000; x_wconf 89' lang='lat' dir='ltr'>volentes</span> <span class='ocrx_word' id='word_1_260' title='bbox 1122 3943 1237 4015; x_wconf 87' lang='lat' dir='ltr'>pariter</span> <span class='ocrx_word' id='word_1_261' title='bbox 1263 3949 1291 3998; x_wconf 89' lang='lat' dir='ltr'>et</span> <span class='ocrx_word' id='word_1_262' title='bbox 1317 3942 1478 4014; x_wconf 87' lang='lat' dir='ltr'>preceptis,</span> 
     </span>
     <span class='ocr_line' id='line_1_32' title="bbox 214 4046 1479 4119; baseline -0.001 -14"><span class='ocrx_word' id='word_1_263' title='bbox 214 4063 309 4105; x_wconf 91' lang='lat' dir='ltr'>unum</span> <span class='ocrx_word' id='word_1_264' title='bbox 327 4066 364 4105; x_wconf 88' lang='lat' dir='ltr'>ex</span> <span class='ocrx_word' id='word_1_265' title='bbox 389 4049 485 4115; x_wconf 88' lang='lat' dir='ltr'>nobis,</span> <span class='ocrx_word' id='word_1_266' title='bbox 511 4046 678 4104; x_wconf 87' lang='lat' dir='ltr'>discretum</span> <span class='ocrx_word' id='word_1_267' title='bbox 703 4049 804 4105; x_wconf 90' lang='lat' dir='ltr'>virum</span> <span class='ocrx_word' id='word_1_268' title='bbox 823 4049 1005 4119; x_wconf 91' lang='lat' dir='ltr'>magistrum</span> <span class='ocrx_word' id='word_1_269' title='bbox 1022 4048 1168 4116; x_wconf 88' lang='lat' dir='ltr'>Blasium,</span> <span class='ocrx_word' id='word_1_270' title='bbox 1189 4046 1409 4105; x_wconf 89' lang='lat' dir='ltr'>subcustodem</span> <span class='ocrx_word' id='word_1_271' title='bbox 1432 4063 1479 4104; x_wconf 92' lang='lat' dir='ltr'>ec·</span> 
     </span>
     <span class='ocr_line' id='line_1_33' title="bbox 214 4151 1477 4235; baseline 0 -25"><span class='ocrx_word' id='word_1_272' title='bbox 214 4155 304 4212; x_wconf 92' lang='lat' dir='ltr'>clesie</span> <span class='ocrx_word' id='word_1_273' title='bbox 320 4163 422 4211; x_wconf 87' lang='lat' dir='ltr'>nostre</span> <span class='ocrx_word' id='word_1_274' title='bbox 439 4170 509 4210; x_wconf 92' lang='lat' dir='ltr'>cum</span> <span class='ocrx_word' id='word_1_275' title='bbox 525 4154 682 4235; x_wconf 76' lang='lat' dir='ltr'>joachim,</span> <span class='ocrx_word' id='word_1_276' title='bbox 700 4154 764 4210; x_wconf 86' lang='lat' dir='ltr'>tilio</span> <span class='ocrx_word' id='word_1_277' title='bbox 780 4153 899 4210; x_wconf 88' lang='lat' dir='ltr'>Thome</span> <span class='ocrx_word' id='word_1_278' title='bbox 919 4153 1060 4226; x_wconf 90' lang='lat' dir='ltr'>Beriuoy,</span> <span class='ocrx_word' id='word_1_279' title='bbox 1083 4155 1209 4212; x_wconf 91' lang='lat' dir='ltr'>homine</span> <span class='ocrx_word' id='word_1_280' title='bbox 1233 4160 1345 4221; x_wconf 80' lang='lat' dir='ltr'>vestre,</span> <span class='ocrx_word' id='word_1_281' title='bbox 1370 4151 1408 4208; x_wconf 89' lang='lat' dir='ltr'>ad</span> <span class='ocrx_word' id='word_1_282' title='bbox 1426 4168 1477 4210; x_wconf 91' lang='lat' dir='ltr'>ve·</span> 
     </span>
     <span class='ocr_line' id='line_1_34' title="bbox 215 4258 1478 4332; baseline -0.002 -15"><span class='ocrx_word' id='word_1_283' title='bbox 215 4262 384 4317; x_wconf 91' lang='lat' dir='ltr'>nerabilem</span> <span class='ocrx_word' id='word_1_284' title='bbox 402 4269 521 4332; x_wconf 89' lang='lat' dir='ltr'>patrem</span> <span class='ocrx_word' id='word_1_285' title='bbox 540 4259 717 4315; x_wconf 74' lang='lat' dir='ltr'>ladizlaum</span> <span class='ocrx_word' id='word_1_286' title='bbox 734 4259 963 4330; x_wconf 85' lang='lat' dir='ltr'>zagrabiensem</span> <span class='ocrx_word' id='word_1_287' title='bbox 988 4261 1167 4332; x_wconf 88' lang='lat' dir='ltr'>episcopum</span> <span class='ocrx_word' id='word_1_288' title='bbox 1190 4266 1219 4316; x_wconf 93' lang='lat' dir='ltr'>et</span> <span class='ocrx_word' id='word_1_289' title='bbox 1243 4258 1281 4315; x_wconf 89' lang='lat' dir='ltr'>ad</span> <span class='ocrx_word' id='word_1_290' title='bbox 1306 4258 1478 4330; x_wconf 89' lang='lat' dir='ltr'>capitulum</span> 
     </span>
     <span class='ocr_line' id='line_1_35' title="bbox 215 4362 1477 4437; baseline -0.002 -14"><span class='ocrx_word' id='word_1_291' title='bbox 215 4369 274 4423; x_wconf 89' lang='lat' dir='ltr'>loci</span> <span class='ocrx_word' id='word_1_292' title='bbox 291 4365 428 4423; x_wconf 89' lang='lat' dir='ltr'>eiusdem</span> <span class='ocrx_word' id='word_1_293' title='bbox 447 4381 501 4437; x_wconf 91' lang='lat' dir='ltr'>pro</span> <span class='ocrx_word' id='word_1_294' title='bbox 520 4364 665 4421; x_wconf 82' lang='lat' dir='ltr'>faciendis</span> <span class='ocrx_word' id='word_1_295' title='bbox 681 4365 935 4437; x_wconf 90' lang='lat' dir='ltr'>inquisicionibus</span> <span class='ocrx_word' id='word_1_296' title='bbox 952 4364 1098 4421; x_wconf 88' lang='lat' dir='ltr'>duximus</span> <span class='ocrx_word' id='word_1_297' title='bbox 1115 4363 1392 4422; x_wconf 87' lang='lat' dir='ltr'>transmittendum.</span> <span class='ocrx_word' id='word_1_298' title='bbox 1416 4362 1477 4435; x_wconf 82' lang='lat' dir='ltr'>Qui</span> 
     </span>
     <span class='ocr_line' id='line_1_36' title="bbox 215 4468 1477 4544; baseline -0.002 -16"><span class='ocrx_word' id='word_1_299' title='bbox 215 4472 340 4530; x_wconf 94' lang='lat' dir='ltr'>demum</span> <span class='ocrx_word' id='word_1_300' title='bbox 362 4472 398 4528; x_wconf 91' lang='lat' dir='ltr'>ad</span> <span class='ocrx_word' id='word_1_301' title='bbox 417 4487 471 4528; x_wconf 91' lang='lat' dir='ltr'>nos</span> <span class='ocrx_word' id='word_1_302' title='bbox 489 4471 649 4528; x_wconf 79' lang='lat' dir='ltr'>redeuntes</span> <span class='ocrx_word' id='word_1_303' title='bbox 665 4470 857 4528; x_wconf 91' lang='lat' dir='ltr'>concorditer</span> <span class='ocrx_word' id='word_1_304' title='bbox 872 4477 902 4527; x_wconf 92' lang='lat' dir='ltr'>et</span> <span class='ocrx_word' id='word_1_305' title='bbox 917 4472 984 4544; x_wconf 86' lang='lat' dir='ltr'>pari</span> <span class='ocrx_word' id='word_1_306' title='bbox 1001 4485 1076 4528; x_wconf 90' lang='lat' dir='ltr'>voce</span> <span class='ocrx_word' id='word_1_307' title='bbox 1092 4471 1278 4527; x_wconf 90' lang='lat' dir='ltr'>retulerunt:</span> <span class='ocrx_word' id='word_1_308' title='bbox 1296 4468 1378 4541; x_wconf 84' lang='lat' dir='ltr'>quod</span> <span class='ocrx_word' id='word_1_309' title='bbox 1397 4468 1477 4526; x_wconf 84' lang='lat' dir='ltr'>facta</span> 
     </span>
     <span class='ocr_line' id='line_1_37' title="bbox 215 4576 1477 4652; baseline -0.002 -16"><span class='ocrx_word' id='word_1_310' title='bbox 215 4580 424 4652; x_wconf 85' lang='lat' dir='ltr'>inquisicione,</span> <span class='ocrx_word' id='word_1_311' title='bbox 438 4586 499 4634; x_wconf 89' lang='lat' dir='ltr'>tam</span> <span class='ocrx_word' id='word_1_312' title='bbox 513 4577 594 4651; x_wconf 91' lang='lat' dir='ltr'>apud</span> <span class='ocrx_word' id='word_1_313' title='bbox 612 4578 733 4634; x_wconf 88' lang='lat' dir='ltr'>nobiles</span> <span class='ocrx_word' id='word_1_314' title='bbox 749 4577 843 4649; x_wconf 89' lang='lat' dir='ltr'>regni,</span> <span class='ocrx_word' id='word_1_315' title='bbox 857 4578 939 4634; x_wconf 91' lang='lat' dir='ltr'>cives</span> <span class='ocrx_word' id='word_1_316' title='bbox 952 4577 1113 4634; x_wconf 84' lang='lat' dir='ltr'>civitatum</span> <span class='ocrx_word' id='word_1_317' title='bbox 1125 4576 1285 4648; x_wconf 87' lang='lat' dir='ltr'>regalium,</span> <span class='ocrx_word' id='word_1_318' title='bbox 1298 4590 1477 4633; x_wconf 88' lang='lat' dir='ltr'>communes</span> 
     </span>
     <span class='ocr_line' id='line_1_38' title="bbox 214 4680 1477 4758; baseline -0.004 -16"><span class='ocrx_word' id='word_1_319' title='bbox 214 4686 357 4758; x_wconf 89' lang='lat' dir='ltr'>populos,</span> <span class='ocrx_word' id='word_1_320' title='bbox 377 4684 489 4741; x_wconf 89' lang='lat' dir='ltr'>divites</span> <span class='ocrx_word' id='word_1_321' title='bbox 509 4692 538 4740; x_wconf 89' lang='lat' dir='ltr'>et</span> <span class='ocrx_word' id='word_1_322' title='bbox 551 4698 711 4757; x_wconf 89' lang='lat' dir='ltr'>pauperes,</span> <span class='ocrx_word' id='word_1_323' title='bbox 724 4697 819 4754; x_wconf 88' lang='lat' dir='ltr'>quarn</span> <span class='ocrx_word' id='word_1_324' title='bbox 831 4682 916 4755; x_wconf 89' lang='lat' dir='ltr'>apud</span> <span class='ocrx_word' id='word_1_325' title='bbox 928 4683 1098 4755; x_wconf 90' lang='lat' dir='ltr'>religiosos,</span> <span class='ocrx_word' id='word_1_326' title='bbox 1114 4681 1288 4739; x_wconf 88' lang='lat' dir='ltr'>sacerdotes</span> <span class='ocrx_word' id='word_1_327' title='bbox 1303 4688 1332 4737; x_wconf 92' lang='lat' dir='ltr'>et</span> <span class='ocrx_word' id='word_1_328' title='bbox 1349 4680 1477 4739; x_wconf 89' lang='lat' dir='ltr'>clericos</span> 
     </span>
     <span class='ocr_line' id='line_1_39' title="bbox 214 4786 1477 4873; baseline -0.003 -26"><span class='ocrx_word' id='word_1_329' title='bbox 214 4792 300 4863; x_wconf 89' lang='lat' dir='ltr'>regni</span> <span class='ocrx_word' id='word_1_330' title='bbox 323 4789 493 4859; x_wconf 89' lang='lat' dir='ltr'>Sclauonie,</span> <span class='ocrx_word' id='word_1_331' title='bbox 513 4806 552 4847; x_wconf 87' lang='lat' dir='ltr'>ex</span> <span class='ocrx_word' id='word_1_332' title='bbox 571 4788 759 4847; x_wconf 83' lang='lat' dir='ltr'>confessione</span> <span class='ocrx_word' id='word_1_333' title='bbox 772 4795 801 4845; x_wconf 89' lang='lat' dir='ltr'>et</span> <span class='ocrx_word' id='word_1_334' title='bbox 813 4789 966 4846; x_wconf 88' lang='lat' dir='ltr'>relacione</span> <span class='ocrx_word' id='word_1_335' title='bbox 983 4786 1164 4845; x_wconf 90' lang='lat' dir='ltr'>eorumdem</span> <span class='ocrx_word' id='word_1_336' title='bbox 1178 4786 1376 4857; x_wconf 87' lang='lat' dir='ltr'>resciverunt,</span> <span class='ocrx_word' id='word_1_337' title='bbox 1392 4786 1477 4873; x_wconf 82' lang='lat' dir='ltr'>quod</span> 
     </span>
    </p>
   </div>
   <div class='ocr_carea' id='block_1_8' title="bbox 0 0 1748 5242">
    <p class='ocr_par' dir='ltr' id='par_1_8' title="bbox 0 0 1748 5242">
     <span class='ocr_line' id='line_1_40' title="bbox 0 0 1748 5242; baseline 0 0"><span class='ocrx_word' id='word_1_338' title='bbox 0 0 1748 5242; x_wconf 95' lang='lat' dir='ltr'> </span> 
     </span>
    </p>
   </div>
  </div>
 </body>
</html>
