3488 5242
253 356 289 414 r8
435 343 436 348 ’
678 354 751 411 Dor.
777 349 826 411 18.
854 387 889 395 -
915 353 1084 433 An.1242.
1127 411 1131 420 ,

246 551 403 609 dionalem
439 551 578 609 metatim
611 551 650 608 ad
680 553 826 610 arborem
856 557 1030 611 castaneam
1061 553 1146 611 iuxta
1175 569 1270 626 quam
1301 558 1347 611 est
1377 569 1454 610 cmx
1485 558 1515 611 et

248 657 332 715 iuxta
358 673 425 714 eam
450 661 496 714 est
519 664 601 715 meta
625 663 741 728 terrea;
765 657 875 716 deinde
895 658 1052 726 descendit
1075 658 1113 716 ad
1138 664 1231 733 caput
1254 658 1356 730 fontis,
1373 660 1427 732 qui
1442 658 1517 717 Chi·

248 763 352 819 cheria
375 762 495 832 dicitur,
520 763 572 834 qui
598 761 665 820 ions
689 763 800 821 dividit
824 770 939 821 terram
969 764 1071 821 Endre
1101 780 1119 821 a
1150 771 1232 822 terra
1253 763 1459 838 prepredicta‚
1482 769 1514 821 et

249 869 292 924 sic
316 868 530 927 descendendo
553 885 610 943 per
633 869 765 928 eundem
788 870 914 928 divertit
938 870 1167 943 aliquantulum
1192 887 1300 929 versus
1323 870 1515 928 occidentem

247 974 285 1030 ad
311 979 458 1035 montem.
483 980 513 1032 et
536 975 579 1032 ibi
611 982 657 1033 est
686 977 781 1035 arbor
810 980 951 1034 castanea
981 977 1199 1048 crucesignata,
1231 978 1316 1034 iuxta
1351 992 1444 1049 quam
1470 982 1515 1033 est

246 1086 461 1157 metanterrea,
486 1080 596 1138 deinde
619 1081 657 1138 ad
682 1097 828 1139 cacumen
852 1083 966 1140 montis
990 1082 1128 1140 eiusdem
1152 1082 1292 1158 procedit
1319 1098 1428 1141 versus
1451 1098 1515 1140 me·

246 1186 355 1244 ridiem
382 1186 549 1244 dividendo
574 1194 689 1244 terram
713 1188 841 1245 ecclesie
871 1188 1095 1260 zagrabiensis;
1126 1188 1237 1246 deinde
1265 1205 1322 1262 per
1345 1190 1447 1261 girum
1473 1189 1511 1246 ad

245 1292 433 1349 occidentem
457 1293 687 1364 aliquantulum
711 1293 875 1350 divertitur
898 1299 927 1351 et
950 1294 994 1351 ibi
1011 1295 1118 1352 transit
1139 1295 1285 1364 rivulum,
1303 1295 1356 1366 qui
1380 1302 1509 1352 vocatur

245 1397 377 1455 Neznich
400 1399 522 1472 potoka,
547 1405 577 1456 et
592 1398 663 1456 inde
683 1398 875 1456 ascendendo
891 1401 1033 1473 superius
1049 1400 1087 1456 de
1103 1406 1183 1458 terra
1203 1400 1304 1458 Endre
1322 1416 1378 1474 per
1394 1401 1510 1458 vallem

245 1503 284 1560 ad
308 1504 456 1561 verticem
479 1505 569 1561 unius
593 1505 714 1586 montis,
738 1505 783 1561 ibi
806 1509 851 1561 est
880 1510 972 1576 meta,
1003 1505 1074 1562 hinc
1106 1505 1280 1579 separando
1319 1521 1375 1578 per
1398 1512 1518 1562 veteres

246 1617 344 1667 metas
366 1616 481 1667 terram
505 1609 642 1681 Gremla‚
666 1610 823 1668 descendit
846 1611 884 1667 ad
906 1611 1051 1668 arborem
1076 1627 1136 1684 que
1159 1616 1290 1668 vocatur
1316 1612 1393 1681 ibor,
1417 1618 1446 1668 et
1470 1612 1512 1668 ibi

245 1721 290 1773 est
315 1720 405 1785 meta,
429 1720 458 1771 et
488 1715 570 1773 cadit
601 1717 630 1773 in
663 1716 756 1781 viam,
788 1732 848 1788 que
879 1717 942 1773 exit
970 1716 1008 1773 de
1038 1717 1116 1773 villa
1150 1716 1287 1787 Gremla‚
1319 1716 1430 1774 deinde
1454 1733 1510 1790 per

246 1821 376 1879 eandem
408 1837 516 1878 versus
547 1822 710 1879 meridiem
742 1821 882 1895 procedit
913 1822 952 1879 ad
984 1838 1131 1895 campum
1161 1822 1199 1879 ad
1232 1829 1347 1880 metam
1374 1829 1507 1880 terream

247 1927 318 1985 inde
342 1927 570 1999 aliquantulum
596 1927 722 1986 divertit
745 1928 783 1984 ad
808 1929 965 1986 sinistram
989 1944 1045 2001 per
1069 1929 1152 1986 viam
1176 1936 1205 1986 et
1229 1930 1372 2001 pervenit
1400 1928 1437 1985 ad
1464 1944 1517 2001 pa-

249 2034 346 2102 ludes,
371 2049 431 2106 que
454 2033 557 2091 Mlaka
574 2033 726 2104 dicuntur,
750 2035 793 2092 ibi
819 2041 863 2092 est
886 2042 969 2093 meta
992 2036 1078 2092 iuxta
1104 2035 1233 2092 eandem
1261 2035 1408 2095 Mlakam.
1432 2051 1449 2092 a
1473 2037 1512 2092 si-

247 2141 343 2197 nistra
366 2145 455 2212 parte
479 2137 565 2196 vadit
588 2139 626 2197 ad
658 2142 803 2197 arborem
835 2143 929 2206 nucis
961 2141 1004 2197 ibi
1036 2150 1080 2197 est
1112 2149 1202 2208 meta,
1233 2140 1343 2198 deinde
1372 2141 1410 2197 ad
1436 2157 1516 2197 sam·

249 2245 373 2316 bucum,
395 2246 453 2302 sub
478 2261 538 2319 qua
562 2252 606 2302 est
629 2253 710 2303 meta
734 2253 840 2316 terrea,
865 2247 975 2304 dehinc
999 2248 1138 2304 metatim
1163 2246 1302 2321 procedit
1326 2254 1354 2303 et
1378 2247 1460 2304 cadit
1484 2248 1515 2303 in

249 2348 380 2407 fluvium
404 2349 502 2421 Zawe,
526 2351 596 2408 inde
627 2350 665 2407 ad
696 2360 811 2408 metam
844 2352 980 2424 priorem
1012 2352 1170 2409 descendit
1201 2359 1230 2408 et
1257 2353 1300 2409 sic
1325 2353 1514 2410 terminatur.

251 2454 291 2513 Ut
315 2456 410 2527 igitur
433 2455 515 2512 dicta
539 2455 691 2514 ordinatio
714 2463 819 2513 nostra
841 2463 871 2513 et
894 2456 1047 2514 dictorum
1080 2458 1208 2514 libertas
1239 2457 1397 2529 hospitum
1422 2456 1513 2513 firma

249 2569 277 2618 et
301 2562 494 2619 inviolabilis
517 2569 669 2636 perpetuo
689 2569 865 2635 perseveret
882 2579 1008 2636 presens
1024 2564 1067 2620 eis
1084 2564 1284 2637 privilegium
1308 2564 1514 2619 concessimus

251 2682 343 2725 auree
367 2667 454 2724 bulle
479 2675 582 2725 nostre
599 2668 769 2725 munimine
787 2678 937 2741 perpetuo
954 2668 1179 2726 confirmantes.
1207 2668 1321 2726 Datum
1344 2667 1428 2741 apud
1446 2668 1518 2725 We·

249 2775 362 2831 reuzha
386 2790 444 2847 per
467 2789 576 2830 manus
601 2774 741 2846 magistri
772 2773 927 2831 Benedicti
958 2775 1109 2848 prepositi
1139 2775 1284 2844 albensis,
1315 2774 1385 2831 aule
1414 2780 1516 2831 nostre

249 2879 435 2948 cancellarii,
459 2879 548 2935 electi
572 2879 603 2936 in
627 2879 895 2952 archiepiscopum
912 2880 1113 2948 colocensem,
1132 2878 1350 2936 Bartholomeo
1366 2881 1516 2951 quinque·

250 2986 434 3053 ecclesiensi,
451 2985 539 3042 Cleto
556 2986 697 3056 agriensi‚
714 2984 870 3059 Stephano
887 2986 1085 3058 zagrabiensi,
1104 2985 1321 3043 Bartholomeo
1346 2980 1517 3062 (nitriensi),

250 3091 353 3148 Blasio
378 3091 582 3160 chenadiensi‚
605 3092 767 3164 episcopis,
799 3091 962 3149 Benedicto
986 3091 1168 3149 waradiensi
1192 3099 1221 3149 et
1245 3093 1401 3165 postulato
1424 3091 1517 3166 jeuri-

254 3199 327 3268 ensi,
353 3196 509 3270 Stephano
534 3197 675 3253 waciensi
699 3203 728 3254 et
752 3198 909 3271 postulato
933 3199 961 3254 in
987 3199 1255 3271 archiepiscopum
1272 3199 1516 3269 strigoniensem,

252 3304 396 3360 ecclesias
421 3303 469 3359 dei
493 3303 745 3374 gubernantibus.
770 3303 891 3360 Dilecto
922 3311 1052 3376 cognato
1084 3311 1189 3361 nostro
1218 3304 1357 3386 Johanne
1390 3303 1518 3374 Angelo,

252 3407 378 3465 domino
403 3406 524 3478 Syrmie
548 3416 577 3464 et
601 3409 712 3464 comite
736 3409 902 3480 bachiensi,
925 3408 1070 3465 Ladislao
1094 3409 1240 3482 palatina,
1266 3409 1388 3465 Matheo
1405 3416 1514 3464 tawar-

251 3515 392 3572 nieorum
418 3522 446 3570 et
469 3514 581 3570 comite
605 3507 830 3589 (sopro)niensi,
854 3514 995 3571 Rolando
1019 3514 1232 3587 dapiferorum
1249 3523 1278 3571 et
1294 3515 1406 3570 comite
1430 3514 1515 3569 nitri-

251 3621 325 3691 ensi,
350 3620 498 3678 Mauricio
530 3620 756 3692 pincernarum,
788 3619 944 3693 Stephano
973 3635 1143 3692 agasonum
1177 3621 1341 3693 magistris
1374 3619 1516 3676 Arnoldo

251 3726 439 3798 symigiensi,
463 3725 561 3783 Paulo
585 3727 704 3782 albensi
737 3729 934 3799 magistratus
963 3734 993 3784 et
1024 3728 1188 3784 comitatus
1220 3726 1401 3784 tenentibus.
1426 3727 1516 3782 Anno

251 3832 291 3888 ab
315 3832 522 3888 incarnatione
546 3831 664 3888 domini
687 3833 855 3888 millesimo
879 3833 1088 3889 ducentesimo
1112 3832 1350 3905 quadragesimo
1374 3829 1517 3898 secundo,

253 3937 461 3994 sextodecimo
485 3935 633 3993 kalendas
657 3937 838 3994 decembris
862 3938 960 4010 Regni
984 3939 1080 3995 nostri
1104 3954 1183 3996 anno
1208 3947 1324 3995 octavo.

344 4090 483 4154 Originale
503 4090 529 4138 in
548 4091 705 4138 membrana.
727 4088 804 4138 Bulla
823 4106 902 4139 aurea
922 4107 935 4141 e
955 4105 1048 4139 croceo
1068 4090 1152 4139 serico
1175 4091 1278 4154 pendet,
1299 4090 1325 4139 in
1345 4105 1397 4152 qua
1418 4091 1519 4153 sculpta

252 4185 290 4228 est
310 4178 398 4243 imago
417 4177 489 4242 regis
510 4178 535 4226 in
549 4177 644 4227 throno
664 4177 785 4231 sedentis,
805 4178 831 4227 in
852 4194 928 4228 manu
948 4180 1058 4227 dextera
1075 4186 1192 4242 sceptum
1214 4178 1239 4226 in
1259 4177 1364 4226 sinistra
1385 4192 1448 4225 vero
1463 4178 1519 4240 glo-

253 4268 316 4316 bum
333 4266 451 4323 tenentis,
465 4275 491 4316 et
504 4266 601 4314 circum
618 4266 756 4330 inscriptio
775 4267 873 4316 litteris
886 4267 1050 4316 maiusculis:
1063 4264 1099 4334 '1⁴
1111 4256 1261 4315 BELM'JI
1282 4256 1354 4315 GliA
1363 4297 1365 4301 «
1375 4256 1514 4314 ΗΨΝΟΚ

253 4343 569 4405 οΛιΜᾸοοκυιῐᾹσ
592 4336 766 4406 unit-suia
788 4344 1312 4406 caric-Londiicvunia.unx·
1338 4353 1367 4402 in
1386 4362 1461 4418 parre
1474 4368 1519 4417 po-

254 4444 318 4492 stica
337 4450 440 4492 scutum
459 4442 622 4507 triangulare
642 4443 777 4492 invenitur
797 4445 933 4508 duplicata
955 4459 1031 4492 cruce
1054 4442 1209 4507 insignitum
1238 4458 1268 4491 ae
1286 4442 1335 4491 hac
1355 4457 1461 4504 quoque
1482 4442 1520 4496 iu,

254 4532 412 4597 scriptione:
436 4529 671 4599 ›p-stGILLVM.
693 4529 1516 4593 QVARHBELE‹sEcva’Dl-ANDREE-Rsscts-FILII.

256 4650 287 4658 -
308 4621 338 4671 In
357 4620 465 4670 archivo
490 4619 535 4669 lib.
557 4636 611 4686 reg.
638 4621 754 4670 civitatis
777 4620 960 4687 zagrabiensis,
986 4649 1018 4658 —
1044 4620 1126 4685 Fejer.
1147 4619 1211 4668 Cod.
1231 4619 1297 4684 dipl.
1318 4628 1334 4667 t.
1355 4619 1400 4668 IV.
1421 4618 1440 4668 1.
1462 4619 1519 4676 558.

255 4707 407 4759 Endlicher.
426 4707 496 4758 Mon.
516 4709 616 4773 Arpad.
635 4719 694 4770 451.
713 4709 788 4775 Joan.
808 4708 975 4774 Kukuljevid.
995 4709 1061 4773 Jura
1080 4723 1152 4773 regn.
1173 4707 1245 4758 cst).
1266 4707 1285 4758 1.
1305 4723 1330 4772 p.
1349 4709 1391 4756 62.
