3488 5242
238 343 297 400 302
611 328 684 384 Duc.
702 341 775 403 321.
793 340 867 404 322.
890 361 931 368 ψ-
952 328 1008 384 An.
1032 322 1123 404 1384.

236 528 342 580 nostro
365 521 527 580 Solanonie
549 523 656 596 palam
680 522 779 581 facere
804 525 998 598 proclamari.
1027 525 1142 581 Datum
1167 518 1275 601 B(nde)
1300 570 1305 581 .
1330 570 1335 581 .
1359 569 1366 582 .
1392 569 1398 580 .
1423 540 1504 582 mar-

237 629 311 686 tiris.
336 629 425 685 Anno
447 628 565 686 domini
591 629 815 686 MCCCLXXX
838 637 956 702 quarto.

326 762 348 811 E
367 768 531 828 transumpto
551 763 676 828 Stephani
697 771 722 813 et
740 763 868 829 Johannis
887 765 920 812 de
938 763 1057 822 Lindwa,
1076 764 1212 823 banorum,
1232 770 1261 813 ut
1280 763 1356 814 infra.

829 975 910 1040 321.

343 1119 419 1167 Anno
441 1118 513 1178 1384
536 1127 569 1167 10
585 1116 666 1182 Junii.
686 1116 838 1181 Zagrabiae.

239 1243 403 1318 Stephanus
433 1253 462 1302 et
482 1242 639 1322 lohannes
669 1245 703 1302 dc
728 1243 845 1301 Ltudua
868 1243 939 1300 bani
958 1242 1115 1301 Slauomne
1137 1245 1257 1313 litteras,
1280 1263 1385 1302 nouam
1408 1265 1501 1303 munc-

583 1359 652 1421 tam,
674 1369 748 1424 quac
770 1351 932 1422 respiciunt,
955 1351 1156 1407 transcribunt.

326 1496 390 1554 Nos
420 1495 595 1569 Stephanus
626 1502 656 1553 et
685 1490 855 1578 J(0bannes
888 1495 927 1552 de
958 1494 1095 1567 Lindwa,
1127 1498 1214 1568 regni
1237 1496 1399 1554 Sclauonie
1423 1498 1503 1556 bani.

240 1594 399 1678 Memo)rie
421 1601 684 1672 commendamus,
717 1601 800 1674 quod
831 1602 1025 1673 Laurencius,
1053 1602 1138 1659 filius
1161 1602 1289 1673 Thome,
1313 1603 1406 1660 iudex
1429 1604 1505 1660 civi·

239 1709 309 1765 tatis
332 1709 445 1765 montis
469 1707 639 1778 Grecensis,
663 1707 702 1764 ad
726 1713 864 1764 nostram
888 1709 1092 1781 personaliter
1115 1704 1278 1787 ve(niendo
1302 1711 1504 1783 presenciam,

238 1813 357 1871 litteras
388 1806 495 1889 Marie)
526 1813 631 1885 regine
661 1813 795 1876 maioris.
827 1814 932 1886 sigillo
962 1830 1018 1871 suo
1049 1815 1242 1887 consignatas
1266 1816 1356 1872 nobis
1379 1831 1504 1888 presen-

238 1920 324 1990 tavit,
361 1926 468 1993 petens
496 1933 552 1976 nos
584 1934 654 1976 cum
686 1919 833 1976 instancia
863 1925 897 1976 nt
928 1926 1064 1977 tenorem
1101 1914 1292 1997 (earumdem
1326 1921 1503 1978 litterarum

241 2019 460 2102 transumpmi)
490 2031 519 2080 et
550 2024 589 2082 de
613 2025 711 2081 verbo
734 2025 772 2081 ad
796 2026 929 2082 verbum
958 2026 1120 2083 transcribi
1145 2024 1284 2084 faciendo
1307 2024 1407 2083 eidem
1431 2026 1505 2084 dare

239 2131 445 2203 dignaremur.
469 2129 610 2203 Quarum
634 2136 722 2187 tenor
744 2131 815 2187 talis
838 2136 899 2189 est:
923 2125 997 2208 (vid.
1020 2149 1064 2189 nr.
1083 2146 1154 2204 320.
1171 2147 1250 2189 anno
1270 2131 1361 2207 1384.
1379 2126 1503 2210 Budae.)

238 2237 302 2295 Nos
332 2238 428 2309 igitur
457 2237 544 2294 iustis
575 2243 605 2294 et
636 2237 695 2294 iuri
725 2237 867 2294 consonis
898 2237 1105 2310 peticionibus
1128 2238 1263 2295 annotati
1287 2238 1445 2295 laurencii
1470 2254 1506 2297 ac

238 2343 326 2401 iustis
350 2389 355 2400 .
379 2387 385 2400 .
409 2388 415 2400 .
439 2388 446 2400 .
470 2344 644 2401 litterarum
666 2343 746 2399 dicte
774 2342 898 2399 domine
921 2350 1024 2400 nostre
1048 2345 1151 2416 regine
1176 2344 1369 2417 presentibus
1393 2344 1504 2402 litteris

238 2450 351 2507 nostris
373 2450 550 2523 patentibus
573 2449 664 2506 inseri
688 2457 718 2506 et
745 2448 783 2505 de
814 2450 912 2506 verbo
940 2450 978 2506 ad
1011 2451 1143 2507 verbum
1169 2450 1329 2507 transcribi
1351 2448 1499 2520 iaciendo,

239 2556 339 2613 eidem
352 2551 510 2634 (duximus
522 2548 752 2630 concedendas.)
769 2554 926 2612 Presentes
938 2562 1041 2612 autem
1058 2555 1169 2627 sigillis
1185 2556 1297 2612 nostris
1313 2556 1502 2626 absentibus,

239 2662 344 2734 sigillo
367 2663 506 2734 magistri
539 2660 655 2731 Basow,
686 2662 808 2719 comitis
840 2662 936 2719 nostri
971 2662 1133 2733 crisyensis
1164 2660 1294 2718 fecimus
1324 2662 1505 2731 consignari.

238 2767 355 2824 Datum
386 2766 543 2839 Zagrabie‚
574 2767 708 2824 secundo
739 2767 788 2824 die
819 2766 888 2824 sesti
919 2768 1058 2840 corporis
1090 2767 1212 2823 Christi.
1249 2767 1337 2823 Anno
1366 2767 1504 2824 eiusdem

238 2874 409 2931 millesimo
432 2873 623 2930 CCCLXXX
647 2879 766 2946 quarto
791 2873 976 2946 supradicto

329 3007 468 3072 Originalc
488 3007 514 3057 in
533 3008 623 3057 charta
642 3009 719 3058 valde
738 3008 864 3057 attritum.
890 3008 920 3058 In
940 3008 1009 3057 arch,
1030 3008 1075 3056 lib.
1096 3024 1150 3072 reg.
1172 3008 1220 3058 civ.
1240 3008 1343 3073 zagrab.

832 3220 916 3285 322.

345 3327 421 3375 Anno
445 3327 517 3385 1384,
537 3336 560 3373 2.
580 3324 655 3390 Julii.
676 3325 771 3374 Budae.

247 3452 410 3526 Capitulum
433 3453 563 3510 btcdeust's
586 3455 646 3509 eccl.
671 3453 808 3509 carubium
830 3454 906 3511 inter
919 3453 1086 3526 paredrum
1103 3455 1317 3510 riainvillammz
1341 3462 1368 3510 cl
1382 3455 1427 3527 sr.
1444 3454 1504 3511 Hc·

652 3561 768 3616 remites
790 3561 891 3616 initum
915 3560 1091 3618 transcribit.

329 3703 508 3776 Capitulum
532 3705 658 3762 ecclesie
683 3704 836 3761 badensis
861 3705 1019 3762 liniversis
1043 3705 1156 3761 Christi
1178 3703 1332 3773 fidelibus
1355 3712 1418 3760 tam
1436 3720 1504 3777 pre·

240 3810 377 3866 sentibus
400 3825 495 3881 quam
517 3809 628 3866 suturis
651 3811 843 3882 presencium
867 3811 1011 3867 noticiam
1041 3811 1200 3877 habituris,
1225 3811 1358 3866 salutem
1383 3812 1411 3866 in
1436 3825 1502 3866 om·

240 3916 325 3972 nium
349 3917 511 3972 salvatore.
542 3916 589 3972 Ad
614 3917 830 3972 universorum
861 3917 1004 3972 noticiam
1030 3916 1140 3971 harum
1164 3916 1242 3972 serie
1265 3915 1411 3971 volumus
1436 3931 1505 3986 per-

240 4024 369 4090 vemire,
394 4020 476 4094 quod
502 4023 638 4093 religiosi
663 4023 730 4089 viri,
755 4022 864 4079 fratres
888 4023 1068 4079 Dominicus
1092 4028 1120 4077 et
1146 4021 1272 4088 Blasius‚
1297 4020 1413 4077 ordinis
1445 4021 1504 4077 ira·

240 4135 324 4185 trum
347 4129 575 4185 Heremitarum
608 4129 688 4185 beati
714 4129 800 4185 Pauli
822 4129 914 4201 primi
939 4128 1095 4184 Heremite
1119 4127 1156 4182 de
1177 4128 1311 4183 elaustro
1329 4127 1410 4183 beati
1428 4127 1505 4183 Lau·

241 4235 335 4291 rencii
359 4235 494 4291 martiris
517 4249 616 4307 prope
640 4233 767 4303 Hedum,
793 4234 859 4290 vice
883 4242 912 4291 et
936 4235 1112 4291 nominibus
1137 4235 1351 4289 universorum
1373 4231 1504 4289 fratrum

241 4339 378 4397 eiusdem
401 4339 526 4409 ordinis,
551 4339 589 4396 ad
613 4347 750 4396 nostram
774 4339 951 4396 accedentes
975 4340 1165 4412 presenciam
1189 4339 1395 4394 exhibuerunt
1415 4339 1505 4395 nobis

241 4444 391 4517 quasdam
414 4446 530 4503 litteras
560 4446 772 4518 privilegiales
803 4447 988 4503 serenissimi
1022 4446 1171 4519 principis
1199 4444 1315 4501 domini
1349 4444 1504 4511 Lodouici,

239 4551 338 4608 incliti
362 4552 443 4624 regis
466 4552 632 4623 Ilungarie,
663 4552 811 4608 memorie
839 4551 1010 4623 indelende,
1035 4551 1192 4625 dupplicis
1215 4551 1312 4621 sigilli
1335 4551 1381 4606 sui
1406 4551 1505 4606 muni·

240 4656 323 4714 mine
346 4657 516 4727 roboratas,
540 4658 728 4715 continentes
751 4658 781 4714 in
798 4673 830 4714 se
846 4657 964 4714 litteras
981 4657 1192 4730 privilegiales
1209 4655 1326 4712 domini
1344 4656 1504 4725 Demetrii,

240 4761 378 4836 episcopi
408 4763 623 4836 zagrabiensis,
653 4763 844 4837 capitulique
873 4763 935 4821 loci
964 4762 1111 4834 eiusdem,
1142 4777 1237 4834 super
1267 4760 1402 4833 quadam
1429 4775 1500 4818 con·
