3488 5242
238 343 274 384 aa
661 324 734 380 Dec.
758 339 807 401 24.
835 358 872 367 —
899 324 954 382 An.
979 320 1070 402 1248.

236 521 363 579 fidelem
380 526 519 580 nostrum
530 524 657 591 Abram,
675 523 820 581 comitem
837 523 876 580 de
892 524 1069 593 Moroucha,
1081 525 1184 598 ipsum
1198 523 1328 581 fecimus
1340 524 1502 583 introduci.

238 626 283 684 Ne
307 627 401 701 igitur
423 629 614 701 sepedictum
638 629 809 703 capitulum
826 644 920 704 super
937 629 1035 699 dictis,
1052 635 1156 687 monte
1172 635 1202 686 et
1219 634 1308 698 terra,
1326 636 1503 704 temporum

237 734 393 791 curriculo
409 749 465 808 per
479 736 658 809 quempiam
675 735 838 807 inquietari
854 735 958 792 valeat
973 751 1025 792 seu
1050 736 1244 808 aliquatenus
1266 737 1432 805 molestari,
1449 736 1504 794 sed

237 840 280 896 eis
304 841 411 913 pocius
435 846 586 914 perpetuo
610 847 640 898 et
663 840 909 898 irrevocabiliter
930 848 1135 914 perseverent,
1150 847 1307 915 presentes
1325 842 1354 898 in
1375 843 1505 916 perhen-

237 960 308 1003 nem
333 952 436 1004 nostre
461 946 638 1004 collacionis
661 947 864 1004 stabilitatem
888 947 1095 1004 concessimus
1117 954 1148 1003 et
1170 946 1355 1004 tradidimus
1379 948 1504 1018 litteras,

239 1051 399 1126 dupplicis
422 1052 519 1125 sigilli
541 1052 636 1109 nostri
653 1053 822 1110 munimine
842 1053 870 1110 in
888 1052 935 1109 ius
954 1059 1140 1125 perpetuum
1156 1053 1325 1110 roboratas.
1341 1053 1457 1110 Datum
1474 1053 1505 1111 in

239 1158 357 1216 Zolum.
367 1160 455 1216 Anno
467 1157 620 1216 dominice
635 1158 854 1215 incarnacionis
867 1158 1035 1215 millesimo
1048 1157 1257 1215 ducentesimo
1267 1158 1505 1231 quadragesimo

240 1265 392 1338 septimo;
417 1265 511 1322 tercio
535 1264 604 1321 idus
628 1265 821 1337 septembris
846 1264 943 1336 Regni
964 1269 1066 1322 autem
1090 1265 1185 1321 nostri
1210 1279 1289 1321 anno
1314 1264 1505 1321 duodecimo

331 1397 471 1464 Originale
491 1400 517 1449 in
531 1401 688 1452 membrana.
703 1399 728 1449 in
742 1399 962 1464 archiepiscopali
976 1399 1093 1451 archivo.
1109 1399 1261 1464 Zagrabiae.
1276 1399 1401 1463 Sigillum
1417 1399 1506 1464 periit,

242 1489 408 1538 solummodo
428 1488 526 1537 sericea
551 1503 615 1537 zona
638 1488 692 1537 albi
718 1494 743 1536 et
769 1487 853 1537 crocei
874 1488 979 1545 coloris,
1006 1493 1158 1538 conservata
1178 1493 1223 1538 est.
1244 1517 1277 1525 —
1296 1490 1369 1554 Joan.
1390 1487 1505 1544 Thaliae,

243 1574 311 1627 Mon.
331 1577 390 1626 hist.
411 1576 489 1641 episc.
510 1577 613 1641 zagrab.
634 1578 686 1626 vol.
707 1576 725 1625 1.
746 1592 770 1641 p.
791 1577 901 1640 tis-89.
922 1578 974 1626 vol.
994 1576 1027 1625 II.
1047 1593 1071 1641 p.
1095 1586 1142 1634 132
1156 1586 1238 1635 -133.

845 1826 908 1890 24.

345 1950 421 1998 Anno
444 1950 518 2010 1248,
541 1958 561 1998 1.
581 1949 708 1999 octobris.
726 1947 859 2013 Lugduni.

242 2077 397 2155 Philippus
419 2077 609 2134 cancellarius
630 2076 750 2133 Mariae
781 2077 898 2149 reginae
927 2076 1102 2149 Hungariae
1131 2095 1151 2131 a
1178 2078 1302 2149 capitulo
1325 2076 1510 2148 zagrubiensi

526 2184 558 2241 in
581 2183 736 2256 episcopum
758 2182 968 2256 aagrabiensem
992 2184 1089 2239 vitiose
1111 2183 1233 2255 eligimr.

330 2325 523 2383 Innocentius
555 2325 720 2399 episcopus
754 2341 861 2383 servus
901 2342 1063 2384 servorum
1100 2326 1157 2384 dei.
1193 2327 1323 2384 Dilectis
1358 2327 1508 2385 fratribus

244 2423 364 2509 (Bulsu)
388 2431 583 2489 chanadiensi
609 2437 637 2488 et
662 2478 667 2488 .
693 2477 698 2487 .
724 2478 728 2488 .
754 2477 758 2487 .
784 2432 945 2502 sirmiensi,
974 2433 1137 2506 episcopis,
1160 2441 1190 2489 et
1213 2432 1318 2490 abbati
1343 2432 1381 2490 de
1406 2433 1508 2504 Pellis,

243 2538 445 2595 cisterciensis
468 2536 592 2607 ordinis,
618 2537 850 2610 vesprimiensis
873 2536 1011 2608 dioce'sis,
1028 2538 1159 2595 salutem
1184 2543 1213 2595 et
1234 2539 1436 2611 apostolicam
1457 2539 1509 2596 be·

243 2642 457 2701 nedictionem.
488 2643 628 2700 Dilectus
657 2642 740 2699 filius
771 2642 928 2714 albertus,
960 2643 1193 2710 archidiaconus
1226 2644 1432 2716 zagrabiensis
1463 2661 1509 2702 ec-

244 2750 336 2807 clesie
358 2750 389 2806 in
413 2755 518 2806 nostra
541 2749 703 2822 proposuit
727 2749 881 2822 presentia
914 2751 1104 2813 constitutus.
1129 2737 1211 2822 qu‘od
1241 2766 1312 2807 cum
1336 2751 1508 2822 capitulum

244 2854 382 2913 eiusdem
407 2855 533 2912 ecclesie
558 2863 682 2929 pastore
712 2855 848 2912 vacantis
879 2857 1008 2913 haberet
1038 2856 1077 2913 de
1108 2855 1263 2929 pontificis
1293 2857 1510 2913 substitutione

244 2967 420 3032 tractatum,
445 2961 527 3019 idem
552 2962 785 3020 archidiaconus
811 2963 909 3020 sciens
941 2964 1106 3020 nonnullos
1134 2961 1172 3019 de
1195 2964 1333 3037 capitulo
1357 2963 1422 3020 lore
1446 2977 1511 3020 ma·

242 3068 317 3125 ioris
353 3069 679 3126 excommunicationis
713 3070 862 3126 sententia
897 3068 1074 3138 innodatos,
1109 3076 1140 3127 et
1175 3070 1386 3139 considerans,
1424 3067 1507 3141 quod

244 3179 372 3248 propter
395 3188 447 3231 eos
470 3175 600 3231 scienter
623 3175 662 3231 ad
686 3174 863 3247 eligendum
895 3174 1054 3245 admissos,
1079 3174 1165 3232 fieret
1197 3176 1307 3233 electio
1331 3176 1450 3244 vitiosa,
1481 3175 1511 3231 in

248 3280 345 3353 ipsius
371 3280 499 3336 ecclesie
530 3295 589 3336 non
622 3280 778 3337 modicum
810 3280 1076 3354 impedimentum,
1107 3297 1158 3338 eos
1189 3283 1219 3339 in
1252 3297 1415 3338 commune
1440 3279 1509 3337 dili·

248 3391 355 3458 genter
378 3384 547 3456 admonuit,
572 3403 608 3442 ne
632 3386 713 3443 idem
736 3388 991 3444 excommunicati
1008 3387 1156 3444 deberent
1180 3387 1219 3444 ad
1243 3387 1434 3459 elligendum
1458 3385 1510 3442 ad·

248 3492 326 3561 miti,
350 3497 401 3547 aut
425 3491 483 3564 ipsi
508 3491 648 3548 electioni
673 3508 704 3548 se
728 3493 901 3564 ingererent
924 3494 967 3550 sic
991 3493 1085 3565 ligati.
1102 3492 1159 3550 Sed
1178 3495 1236 3567 ipsi
1255 3493 1431 3551 huiusmodi
1457 3491 1509 3548 ad-

250 3597 418 3654 monitione
441 3602 625 3670 contempta‚
651 3598 768 3655 illicitis
791 3599 886 3655 illecti
912 3599 1177 3671 promissionibus,
1207 3615 1266 3656 non
1291 3600 1354 3656 sine
1379 3599 1449 3655 labe
1474 3599 1512 3655 si·

248 3703 387 3760 moniace
418 3703 588 3776 pravitatis,
619 3704 721 3776 ipsum
753 3703 1002 3761 archidiaconum
1035 3704 1072 3761 de
1103 3705 1239 3779 capitulo
1264 3706 1396 3777 turpiter
1419 3704 1513 3760 eiece-

251 3813 331 3879 runt,
356 3824 454 3881 eoque
477 3814 663 3882 contempto,
689 3816 759 3882 post
781 3810 1022 3883 appellationem
1048 3811 1145 3883 ipsius
1168 3827 1205 3867 ex
1231 3811 1389 3883 premissis
1414 3810 1513 3866 causis

250 3914 289 3972 ad
314 3914 419 3971 sedem
451 3915 655 3988 apostolicam
687 3913 886 3990 interjectam,
919 3915 1107 3988 Philippum,
1140 3916 1297 3972 carissime
1328 3916 1358 3972 in
1390 3914 1514 3972 Christo

250 4021 314 4079 filie
336 4021 466 4078 illustris
483 4023 588 4094 regine
605 4023 764 4094 Hungarie
779 4020 1189 4093 cancellarium,.patientem
1207 4021 1236 4078 in
1254 4024 1333 4077 etate
1350 4019 1513 4089 deiectum,

250 4142 307 4201 per
329 4127 407 4183 laice
431 4128 672 4200 presumptionis
696 4128 828 4184 abusum
852 4132 959 4183 contra
986 4126 1164 4183 libertatem
1195 4127 1372 4183 canonicam
1397 4127 1426 4182 in
1451 4126 1514 4198 epi·

251 4248 381 4307 scopum
405 4233 519 4305 eligere
543 4249 578 4289 ac
601 4234 737 4306 recipere
761 4238 1025 4306 presumpserunt,
1054 4233 1257 4289 absolutionis
1280 4232 1431 4289 beneficio
1454 4247 1513 4288 non

251 4339 385 4396 obtento.
410 4339 480 4412 Qui,
510 4354 581 4395 cum
612 4338 788 4396 huiusmodi
820 4343 927 4397 eorum
959 4354 1137 4412 processum
1169 4354 1186 4394 a
1217 4338 1387 4395 venerabili
1420 4337 1515 4394 fratre

250 4448 356 4502 nostro
378 4445 539 4520 Colocensi
562 4444 803 4519 archiepiscopo,
828 4445 888 4502 loci
907 4445 1157 4518 metropolitano
1174 4450 1311 4517 peterent
1328 4442 1515 4512 confirmari,

251 4548 351 4607 dictus
374 4549 607 4607 archidiaconus
630 4552 792 4624 proposuit
823 4567 927 4609 coram
959 4553 1035 4625 ipso,
1069 4550 1251 4623 quodcum
1275 4551 1368 4608 iidem
1393 4564 1515 4606 excom-

252 4657 399 4714 municati
420 4662 451 4713 et
473 4656 643 4738 simpniaci,
666 4673 702 4715 eo
726 4663 912 4732 contempto,
937 4658 989 4731 qui
1013 4658 1148 4729 volebat,
1172 4658 1306 4715 debebat
1337 4663 1367 4715 et
1394 4659 1516 4730 poterat

252 4760 296 4816 eis
315 4777 376 4820 non
399 4762 651 4838 impedientibus,
673 4764 819 4822 interesse
842 4763 880 4821 ad
905 4765 1087 4822 electionem
1111 4763 1298 4837 huiusmodi,
1321 4768 1392 4838 post
1408 4762 1517 4838 appel·
