<?xml version="1.0" encoding="UTF-8"?>
<!DOCTYPE html PUBLIC "-//W3C//DTD XHTML 1.0 Transitional//EN"
    "http://www.w3.org/TR/xhtml1/DTD/xhtml1-transitional.dtd">
<html xmlns="http://www.w3.org/1999/xhtml" xml:lang="en" lang="en">
 <head>
  <title>
</title>
<meta http-equiv="Content-Type" content="text/html;charset=utf-8" />
  <meta name='ocr-system' content='tesseract 3.04.00' />
  <meta name='ocr-capabilities' content='ocr_page ocr_carea ocr_par ocr_line ocrx_word'/>
</head>
<body>
  <div class='ocr_page' id='page_1' title='image "./monumentahistor11laszgoog_0632.png"; bbox 0 0 3488 5242; ppageno 0'>
   <div class='ocr_carea' id='block_1_1' title="bbox 657 323 1497 410">
    <p class='ocr_par' dir='ltr' id='par_1_1' title="bbox 657 323 1497 410">
     <span class='ocr_line' id='line_1_1' title="bbox 657 323 1497 410; baseline 0.007 -23"><span class='ocrx_word' id='word_1_1' title='bbox 657 331 730 388; x_wconf 87' lang='lat' dir='ltr'><strong>Doc.</strong></span> <span class='ocrx_word' id='word_1_2' title='bbox 753 323 828 407; x_wconf 78' lang='lat'><em>406.</em></span> <span class='ocrx_word' id='word_1_3' title='bbox 855 362 891 372; x_wconf 94' lang='lat'>-</span> <span class='ocrx_word' id='word_1_4' title='bbox 916 328 1084 406; x_wconf 79' lang='lat' dir='ltr'><strong>An.1397.</strong></span> <span class='ocrx_word' id='word_1_5' title='bbox 1438 348 1497 410; x_wconf 83' lang='lat'><strong>391</strong></span> 
     </span>
    </p>
   </div>
   <div class='ocr_carea' id='block_1_2' title="bbox 235 529 1502 1875">
    <p class='ocr_par' dir='ltr' id='par_1_2' title="bbox 235 529 1502 1875">
     <span class='ocr_line' id='line_1_2' title="bbox 236 529 1501 604; baseline 0.002 -18"><span class='ocrx_word' id='word_1_6' title='bbox 236 534 266 586; x_wconf 90' lang='lat' dir='ltr'><strong>et</strong></span> <span class='ocrx_word' id='word_1_7' title='bbox 288 530 432 602; x_wconf 85' lang='lat' dir='ltr'>graciam.</span> <span class='ocrx_word' id='word_1_8' title='bbox 458 529 578 587; x_wconf 84' lang='lat' dir='ltr'>Dicitur</span> <span class='ocrx_word' id='word_1_9' title='bbox 601 530 691 587; x_wconf 90' lang='lat' dir='ltr'><strong>nobis</strong></span> <span class='ocrx_word' id='word_1_10' title='bbox 714 530 745 587; x_wconf 91' lang='lat' dir='ltr'><strong>in</strong></span> <span class='ocrx_word' id='word_1_11' title='bbox 769 529 909 603; x_wconf 89' lang='lat' dir='ltr'><strong>personis</strong></span> <span class='ocrx_word' id='word_1_12' title='bbox 932 529 1147 587; x_wconf 89' lang='lat' dir='ltr'><strong>universorum</strong></span> <span class='ocrx_word' id='word_1_13' title='bbox 1165 530 1280 587; x_wconf 90' lang='lat' dir='ltr'><strong>civium</strong></span> <span class='ocrx_word' id='word_1_14' title='bbox 1297 536 1327 587; x_wconf 91' lang='lat' dir='ltr'><strong>et</strong></span> <span class='ocrx_word' id='word_1_15' title='bbox 1342 529 1501 604; x_wconf 88' lang='lat' dir='ltr'><strong>hospitum</strong></span> 
     </span>
     <span class='ocr_line' id='line_1_3' title="bbox 235 633 1501 708; baseline 0.001 -16"><span class='ocrx_word' id='word_1_16' title='bbox 235 640 411 692; x_wconf 88' lang='lat' dir='ltr'><strong>nostrorum</strong></span> <span class='ocrx_word' id='word_1_17' title='bbox 447 634 485 691; x_wconf 90' lang='lat' dir='ltr'><strong>de</strong></span> <span class='ocrx_word' id='word_1_18' title='bbox 517 633 676 707; x_wconf 84' lang='lat' dir='ltr'><strong>Zagrabia‚</strong></span> <span class='ocrx_word' id='word_1_19' title='bbox 706 634 864 708; x_wconf 90' lang='lat' dir='ltr'><strong>quomodo</strong></span> <span class='ocrx_word' id='word_1_20' title='bbox 894 650 950 691; x_wconf 90' lang='lat' dir='ltr'><strong>vos</strong></span> <span class='ocrx_word' id='word_1_21' title='bbox 980 651 1080 708; x_wconf 87' lang='lat' dir='ltr'>nuper</span> <span class='ocrx_word' id='word_1_22' title='bbox 1112 636 1271 692; x_wconf 86' lang='lat' dir='ltr'><strong>universas</strong></span> <span class='ocrx_word' id='word_1_23' title='bbox 1307 635 1417 693; x_wconf 90' lang='lat' dir='ltr'><strong>domos</strong></span> <span class='ocrx_word' id='word_1_24' title='bbox 1447 652 1501 693; x_wconf 90' lang='lat' dir='ltr'><strong>seu</strong></span> 
     </span>
     <span class='ocr_line' id='line_1_4' title="bbox 236 740 1501 814; baseline 0.002 -18"><span class='ocrx_word' id='word_1_25' title='bbox 236 740 356 810; x_wconf 87' lang='lat' dir='ltr'><strong>fundos,</strong></span> <span class='ocrx_word' id='word_1_26' title='bbox 379 757 496 798; x_wconf 88' lang='lat' dir='ltr'><strong>necnon</strong></span> <span class='ocrx_word' id='word_1_27' title='bbox 520 741 626 798; x_wconf 88' lang='lat' dir='ltr'><strong>vineas</strong></span> <span class='ocrx_word' id='word_1_28' title='bbox 649 757 685 798; x_wconf 92' lang='lat' dir='ltr'><strong>ac</strong></span> <span class='ocrx_word' id='word_1_29' title='bbox 713 747 810 799; x_wconf 89' lang='lat' dir='ltr'><strong>terras</strong></span> <span class='ocrx_word' id='word_1_30' title='bbox 839 740 972 798; x_wconf 89' lang='lat' dir='ltr'><strong>arabiles</strong></span> <span class='ocrx_word' id='word_1_31' title='bbox 1003 741 1143 814; x_wconf 88' lang='lat' dir='ltr'><strong>ipsorum</strong></span> <span class='ocrx_word' id='word_1_32' title='bbox 1177 741 1208 798; x_wconf 93' lang='lat' dir='ltr'><strong>in</strong></span> <span class='ocrx_word' id='word_1_33' title='bbox 1240 740 1317 798; x_wconf 86' lang='lat' dir='ltr'><strong>facie</strong></span> <span class='ocrx_word' id='word_1_34' title='bbox 1349 747 1501 799; x_wconf 88' lang='lat' dir='ltr'><strong>terrarum</strong></span> 
     </span>
     <span class='ocr_line' id='line_1_5' title="bbox 235 846 1502 920; baseline 0.001 -17"><span class='ocrx_word' id='word_1_35' title='bbox 235 847 463 920; x_wconf 90' lang='lat' dir='ltr'><strong>possessionum</strong></span> <span class='ocrx_word' id='word_1_36' title='bbox 489 853 663 904; x_wconf 88' lang='lat' dir='ltr'><strong>vestrarum</strong></span> <span class='ocrx_word' id='word_1_37' title='bbox 690 847 853 904; x_wconf 85' lang='lat' dir='ltr'><strong>existentes</strong></span> <span class='ocrx_word' id='word_1_38' title='bbox 884 862 941 919; x_wconf 90' lang='lat' dir='ltr'><strong>per</strong></span> <span class='ocrx_word' id='word_1_39' title='bbox 970 846 1054 919; x_wconf 92' lang='lat' dir='ltr'><strong>ipsos</strong></span> <span class='ocrx_word' id='word_1_40' title='bbox 1087 862 1213 919; x_wconf 87' lang='lat' dir='ltr'><strong>semper</strong></span> <span class='ocrx_word' id='word_1_41' title='bbox 1242 853 1273 903; x_wconf 85' lang='lat' dir='ltr'><strong>et</strong></span> <span class='ocrx_word' id='word_1_42' title='bbox 1303 848 1343 904; x_wconf 90' lang='lat' dir='ltr'><strong>ab</strong></span> <span class='ocrx_word' id='word_1_43' title='bbox 1374 847 1502 920; x_wconf 87' lang='lat' dir='ltr'><strong>antiquo</strong></span> 
     </span>
     <span class='ocr_line' id='line_1_6' title="bbox 236 952 1502 1026; baseline 0.001 -17"><span class='ocrx_word' id='word_1_44' title='bbox 236 957 333 1009; x_wconf 87' lang='lat' dir='ltr'><strong>tentas</strong></span> <span class='ocrx_word' id='word_1_45' title='bbox 357 960 387 1009; x_wconf 92' lang='lat' dir='ltr'><strong>et</strong></span> <span class='ocrx_word' id='word_1_46' title='bbox 411 968 566 1026; x_wconf 86' lang='lat' dir='ltr'><strong>possessas</strong></span> <span class='ocrx_word' id='word_1_47' title='bbox 589 954 712 1011; x_wconf 84' lang='lat' dir='ltr'><strong>racione</strong></span> <span class='ocrx_word' id='word_1_48' title='bbox 733 952 887 1011; x_wconf 89' lang='lat' dir='ltr'><strong>discordie</strong></span> <span class='ocrx_word' id='word_1_49' title='bbox 916 952 996 1009; x_wconf 88' lang='lat' dir='ltr'><strong>inter</strong></span> <span class='ocrx_word' id='word_1_50' title='bbox 1027 967 1083 1009; x_wconf 89' lang='lat' dir='ltr'><strong>vos</strong></span> <span class='ocrx_word' id='word_1_51' title='bbox 1114 957 1145 1009; x_wconf 88' lang='lat' dir='ltr'><strong>et</strong></span> <span class='ocrx_word' id='word_1_52' title='bbox 1167 953 1252 1025; x_wconf 88' lang='lat' dir='ltr'><strong>ipsos</strong></span> <span class='ocrx_word' id='word_1_53' title='bbox 1274 953 1358 1010; x_wconf 86' lang='lat' dir='ltr'><strong>cives</strong></span> <span class='ocrx_word' id='word_1_54' title='bbox 1381 959 1502 1011; x_wconf 88' lang='lat' dir='ltr'><strong>nostros</strong></span> 
     </span>
     <span class='ocr_line' id='line_1_7' title="bbox 235 1058 1501 1133; baseline 0.001 -18"><span class='ocrx_word' id='word_1_55' title='bbox 235 1064 341 1116; x_wconf 88' lang='lat' dir='ltr'><strong>exorte</strong></span> <span class='ocrx_word' id='word_1_56' title='bbox 364 1074 423 1131; x_wconf 91' lang='lat' dir='ltr'><strong>pro</strong></span> <span class='ocrx_word' id='word_1_57' title='bbox 447 1059 537 1117; x_wconf 91' lang='lat' dir='ltr'><strong>vobis</strong></span> <span class='ocrx_word' id='word_1_58' title='bbox 560 1060 775 1133; x_wconf 89' lang='lat' dir='ltr'><strong>occupassetis,</strong></span> <span class='ocrx_word' id='word_1_59' title='bbox 799 1061 1024 1132; x_wconf 76' lang='lat' dir='ltr'><strong>occupatosque</strong></span> <span class='ocrx_word' id='word_1_60' title='bbox 1051 1059 1274 1115; x_wconf 85' lang='lat' dir='ltr'><strong>conservaretis</strong></span> <span class='ocrx_word' id='word_1_61' title='bbox 1297 1058 1335 1116; x_wconf 92' lang='lat' dir='ltr'><strong>de</strong></span> <span class='ocrx_word' id='word_1_62' title='bbox 1360 1059 1501 1133; x_wconf 91' lang='lat' dir='ltr'><strong>presenti.</strong></span> 
     </span>
     <span class='ocr_line' id='line_1_8' title="bbox 237 1163 1501 1238; baseline 0.001 -17"><span class='ocrx_word' id='word_1_63' title='bbox 237 1164 337 1237; x_wconf 90' lang='lat' dir='ltr'><strong>Super</strong></span> <span class='ocrx_word' id='word_1_64' title='bbox 360 1180 422 1238; x_wconf 91' lang='lat' dir='ltr'><strong>quo</strong></span> <span class='ocrx_word' id='word_1_65' title='bbox 445 1164 589 1222; x_wconf 89' lang='lat' dir='ltr'><strong>fidelitati</strong></span> <span class='ocrx_word' id='word_1_66' title='bbox 612 1171 713 1222; x_wconf 87' lang='lat' dir='ltr'><strong>vestre</strong></span> <span class='ocrx_word' id='word_1_67' title='bbox 733 1164 866 1222; x_wconf 88' lang='lat' dir='ltr'><strong>firmiter</strong></span> <span class='ocrx_word' id='word_1_68' title='bbox 880 1163 1071 1237; x_wconf 89' lang='lat' dir='ltr'><strong>precipimus</strong></span> <span class='ocrx_word' id='word_1_69' title='bbox 1086 1169 1116 1221; x_wconf 91' lang='lat' dir='ltr'><strong>et</strong></span> <span class='ocrx_word' id='word_1_70' title='bbox 1141 1164 1327 1222; x_wconf 85' lang='lat' dir='ltr'><strong>mandamus</strong></span> <span class='ocrx_word' id='word_1_71' title='bbox 1350 1164 1501 1238; x_wconf 89' lang='lat' dir='ltr'><strong>quatenus</strong></span> 
     </span>
     <span class='ocr_line' id='line_1_9' title="bbox 235 1269 1501 1345; baseline 0.001 -17"><span class='ocrx_word' id='word_1_72' title='bbox 235 1272 341 1328; x_wconf 91' lang='lat' dir='ltr'><strong>habita</strong></span> <span class='ocrx_word' id='word_1_73' title='bbox 374 1271 569 1344; x_wconf 90' lang='lat' dir='ltr'><strong>presencium</strong></span> <span class='ocrx_word' id='word_1_74' title='bbox 596 1272 709 1329; x_wconf 85' lang='lat' dir='ltr'><strong>noticia</strong></span> <span class='ocrx_word' id='word_1_75' title='bbox 739 1269 875 1345; x_wconf 84' lang='lat' dir='ltr'><strong>prefatas</strong></span> <span class='ocrx_word' id='word_1_76' title='bbox 906 1269 1024 1340; x_wconf 92' lang='lat' dir='ltr'><strong>domos,</strong></span> <span class='ocrx_word' id='word_1_77' title='bbox 1055 1269 1176 1342; x_wconf 87' lang='lat' dir='ltr'><strong>fundos,</strong></span> <span class='ocrx_word' id='word_1_78' title='bbox 1208 1272 1313 1328; x_wconf 88' lang='lat' dir='ltr'><strong>vineas</strong></span> <span class='ocrx_word' id='word_1_79' title='bbox 1343 1277 1501 1344; x_wconf 90' lang='lat' dir='ltr'><strong>terrasque</strong></span> 
     </span>
     <span class='ocr_line' id='line_1_10' title="bbox 235 1376 1500 1451; baseline 0 -17"><span class='ocrx_word' id='word_1_80' title='bbox 235 1377 371 1434; x_wconf 88' lang='lat' dir='ltr'><strong>arabiles</strong></span> <span class='ocrx_word' id='word_1_81' title='bbox 394 1378 535 1451; x_wconf 90' lang='lat' dir='ltr'><strong>ipsorum</strong></span> <span class='ocrx_word' id='word_1_82' title='bbox 558 1377 673 1434; x_wconf 90' lang='lat' dir='ltr'><strong>civium</strong></span> <span class='ocrx_word' id='word_1_83' title='bbox 697 1383 875 1434; x_wconf 92' lang='lat' dir='ltr'><strong>nostrorum</strong></span> <span class='ocrx_word' id='word_1_84' title='bbox 905 1391 962 1448; x_wconf 91' lang='lat' dir='ltr'><strong>per</strong></span> <span class='ocrx_word' id='word_1_85' title='bbox 991 1376 1084 1449; x_wconf 92' lang='lat' dir='ltr'><strong>ipsos,</strong></span> <span class='ocrx_word' id='word_1_86' title='bbox 1115 1383 1150 1434; x_wconf 93' lang='lat' dir='ltr'><strong>ut</strong></span> <span class='ocrx_word' id='word_1_87' title='bbox 1177 1376 1283 1446; x_wconf 84' lang='lat' dir='ltr'><strong>fertur,</strong></span> <span class='ocrx_word' id='word_1_88' title='bbox 1308 1377 1500 1449; x_wconf 91' lang='lat' dir='ltr'><strong>abantiquo</strong></span> 
     </span>
     <span class='ocr_line' id='line_1_11' title="bbox 236 1481 1501 1557; baseline 0.001 -18"><span class='ocrx_word' id='word_1_89' title='bbox 236 1487 333 1540; x_wconf 88' lang='lat' dir='ltr'><strong>tentas</strong></span> <span class='ocrx_word' id='word_1_90' title='bbox 356 1491 386 1540; x_wconf 91' lang='lat' dir='ltr'><strong>et</strong></span> <span class='ocrx_word' id='word_1_91' title='bbox 409 1498 565 1557; x_wconf 90' lang='lat' dir='ltr'><strong>possessas</strong></span> <span class='ocrx_word' id='word_1_92' title='bbox 588 1499 645 1557; x_wconf 93' lang='lat' dir='ltr'><strong>pro</strong></span> <span class='ocrx_word' id='word_1_93' title='bbox 669 1483 760 1540; x_wconf 87' lang='lat' dir='ltr'><strong>vobis</strong></span> <span class='ocrx_word' id='word_1_94' title='bbox 792 1481 914 1539; x_wconf 90' lang='lat' dir='ltr'><strong>racione</strong></span> <span class='ocrx_word' id='word_1_95' title='bbox 945 1482 1084 1554; x_wconf 90' lang='lat' dir='ltr'><strong>predicta</strong></span> <span class='ocrx_word' id='word_1_96' title='bbox 1117 1488 1280 1556; x_wconf 89' lang='lat' dir='ltr'><strong>occupatas</strong></span> <span class='ocrx_word' id='word_1_97' title='bbox 1304 1484 1423 1555; x_wconf 87' lang='lat' dir='ltr'><strong>absque</strong></span> <span class='ocrx_word' id='word_1_98' title='bbox 1445 1483 1501 1540; x_wconf 90' lang='lat' dir='ltr'><strong>ali-</strong></span> 
     </span>
     <span class='ocr_line' id='line_1_12' title="bbox 236 1587 1501 1661; baseline -0.001 -15"><span class='ocrx_word' id='word_1_99' title='bbox 236 1588 321 1661; x_wconf 90' lang='lat' dir='ltr'><strong>quali</strong></span> <span class='ocrx_word' id='word_1_100' title='bbox 346 1588 594 1646; x_wconf 89' lang='lat' dir='ltr'><strong>dissimulacione</strong></span> <span class='ocrx_word' id='word_1_101' title='bbox 617 1589 774 1646; x_wconf 89' lang='lat' dir='ltr'><strong>remittere</strong></span> <span class='ocrx_word' id='word_1_102' title='bbox 798 1593 828 1645; x_wconf 92' lang='lat' dir='ltr'><strong>et</strong></span> <span class='ocrx_word' id='word_1_103' title='bbox 850 1588 1006 1660; x_wconf 84' lang='lat' dir='ltr'><strong>resignare</strong></span> <span class='ocrx_word' id='word_1_104' title='bbox 1029 1588 1167 1646; x_wconf 89' lang='lat' dir='ltr'><strong>debeatis</strong></span> <span class='ocrx_word' id='word_1_105' title='bbox 1179 1608 1186 1658; x_wconf 89' lang='lat'>;</span> <span class='ocrx_word' id='word_1_106' title='bbox 1202 1604 1289 1646; x_wconf 91' lang='lat' dir='ltr'><strong>secus</strong></span> <span class='ocrx_word' id='word_1_107' title='bbox 1317 1587 1418 1646; x_wconf 85' lang='lat' dir='ltr'><strong>facere</strong></span> <span class='ocrx_word' id='word_1_108' title='bbox 1441 1603 1501 1646; x_wconf 92' lang='lat' dir='ltr'><strong>non</strong></span> 
     </span>
     <span class='ocr_line' id='line_1_13' title="bbox 235 1694 1501 1768; baseline 0 -16"><span class='ocrx_word' id='word_1_109' title='bbox 235 1696 347 1752; x_wconf 90' lang='lat' dir='ltr'><strong>ausuri.</strong></span> <span class='ocrx_word' id='word_1_110' title='bbox 371 1694 487 1752; x_wconf 90' lang='lat' dir='ltr'><strong>Datum</strong></span> <span class='ocrx_word' id='word_1_111' title='bbox 504 1694 793 1768; x_wconf 83' lang='lat' dir='ltr'><strong>Quinqucecclesiis,</strong></span> <span class='ocrx_word' id='word_1_112' title='bbox 811 1694 842 1751; x_wconf 93' lang='lat' dir='ltr'><strong>in</strong></span> <span class='ocrx_word' id='word_1_113' title='bbox 864 1694 1020 1752; x_wconf 89' lang='lat' dir='ltr'><strong>dominica</strong></span> <span class='ocrx_word' id='word_1_114' title='bbox 1034 1694 1132 1752; x_wconf 91' lang='lat' dir='ltr'><strong>Oculi.</strong></span> <span class='ocrx_word' id='word_1_115' title='bbox 1150 1696 1239 1753; x_wconf 88' lang='lat' dir='ltr'><strong>Anno</strong></span> <span class='ocrx_word' id='word_1_116' title='bbox 1255 1694 1373 1752; x_wconf 91' lang='lat' dir='ltr'><strong>domini</strong></span> <span class='ocrx_word' id='word_1_117' title='bbox 1391 1694 1501 1752; x_wconf 87' lang='lat' dir='ltr'>MCCC</span> 
     </span>
     <span class='ocr_line' id='line_1_14' title="bbox 235 1801 599 1875; baseline 0.003 -18"><span class='ocrx_word' id='word_1_118' title='bbox 235 1801 434 1872; x_wconf 83' lang='lat' dir='ltr'><strong>nonagesimo</strong></span> <span class='ocrx_word' id='word_1_119' title='bbox 457 1801 599 1875; x_wconf 89' lang='lat' dir='ltr'><strong>septimo.</strong></span> 
     </span>
    </p>
   </div>
   <div class='ocr_carea' id='block_1_3' title="bbox 235 1933 1499 2091">
    <p class='ocr_par' dir='ltr' id='par_1_3' title="bbox 235 1933 1499 2091">
     <span class='ocr_line' id='line_1_15' title="bbox 325 1933 1499 2001; baseline 0.001 -16"><span class='ocrx_word' id='word_1_120' title='bbox 325 1935 464 2001; x_wconf 85' lang='lat' dir='ltr'><strong>Originale</strong></span> <span class='ocrx_word' id='word_1_121' title='bbox 484 1935 510 1985; x_wconf 90' lang='lat' dir='ltr'><strong>in</strong></span> <span class='ocrx_word' id='word_1_122' title='bbox 530 1936 628 1992; x_wconf 85' lang='lat' dir='ltr'><strong>charta,</strong></span> <span class='ocrx_word' id='word_1_123' title='bbox 648 1935 675 1985; x_wconf 89' lang='lat' dir='ltr'><strong>in</strong></span> <span class='ocrx_word' id='word_1_124' title='bbox 694 1949 747 1999; x_wconf 86' lang='lat' dir='ltr'><strong>qua</strong></span> <span class='ocrx_word' id='word_1_125' title='bbox 765 1934 923 2001; x_wconf 88' lang='lat' dir='ltr'><strong>impressum</strong></span> <span class='ocrx_word' id='word_1_126' title='bbox 941 1940 980 1984; x_wconf 91' lang='lat' dir='ltr'><strong>est</strong></span> <span class='ocrx_word' id='word_1_127' title='bbox 998 1933 1120 2000; x_wconf 85' lang='lat' dir='ltr'><strong>sigillum</strong></span> <span class='ocrx_word' id='word_1_128' title='bbox 1139 1934 1210 1999; x_wconf 85' lang='lat' dir='ltr'><strong>regis</strong></span> <span class='ocrx_word' id='word_1_129' title='bbox 1229 1933 1322 1985; x_wconf 87' lang='lat' dir='ltr'><strong>minus.</strong></span> <span class='ocrx_word' id='word_1_130' title='bbox 1341 1935 1372 1986; x_wconf 90' lang='lat' dir='ltr'><strong>In</strong></span> <span class='ocrx_word' id='word_1_131' title='bbox 1389 1935 1499 1987; x_wconf 90' lang='lat' dir='ltr'><strong>archivo</strong></span> 
     </span>
     <span class='ocr_line' id='line_1_16' title="bbox 235 2025 488 2091; baseline 0.004 -18"><span class='ocrx_word' id='word_1_132' title='bbox 235 2025 253 2073; x_wconf 91' lang='lat' dir='ltr'><strong>l.</strong></span> <span class='ocrx_word' id='word_1_133' title='bbox 273 2041 293 2075; x_wconf 85' lang='lat' dir='ltr'><strong>r.</strong></span> <span class='ocrx_word' id='word_1_134' title='bbox 314 2025 363 2076; x_wconf 89' lang='lat' dir='ltr'><strong>civ.</strong></span> <span class='ocrx_word' id='word_1_135' title='bbox 384 2025 488 2091; x_wconf 83' lang='lat' dir='ltr'><strong>zagrab.</strong></span> 
     </span>
    </p>
   </div>
   <div class='ocr_carea' id='block_1_4' title="bbox 820 2203 916 2268">
    <p class='ocr_par' dir='ltr' id='par_1_4' title="bbox 820 2203 916 2268">
     <span class='ocr_line' id='line_1_17' title="bbox 820 2203 916 2268; baseline 0 0"><span class='ocrx_word' id='word_1_136' title='bbox 820 2203 916 2268; x_wconf 82' lang='lat'><strong>406.</strong></span> 
     </span>
    </p>
   </div>
   <div class='ocr_carea' id='block_1_5' title="bbox 340 2361 879 2428">
    <p class='ocr_par' dir='ltr' id='par_1_5' title="bbox 340 2361 879 2428">
     <span class='ocr_line' id='line_1_18' title="bbox 340 2361 879 2428; baseline 0 -17"><span class='ocrx_word' id='word_1_137' title='bbox 340 2364 424 2420; x_wconf 85' lang='lat' dir='ltr'><strong>Anno,</strong></span> <span class='ocrx_word' id='word_1_138' title='bbox 448 2369 522 2425; x_wconf 77' lang='lat'>1397,</span> <span class='ocrx_word' id='word_1_139' title='bbox 544 2371 583 2411; x_wconf 82' lang='lat'><strong>12.</strong></span> <span class='ocrx_word' id='word_1_140' title='bbox 603 2361 705 2426; x_wconf 86' lang='lat' dir='ltr'><strong>aprilis.</strong></span> <span class='ocrx_word' id='word_1_141' title='bbox 724 2362 879 2428; x_wconf 81' lang='lat' dir='ltr'><strong>Zagrabiae.</strong></span> 
     </span>
    </p>
   </div>
   <div class='ocr_carea' id='block_1_6' title="bbox 252 2489 1478 2674">
    <p class='ocr_par' dir='ltr' id='par_1_6' title="bbox 252 2489 1478 2674">
     <span class='ocr_line' id='line_1_19' title="bbox 252 2489 1478 2564; baseline 0.002 -17"><span class='ocrx_word' id='word_1_142' title='bbox 252 2490 444 2548; x_wconf 83' lang='lat' dir='ltr'><strong>Communitas</strong></span> <span class='ocrx_word' id='word_1_143' title='bbox 467 2491 573 2549; x_wconf 86' lang='lat' dir='ltr'><strong>montis</strong></span> <span class='ocrx_word' id='word_1_144' title='bbox 601 2489 772 2549; x_wconf 78' lang='lat' dir='ltr'><strong>Grcclzcnsis</strong></span> <span class='ocrx_word' id='word_1_145' title='bbox 797 2509 816 2547; x_wconf 87' lang='lat' dir='ltr'><em>a</em></span> <span class='ocrx_word' id='word_1_146' title='bbox 830 2499 927 2564; x_wconf 82' lang='lat' dir='ltr'><strong>poeno</strong></span> <span class='ocrx_word' id='word_1_147' title='bbox 950 2493 1246 2549; x_wconf 64' lang='lat' dir='ltr'><strong>excommunicationis</strong></span> <span class='ocrx_word' id='word_1_148' title='bbox 1260 2499 1289 2550; x_wconf 82' lang='lat' dir='ltr'><strong>et</strong></span> <span class='ocrx_word' id='word_1_149' title='bbox 1302 2493 1478 2550; x_wconf 83' lang='lat' dir='ltr'><strong>interdictio</strong></span> 
     </span>
     <span class='ocr_line' id='line_1_20' title="bbox 519 2597 1207 2674; baseline 0.001 -21"><span class='ocrx_word' id='word_1_150' title='bbox 519 2597 641 2674; x_wconf 86' lang='lat' dir='ltr'><strong>Joanne</strong></span> <span class='ocrx_word' id='word_1_151' title='bbox 663 2598 744 2671; x_wconf 83' lang='lat' dir='ltr'><strong>episc.</strong></span> <span class='ocrx_word' id='word_1_152' title='bbox 767 2599 884 2672; x_wconf 78' lang='lat' dir='ltr'><strong>zagrob.</strong></span> <span class='ocrx_word' id='word_1_153' title='bbox 907 2597 1018 2672; x_wconf 87' lang='lat' dir='ltr'><strong>inflicta</strong></span> <span class='ocrx_word' id='word_1_154' title='bbox 1041 2597 1207 2655; x_wconf 82' lang='lat' dir='ltr'><strong>absolvitur.</strong></span> 
     </span>
    </p>
   </div>
   <div class='ocr_carea' id='block_1_7' title="bbox 233 2758 1501 4851">
    <p class='ocr_par' dir='ltr' id='par_1_7' title="bbox 233 2758 1501 4851">
     <span class='ocr_line' id='line_1_21' title="bbox 321 2758 1501 2841; baseline 0.001 -24"><span class='ocrx_word' id='word_1_155' title='bbox 321 2761 477 2841; x_wconf 86' lang='lat' dir='ltr'><strong>Johannes</strong></span> <span class='ocrx_word' id='word_1_156' title='bbox 493 2759 531 2817; x_wconf 91' lang='lat' dir='ltr'><strong>de</strong></span> <span class='ocrx_word' id='word_1_157' title='bbox 546 2758 642 2831; x_wconf 87' lang='lat' dir='ltr'><strong>Senis,</strong></span> <span class='ocrx_word' id='word_1_158' title='bbox 659 2759 856 2818; x_wconf 91' lang='lat' dir='ltr'><strong>decretorum</strong></span> <span class='ocrx_word' id='word_1_159' title='bbox 872 2759 988 2831; x_wconf 89' lang='lat' dir='ltr'><strong>doctor,</strong></span> <span class='ocrx_word' id='word_1_160' title='bbox 1002 2760 1136 2817; x_wconf 90' lang='lat' dir='ltr'><strong>vicarius</strong></span> <span class='ocrx_word' id='word_1_161' title='bbox 1151 2760 1314 2818; x_wconf 85' lang='lat' dir='ltr'><strong>reverendi</strong></span> <span class='ocrx_word' id='word_1_162' title='bbox 1330 2760 1361 2817; x_wconf 91' lang='lat' dir='ltr'><strong>in</strong></span> <span class='ocrx_word' id='word_1_163' title='bbox 1377 2759 1501 2818; x_wconf 89' lang='lat' dir='ltr'><strong>Christo</strong></span> 
     </span>
     <span class='ocr_line' id='line_1_22' title="bbox 236 2864 1501 2948; baseline 0.001 -25"><span class='ocrx_word' id='word_1_164' title='bbox 236 2867 342 2939; x_wconf 88' lang='lat' dir='ltr'><strong>patris,</strong></span> <span class='ocrx_word' id='word_1_165' title='bbox 367 2864 484 2923; x_wconf 92' lang='lat' dir='ltr'><strong>domini</strong></span> <span class='ocrx_word' id='word_1_166' title='bbox 503 2866 659 2948; x_wconf 87' lang='lat' dir='ltr'><strong>Johannis‚</strong></span> <span class='ocrx_word' id='word_1_167' title='bbox 683 2864 734 2923; x_wconf 89' lang='lat' dir='ltr'><strong>dei</strong></span> <span class='ocrx_word' id='word_1_168' title='bbox 757 2872 787 2923; x_wconf 88' lang='lat' dir='ltr'><strong>et</strong></span> <span class='ocrx_word' id='word_1_169' title='bbox 810 2865 980 2940; x_wconf 89' lang='lat' dir='ltr'><strong>apostolice</strong></span> <span class='ocrx_word' id='word_1_170' title='bbox 1003 2865 1084 2924; x_wconf 89' lang='lat' dir='ltr'><strong>sedis</strong></span> <span class='ocrx_word' id='word_1_171' title='bbox 1108 2867 1212 2939; x_wconf 85' lang='lat' dir='ltr'><strong>gracia</strong></span> <span class='ocrx_word' id='word_1_172' title='bbox 1235 2867 1373 2939; x_wconf 92' lang='lat' dir='ltr'><strong>episcopi</strong></span> <span class='ocrx_word' id='word_1_173' title='bbox 1396 2882 1501 2939; x_wconf 82' lang='lat' dir='ltr'><strong>ragra-</strong></span> 
     </span>
     <span class='ocr_line' id='line_1_23' title="bbox 236 2969 1501 3046; baseline 0 -17"><span class='ocrx_word' id='word_1_174' title='bbox 236 2972 358 3043; x_wconf 89' lang='lat' dir='ltr'><strong>biensis,</strong></span> <span class='ocrx_word' id='word_1_175' title='bbox 382 2969 578 3029; x_wconf 90' lang='lat' dir='ltr'><strong>decretorum</strong></span> <span class='ocrx_word' id='word_1_176' title='bbox 601 2971 744 3042; x_wconf 92' lang='lat' dir='ltr'><strong>doctoris,</strong></span> <span class='ocrx_word' id='word_1_177' title='bbox 761 2973 792 3028; x_wconf 90' lang='lat' dir='ltr'><strong>in</strong></span> <span class='ocrx_word' id='word_1_178' title='bbox 807 2971 1024 3046; x_wconf 91' lang='lat' dir='ltr'><strong>spiritualibus</strong></span> <span class='ocrx_word' id='word_1_179' title='bbox 1041 2973 1201 3044; x_wconf 86' lang='lat' dir='ltr'><strong>generalis.</strong></span> <span class='ocrx_word' id='word_1_180' title='bbox 1219 2972 1378 3031; x_wconf 88' lang='lat' dir='ltr'><strong>Universis</strong></span> <span class='ocrx_word' id='word_1_181' title='bbox 1394 2978 1424 3029; x_wconf 94' lang='lat' dir='ltr'><strong>et</strong></span> <span class='ocrx_word' id='word_1_182' title='bbox 1439 2973 1501 3029; x_wconf 88' lang='lat' dir='ltr'><strong>sin·</strong></span> 
     </span>
     <span class='ocr_line' id='line_1_24' title="bbox 235 3077 1501 3152; baseline -0.001 -17"><span class='ocrx_word' id='word_1_183' title='bbox 235 3078 317 3151; x_wconf 87' lang='lat' dir='ltr'><strong>gulis</strong></span> <span class='ocrx_word' id='word_1_184' title='bbox 334 3084 489 3151; x_wconf 90' lang='lat' dir='ltr'><strong>presentes</strong></span> <span class='ocrx_word' id='word_1_185' title='bbox 505 3077 623 3135; x_wconf 88' lang='lat' dir='ltr'><strong>litteras</strong></span> <span class='ocrx_word' id='word_1_186' title='bbox 639 3077 821 3152; x_wconf 90' lang='lat' dir='ltr'><strong>inspecturis</strong></span> <span class='ocrx_word' id='word_1_187' title='bbox 838 3079 1017 3136; x_wconf 88' lang='lat' dir='ltr'><strong>salutemet</strong></span> <span class='ocrx_word' id='word_1_188' title='bbox 1033 3084 1174 3135; x_wconf 90' lang='lat' dir='ltr'><strong>mutuam</strong></span> <span class='ocrx_word' id='word_1_189' title='bbox 1190 3079 1221 3136; x_wconf 92' lang='lat' dir='ltr'><strong>in</strong></span> <span class='ocrx_word' id='word_1_190' title='bbox 1244 3078 1371 3136; x_wconf 90' lang='lat' dir='ltr'><strong>domino</strong></span> <span class='ocrx_word' id='word_1_191' title='bbox 1393 3078 1501 3136; x_wconf 89' lang='lat' dir='ltr'><strong>carita-</strong></span> 
     </span>
     <span class='ocr_line' id='line_1_25' title="bbox 235 3183 1500 3266; baseline 0.001 -25"><span class='ocrx_word' id='word_1_192' title='bbox 235 3193 305 3241; x_wconf 90' lang='lat' dir='ltr'><strong>tem.</strong></span> <span class='ocrx_word' id='word_1_193' title='bbox 322 3184 486 3253; x_wconf 83' lang='lat' dir='ltr'><strong>Noveritis‚</strong></span> <span class='ocrx_word' id='word_1_194' title='bbox 504 3183 673 3257; x_wconf 89' lang='lat' dir='ltr'><strong>quodlicet</strong></span> <span class='ocrx_word' id='word_1_195' title='bbox 688 3184 826 3257; x_wconf 84' lang='lat' dir='ltr'><strong>prefatus</strong></span> <span class='ocrx_word' id='word_1_196' title='bbox 842 3183 986 3241; x_wconf 92' lang='lat' dir='ltr'><strong>dominus</strong></span> <span class='ocrx_word' id='word_1_197' title='bbox 1001 3184 1157 3266; x_wconf 89' lang='lat' dir='ltr'><strong>Johannes</strong></span> <span class='ocrx_word' id='word_1_198' title='bbox 1173 3184 1345 3258; x_wconf 87' lang='lat' dir='ltr'><strong>episcopus,</strong></span> <span class='ocrx_word' id='word_1_199' title='bbox 1358 3183 1500 3255; x_wconf 91' lang='lat' dir='ltr'><strong>iudicem,</strong></span> 
     </span>
     <span class='ocr_line' id='line_1_26' title="bbox 235 3288 1499 3363; baseline -0.001 -16"><span class='ocrx_word' id='word_1_200' title='bbox 235 3291 351 3347; x_wconf 90' lang='lat' dir='ltr'><strong>iuratos</strong></span> <span class='ocrx_word' id='word_1_201' title='bbox 374 3296 404 3347; x_wconf 90' lang='lat' dir='ltr'><strong>et</strong></span> <span class='ocrx_word' id='word_1_202' title='bbox 427 3295 523 3346; x_wconf 92' lang='lat' dir='ltr'><strong>totam</strong></span> <span class='ocrx_word' id='word_1_203' title='bbox 546 3291 800 3347; x_wconf 89' lang='lat' dir='ltr'><strong>communitatem</strong></span> <span class='ocrx_word' id='word_1_204' title='bbox 816 3288 855 3347; x_wconf 90' lang='lat' dir='ltr'><strong>de</strong></span> <span class='ocrx_word' id='word_1_205' title='bbox 870 3296 976 3347; x_wconf 91' lang='lat' dir='ltr'><strong>monte</strong></span> <span class='ocrx_word' id='word_1_206' title='bbox 991 3289 1145 3360; x_wconf 88' lang='lat' dir='ltr'><strong>Grecensi,</strong></span> <span class='ocrx_word' id='word_1_207' title='bbox 1161 3290 1284 3347; x_wconf 88' lang='lat' dir='ltr'><strong>racione</strong></span> <span class='ocrx_word' id='word_1_208' title='bbox 1305 3296 1335 3346; x_wconf 90' lang='lat' dir='ltr'><strong>et</strong></span> <span class='ocrx_word' id='word_1_209' title='bbox 1358 3295 1499 3363; x_wconf 86' lang='lat' dir='ltr'><strong>pretextu</strong></span> 
     </span>
     <span class='ocr_line' id='line_1_27' title="bbox 235 3394 1500 3469; baseline 0 -16"><span class='ocrx_word' id='word_1_210' title='bbox 235 3397 401 3454; x_wconf 89' lang='lat' dir='ltr'><strong>domorum</strong></span> <span class='ocrx_word' id='word_1_211' title='bbox 424 3397 699 3468; x_wconf 88' lang='lat' dir='ltr'><strong>combustionibus,</strong></span> <span class='ocrx_word' id='word_1_212' title='bbox 723 3397 884 3454; x_wconf 90' lang='lat' dir='ltr'><strong>hominum</strong></span> <span class='ocrx_word' id='word_1_213' title='bbox 903 3396 1054 3453; x_wconf 88' lang='lat' dir='ltr'><strong>laicorum</strong></span> <span class='ocrx_word' id='word_1_214' title='bbox 1075 3394 1344 3453; x_wconf 83' lang='lat' dir='ltr'><strong>interteccionibus</strong></span> <span class='ocrx_word' id='word_1_215' title='bbox 1367 3401 1397 3453; x_wconf 91' lang='lat' dir='ltr'><strong>et</strong></span> <span class='ocrx_word' id='word_1_216' title='bbox 1418 3397 1500 3469; x_wconf 92' lang='lat' dir='ltr'><strong>ipso·</strong></span> 
     </span>
     <span class='ocr_line' id='line_1_28' title="bbox 235 3502 1501 3574; baseline 0 -14"><span class='ocrx_word' id='word_1_217' title='bbox 235 3519 305 3560; x_wconf 90' lang='lat' dir='ltr'><strong>rum</strong></span> <span class='ocrx_word' id='word_1_218' title='bbox 316 3503 600 3560; x_wconf 88' lang='lat' dir='ltr'><strong>werberacionibus</strong></span> <span class='ocrx_word' id='word_1_219' title='bbox 611 3509 642 3560; x_wconf 90' lang='lat' dir='ltr'><strong>et</strong></span> <span class='ocrx_word' id='word_1_220' title='bbox 656 3503 921 3574; x_wconf 88' lang='lat' dir='ltr'><strong>wlneracionibus‚</strong></span> <span class='ocrx_word' id='word_1_221' title='bbox 935 3503 1136 3560; x_wconf 86' lang='lat' dir='ltr'><strong>ecclesiarum</strong></span> <span class='ocrx_word' id='word_1_222' title='bbox 1149 3502 1382 3573; x_wconf 89' lang='lat' dir='ltr'><strong>violacionibus‚</strong></span> <span class='ocrx_word' id='word_1_223' title='bbox 1395 3518 1501 3560; x_wconf 89' lang='lat' dir='ltr'><strong>rerum</strong></span> 
     </span>
     <span class='ocr_line' id='line_1_29' title="bbox 234 3606 1500 3683; baseline 0.001 -18"><span class='ocrx_word' id='word_1_224' title='bbox 234 3616 264 3665; x_wconf 93' lang='lat' dir='ltr'><strong>et</strong></span> <span class='ocrx_word' id='word_1_225' title='bbox 285 3609 438 3666; x_wconf 90' lang='lat' dir='ltr'><strong>bonorum</strong></span> <span class='ocrx_word' id='word_1_226' title='bbox 454 3608 673 3666; x_wconf 85' lang='lat' dir='ltr'><strong>ablacionibus</strong></span> <span class='ocrx_word' id='word_1_227' title='bbox 683 3623 737 3666; x_wconf 91' lang='lat' dir='ltr'><strong>seu</strong></span> <span class='ocrx_word' id='word_1_228' title='bbox 753 3608 870 3682; x_wconf 90' lang='lat' dir='ltr'><strong>rapinis</strong></span> <span class='ocrx_word' id='word_1_229' title='bbox 886 3615 978 3682; x_wconf 89' lang='lat' dir='ltr'><strong>atque</strong></span> <span class='ocrx_word' id='word_1_230' title='bbox 995 3606 1083 3666; x_wconf 85' lang='lat' dir='ltr'><strong>factis</strong></span> <span class='ocrx_word' id='word_1_231' title='bbox 1099 3608 1275 3680; x_wconf 84' lang='lat' dir='ltr'><strong>sacrilegiis,</strong></span> <span class='ocrx_word' id='word_1_232' title='bbox 1295 3624 1413 3667; x_wconf 88' lang='lat' dir='ltr'><strong>necnon</strong></span> <span class='ocrx_word' id='word_1_233' title='bbox 1429 3609 1500 3683; x_wconf 93' lang='lat' dir='ltr'><strong>plu·</strong></span> 
     </span>
     <span class='ocr_line' id='line_1_30' title="bbox 233 3713 1499 3788; baseline 0.002 -17"><span class='ocrx_word' id='word_1_234' title='bbox 233 3715 387 3772; x_wconf 90' lang='lat' dir='ltr'><strong>rimorum</strong></span> <span class='ocrx_word' id='word_1_235' title='bbox 411 3714 566 3772; x_wconf 92' lang='lat' dir='ltr'><strong>malorum</strong></span> <span class='ocrx_word' id='word_1_236' title='bbox 590 3713 778 3771; x_wconf 82' lang='lat' dir='ltr'><strong>facinoribus</strong></span> <span class='ocrx_word' id='word_1_237' title='bbox 801 3715 881 3772; x_wconf 91' lang='lat' dir='ltr'><strong>inter</strong></span> <span class='ocrx_word' id='word_1_238' title='bbox 903 3713 1029 3773; x_wconf 89' lang='lat' dir='ltr'><strong>eosdem</strong></span> <span class='ocrx_word' id='word_1_239' title='bbox 1046 3713 1189 3784; x_wconf 90' lang='lat' dir='ltr'><strong>indicem,</strong></span> <span class='ocrx_word' id='word_1_240' title='bbox 1207 3715 1323 3772; x_wconf 90' lang='lat' dir='ltr'><strong>iuratos</strong></span> <span class='ocrx_word' id='word_1_241' title='bbox 1345 3720 1375 3772; x_wconf 90' lang='lat' dir='ltr'><strong>et</strong></span> <span class='ocrx_word' id='word_1_242' title='bbox 1399 3716 1499 3788; x_wconf 89' lang='lat' dir='ltr'><strong>ipsam</strong></span> 
     </span>
     <span class='ocr_line' id='line_1_31' title="bbox 234 3820 1499 3895; baseline 0.002 -18"><span class='ocrx_word' id='word_1_243' title='bbox 234 3821 487 3878; x_wconf 88' lang='lat' dir='ltr'><strong>communitatem</strong></span> <span class='ocrx_word' id='word_1_244' title='bbox 511 3821 551 3878; x_wconf 87' lang='lat' dir='ltr'><strong>ab</strong></span> <span class='ocrx_word' id='word_1_245' title='bbox 571 3836 640 3891; x_wconf 91' lang='lat' dir='ltr'><strong>una,</strong></span> <span class='ocrx_word' id='word_1_246' title='bbox 657 3825 745 3893; x_wconf 89' lang='lat' dir='ltr'><strong>parte</strong></span> <span class='ocrx_word' id='word_1_247' title='bbox 761 3836 836 3878; x_wconf 85' lang='lat' dir='ltr'><strong>vero</strong></span> <span class='ocrx_word' id='word_1_248' title='bbox 852 3821 893 3878; x_wconf 91' lang='lat' dir='ltr'><strong>ab</strong></span> <span class='ocrx_word' id='word_1_249' title='bbox 908 3820 1007 3878; x_wconf 89' lang='lat' dir='ltr'><strong>altera</strong></span> <span class='ocrx_word' id='word_1_250' title='bbox 1024 3821 1103 3878; x_wconf 89' lang='lat' dir='ltr'><strong>inter</strong></span> <span class='ocrx_word' id='word_1_251' title='bbox 1120 3821 1304 3878; x_wconf 91' lang='lat' dir='ltr'><strong>honorabile</strong></span> <span class='ocrx_word' id='word_1_252' title='bbox 1327 3821 1499 3895; x_wconf 90' lang='lat' dir='ltr'><strong>capitulum</strong></span> 
     </span>
     <span class='ocr_line' id='line_1_32' title="bbox 234 3924 1499 4010; baseline 0.002 -28"><span class='ocrx_word' id='word_1_253' title='bbox 234 3927 295 3983; x_wconf 93' lang='lat' dir='ltr'><strong>loci</strong></span> <span class='ocrx_word' id='word_1_254' title='bbox 318 3925 450 4000; x_wconf 90' lang='lat' dir='ltr'><strong>predicti</strong></span> <span class='ocrx_word' id='word_1_255' title='bbox 473 3932 502 3983; x_wconf 87' lang='lat' dir='ltr'><strong>et</strong></span> <span class='ocrx_word' id='word_1_256' title='bbox 525 3926 666 3984; x_wconf 89' lang='lat' dir='ltr'><strong>homines</strong></span> <span class='ocrx_word' id='word_1_257' title='bbox 688 3924 801 4000; x_wconf 84' lang='lat' dir='ltr'><strong>prefati</strong></span> <span class='ocrx_word' id='word_1_258' title='bbox 823 3924 941 3984; x_wconf 92' lang='lat' dir='ltr'><strong>domini</strong></span> <span class='ocrx_word' id='word_1_259' title='bbox 965 3927 1114 4010; x_wconf 88' lang='lat' dir='ltr'><strong>Johannis</strong></span> <span class='ocrx_word' id='word_1_260' title='bbox 1137 3927 1275 4000; x_wconf 90' lang='lat' dir='ltr'><strong>episcopi</strong></span> <span class='ocrx_word' id='word_1_261' title='bbox 1298 3935 1329 3984; x_wconf 87' lang='lat' dir='ltr'><strong>et</strong></span> <span class='ocrx_word' id='word_1_262' title='bbox 1351 3926 1426 3984; x_wconf 89' lang='lat' dir='ltr'><strong>dicti</strong></span> <span class='ocrx_word' id='word_1_263' title='bbox 1449 3943 1499 3984; x_wconf 94' lang='lat' dir='ltr'><strong>ca·</strong></span> 
     </span>
     <span class='ocr_line' id='line_1_33' title="bbox 234 4031 1500 4106; baseline 0.002 -18"><span class='ocrx_word' id='word_1_264' title='bbox 234 4032 327 4105; x_wconf 86' lang='lat' dir='ltr'><strong>pituli</strong></span> <span class='ocrx_word' id='word_1_265' title='bbox 350 4032 571 4105; x_wconf 91' lang='lat' dir='ltr'><strong>quoquomodo</strong></span> <span class='ocrx_word' id='word_1_266' title='bbox 595 4039 702 4090; x_wconf 89' lang='lat' dir='ltr'><strong>mutua</strong></span> <span class='ocrx_word' id='word_1_267' title='bbox 725 4032 936 4090; x_wconf 88' lang='lat' dir='ltr'><strong>vicissitudine</strong></span> <span class='ocrx_word' id='word_1_268' title='bbox 960 4031 1056 4103; x_wconf 85' lang='lat' dir='ltr'><strong>sactis,</strong></span> <span class='ocrx_word' id='word_1_269' title='bbox 1080 4032 1265 4106; x_wconf 88' lang='lat' dir='ltr'><strong>perpetratis</strong></span> <span class='ocrx_word' id='word_1_270' title='bbox 1281 4039 1311 4089; x_wconf 94' lang='lat' dir='ltr'><strong>et</strong></span> <span class='ocrx_word' id='word_1_271' title='bbox 1327 4034 1500 4091; x_wconf 89' lang='lat' dir='ltr'><strong>commissis</strong></span> 
     </span>
     <span class='ocr_line' id='line_1_34' title="bbox 234 4138 1500 4212; baseline 0.001 -17"><span class='ocrx_word' id='word_1_272' title='bbox 234 4140 387 4196; x_wconf 90' lang='lat' dir='ltr'><strong>sentencia</strong></span> <span class='ocrx_word' id='word_1_273' title='bbox 410 4139 740 4197; x_wconf 86' lang='lat' dir='ltr'><strong>excommunicacionis</strong></span> <span class='ocrx_word' id='word_1_274' title='bbox 764 4138 946 4207; x_wconf 75' lang='lat' dir='ltr'><strong>innodasset</strong></span> <span class='ocrx_word' id='word_1_275' title='bbox 977 4145 1071 4212; x_wconf 89' lang='lat' dir='ltr'><strong>prout</strong></span> <span class='ocrx_word' id='word_1_276' title='bbox 1100 4139 1131 4196; x_wconf 93' lang='lat' dir='ltr'><strong>in</strong></span> <span class='ocrx_word' id='word_1_277' title='bbox 1163 4139 1273 4196; x_wconf 88' lang='lat' dir='ltr'><strong>litteris</strong></span> <span class='ocrx_word' id='word_1_278' title='bbox 1293 4139 1500 4197; x_wconf 88' lang='lat' dir='ltr'><strong>sentenciona·</strong></span> 
     </span>
     <span class='ocr_line' id='line_1_35' title="bbox 234 4243 1500 4320; baseline 0.003 -20"><span class='ocrx_word' id='word_1_279' title='bbox 234 4243 317 4301; x_wconf 91' lang='lat' dir='ltr'><strong>libus</strong></span> <span class='ocrx_word' id='word_1_280' title='bbox 340 4244 437 4317; x_wconf 91' lang='lat' dir='ltr'><strong>ipsius</strong></span> <span class='ocrx_word' id='word_1_281' title='bbox 460 4243 577 4301; x_wconf 92' lang='lat' dir='ltr'><strong>domini</strong></span> <span class='ocrx_word' id='word_1_282' title='bbox 600 4244 738 4317; x_wconf 90' lang='lat' dir='ltr'><strong>episcopi</strong></span> <span class='ocrx_word' id='word_1_283' title='bbox 759 4244 920 4318; x_wconf 87' lang='lat' dir='ltr'><strong>limpidius</strong></span> <span class='ocrx_word' id='word_1_284' title='bbox 944 4244 1123 4316; x_wconf 81' lang='lat' dir='ltr'><strong>continetur,</strong></span> <span class='ocrx_word' id='word_1_285' title='bbox 1140 4251 1170 4302; x_wconf 91' lang='lat' dir='ltr'><strong>et</strong></span> <span class='ocrx_word' id='word_1_286' title='bbox 1185 4244 1310 4302; x_wconf 83' lang='lat' dir='ltr'><strong>tandem</strong></span> <span class='ocrx_word' id='word_1_287' title='bbox 1325 4246 1415 4303; x_wconf 91' lang='lat' dir='ltr'><strong>nobis</strong></span> <span class='ocrx_word' id='word_1_288' title='bbox 1430 4263 1500 4320; x_wconf 88' lang='lat' dir='ltr'><strong>pre·</strong></span> 
     </span>
     <span class='ocr_line' id='line_1_36' title="bbox 234 4349 1500 4425; baseline 0.003 -19"><span class='ocrx_word' id='word_1_289' title='bbox 234 4349 331 4407; x_wconf 87' lang='lat' dir='ltr'><strong>fatam</strong></span> <span class='ocrx_word' id='word_1_290' title='bbox 354 4351 606 4407; x_wconf 90' lang='lat' dir='ltr'><strong>communitatem</strong></span> <span class='ocrx_word' id='word_1_291' title='bbox 629 4351 929 4409; x_wconf 84' lang='lat' dir='ltr'><strong>excommunicatam</strong></span> <span class='ocrx_word' id='word_1_292' title='bbox 951 4349 1019 4408; x_wconf 86' lang='lat' dir='ltr'><strong>fore</strong></span> <span class='ocrx_word' id='word_1_293' title='bbox 1041 4351 1240 4425; x_wconf 91' lang='lat' dir='ltr'><strong>pronunciari</strong></span> <span class='ocrx_word' id='word_1_294' title='bbox 1267 4351 1443 4410; x_wconf 84' lang='lat' dir='ltr'><strong>mandasset</strong></span> <span class='ocrx_word' id='word_1_295' title='bbox 1469 4359 1500 4411; x_wconf 92' lang='lat' dir='ltr'><strong>et</strong></span> 
     </span>
     <span class='ocr_line' id='line_1_37' title="bbox 234 4455 1499 4531; baseline 0.003 -19"><span class='ocrx_word' id='word_1_296' title='bbox 234 4456 335 4529; x_wconf 87' lang='lat' dir='ltr'><strong>ipsam</strong></span> <span class='ocrx_word' id='word_1_297' title='bbox 358 4457 514 4514; x_wconf 85' lang='lat' dir='ltr'><strong>civitatem</strong></span> <span class='ocrx_word' id='word_1_298' title='bbox 538 4458 652 4515; x_wconf 91' lang='lat' dir='ltr'><strong>montis</strong></span> <span class='ocrx_word' id='word_1_299' title='bbox 675 4456 837 4515; x_wconf 90' lang='lat' dir='ltr'><strong>Grecensis</strong></span> <span class='ocrx_word' id='word_1_300' title='bbox 860 4455 1023 4514; x_wconf 90' lang='lat' dir='ltr'><strong>interdicto</strong></span> <span class='ocrx_word' id='word_1_301' title='bbox 1045 4457 1252 4515; x_wconf 89' lang='lat' dir='ltr'><strong>ecclesiastico</strong></span> <span class='ocrx_word' id='word_1_302' title='bbox 1279 4456 1499 4531; x_wconf 91' lang='lat' dir='ltr'><strong>subposuisset.</strong></span> 
     </span>
     <span class='ocr_line' id='line_1_38' title="bbox 234 4561 1500 4636; baseline 0.003 -18"><span class='ocrx_word' id='word_1_303' title='bbox 234 4561 360 4633; x_wconf 89' lang='lat' dir='ltr'><strong>Tamen,</strong></span> <span class='ocrx_word' id='word_1_304' title='bbox 384 4577 440 4619; x_wconf 91' lang='lat' dir='ltr'><strong>nos</strong></span> <span class='ocrx_word' id='word_1_305' title='bbox 463 4563 690 4621; x_wconf 89' lang='lat' dir='ltr'><strong>considerantes</strong></span> <span class='ocrx_word' id='word_1_306' title='bbox 713 4561 888 4636; x_wconf 90' lang='lat' dir='ltr'><strong>periculum</strong></span> <span class='ocrx_word' id='word_1_307' title='bbox 918 4563 1092 4620; x_wconf 89' lang='lat' dir='ltr'><strong>animarum</strong></span> <span class='ocrx_word' id='word_1_308' title='bbox 1115 4568 1145 4619; x_wconf 89' lang='lat' dir='ltr'><strong>et</strong></span> <span class='ocrx_word' id='word_1_309' title='bbox 1167 4562 1243 4636; x_wconf 90' lang='lat' dir='ltr'><strong>ipsis</strong></span> <span class='ocrx_word' id='word_1_310' title='bbox 1266 4563 1414 4636; x_wconf 91' lang='lat' dir='ltr'><strong>periculis</strong></span> <span class='ocrx_word' id='word_1_311' title='bbox 1435 4564 1500 4622; x_wconf 89' lang='lat' dir='ltr'><strong>ani·</strong></span> 
     </span>
     <span class='ocr_line' id='line_1_39' title="bbox 234 4668 1500 4742; baseline 0.003 -18"><span class='ocrx_word' id='word_1_312' title='bbox 234 4683 357 4725; x_wconf 90' lang='lat' dir='ltr'><strong>marum</strong></span> <span class='ocrx_word' id='word_1_313' title='bbox 383 4669 521 4726; x_wconf 87' lang='lat' dir='ltr'><strong>volentes</strong></span> <span class='ocrx_word' id='word_1_314' title='bbox 544 4670 680 4741; x_wconf 90' lang='lat' dir='ltr'><strong>obviare,</strong></span> <span class='ocrx_word' id='word_1_315' title='bbox 703 4669 882 4729; x_wconf 87' lang='lat' dir='ltr'><strong>reverendis</strong></span> <span class='ocrx_word' id='word_1_316' title='bbox 905 4669 937 4726; x_wconf 93' lang='lat' dir='ltr'><strong>in</strong></span> <span class='ocrx_word' id='word_1_317' title='bbox 960 4668 1084 4727; x_wconf 86' lang='lat' dir='ltr'><strong>Christo</strong></span> <span class='ocrx_word' id='word_1_318' title='bbox 1100 4669 1250 4742; x_wconf 87' lang='lat' dir='ltr'><strong>patribus,</strong></span> <span class='ocrx_word' id='word_1_319' title='bbox 1266 4669 1410 4740; x_wconf 86' lang='lat' dir='ltr'><strong>dominis,</strong></span> <span class='ocrx_word' id='word_1_320' title='bbox 1426 4669 1500 4728; x_wconf 90' lang='lat' dir='ltr'><strong>Bar-</strong></span> 
     </span>
     <span class='ocr_line' id='line_1_40' title="bbox 235 4774 1501 4851; baseline 0.004 -20"><span class='ocrx_word' id='word_1_321' title='bbox 235 4775 348 4843; x_wconf 90' lang='lat' dir='ltr'><strong>tuchio‚</strong></span> <span class='ocrx_word' id='word_1_322' title='bbox 372 4775 482 4833; x_wconf 87' lang='lat' dir='ltr'><strong>eadem</strong></span> <span class='ocrx_word' id='word_1_323' title='bbox 504 4775 554 4834; x_wconf 87' lang='lat' dir='ltr'><strong>dei</strong></span> <span class='ocrx_word' id='word_1_324' title='bbox 577 4783 607 4832; x_wconf 89' lang='lat' dir='ltr'><strong>et</strong></span> <span class='ocrx_word' id='word_1_325' title='bbox 623 4776 792 4850; x_wconf 87' lang='lat' dir='ltr'><strong>apostolice</strong></span> <span class='ocrx_word' id='word_1_326' title='bbox 807 4774 888 4835; x_wconf 88' lang='lat' dir='ltr'><strong>sedis</strong></span> <span class='ocrx_word' id='word_1_327' title='bbox 903 4776 1007 4850; x_wconf 77' lang='lat' dir='ltr'><strong>gracia</strong></span> <span class='ocrx_word' id='word_1_328' title='bbox 1022 4776 1255 4851; x_wconf 88' lang='lat' dir='ltr'><strong>archiepiscopo</strong></span> <span class='ocrx_word' id='word_1_329' title='bbox 1270 4776 1366 4835; x_wconf 90' lang='lat' dir='ltr'><strong>sancti</strong></span> <span class='ocrx_word' id='word_1_330' title='bbox 1381 4774 1501 4836; x_wconf 74' lang='lat' dir='ltr'><strong>&#39;thadei</strong></span> 
     </span>
    </p>
   </div>
   <div class='ocr_carea' id='block_1_8' title="bbox 0 0 1748 5242">
    <p class='ocr_par' dir='ltr' id='par_1_8' title="bbox 0 0 1748 5242">
     <span class='ocr_line' id='line_1_41' title="bbox 0 0 1748 5242; baseline 0 0"><span class='ocrx_word' id='word_1_331' title='bbox 0 0 1748 5242; x_wconf 95' lang='lat' dir='ltr'><strong> </strong></span> 
     </span>
    </p>
   </div>
  </div>
 </body>
</html>
