3488 5242
617 321 690 378 Dee.
708 314 785 396 358.
802 331 878 395 359.
906 352 941 362 -
968 318 1135 396 An.1392.

829 513 915 578 358.

348 605 424 650 Anno
447 611 521 664 1392,
540 610 562 659 3.
583 600 721 649 februarii.

250 729 408 786 Conventus
431 729 598 784 nioieosterii
615 747 636 786 s.
662 728 792 785 Aeln'om'
811 727 845 783 de
869 727 955 797 Zalo,
980 726 1161 800 Segismundo
1184 727 1361 800 Hungoriae
1382 736 1429 785 ete.
1446 731 1510 801 regi

242 836 379 904 rescribit,
403 835 600 907 investigando
623 836 777 903 rescivisse,
799 834 878 907 quod
895 834 1051 909 Joliaienes
1073 835 1153 907 episc.
1176 834 1293 905 zagrob.
1316 843 1416 890 contra
1439 835 1506 891 tioi-

511 948 596 997 tatem
626 940 812 997 Grecieensem
836 949 893 996 tres
915 939 1084 996 bombardae
1107 940 1235 996 emiserit.

330 1104 598 1161 Excellentissimo
626 1104 759 1176 principi
792 1102 918 1159 domino
949 1101 1156 1174 sigismundo
1189 1100 1237 1158 dei
1269 1102 1372 1172 gracia
1400 1102 1506 1158 inclito

240 1214 306 1284 regi
330 1211 496 1284 Hungarie,
520 1209 689 1278 Dalmacie‚
714 1209 862 1265 Chroacie
886 1214 949 1277 etc,
973 1224 1007 1264 ac
1032 1208 1202 1264 marchioni
1220 1207 1506 1278 Brandenburgensi

241 1325 305 1388 etc,
330 1316 456 1375 domino
481 1318 630 1389 ipsorum,
654 1321 821 1372 conventus
845 1315 1022 1371 monasterii
1052 1314 1133 1370 beati
1157 1313 1283 1370 Adriani
1309 1314 1444 1370 martiris
1468 1313 1506 1370 de

241 1424 323 1493 lala,
347 1423 505 1480 oraciones
528 1423 557 1478 in
582 1421 708 1478 domino
730 1420 857 1490 debitas,
876 1419 1013 1477 assiduas
1033 1436 1068 1476 ac
1092 1419 1227 1475 devotas.
1252 1420 1362 1476 Vestra
1385 1421 1505 1477 noverit

243 1531 420 1587 sublimitas
437 1544 491 1585 nos
508 1529 625 1585 litteras
648 1536 749 1583 vestre
773 1526 940 1583 maiestatis
957 1527 1046 1582 nobis
1063 1526 1194 1583 directas
1210 1542 1334 1582 summo
1356 1542 1427 1582 cum
1451 1527 1505 1583 ho·

240 1651 314 1693 nore
336 1635 488 1708 recepisse
512 1635 542 1691 in
566 1634 621 1690 hec
639 1634 749 1690 verba:
768 1630 841 1710 (vid,
858 1650 901 1690 nr.
921 1648 992 1704 355,
1016 1649 1062 1690 an.
1091 1649 1181 1707 1392,
1208 1633 1233 1689 8.
1249 1625 1400 1709 januarii).
1416 1632 1505 1690 Unde

239 1759 294 1800 nos
319 1740 472 1798 mandatis·
495 1746 595 1796 vestre
619 1741 789 1797 serenitatis
814 1740 842 1796 in
867 1739 1013 1797 omnibus
1036 1739 1163 1796 obedire
1184 1741 1349 1810 cupientes,
1367 1746 1400 1795 ut
1424 1747 1505 1796 tene·

238 1866 317 1918 mur,
340 1863 472 1905 unacum
498 1845 617 1918 prelato
650 1846 747 1915 Petro,
779 1845 845 1902 filio
876 1844 1024 1919 Stephani
1059 1846 1096 1902 de
1128 1845 1354 1916 Zauamelleke,
1379 1847 1503 1903 homine

239 1962 339 2011 vestre
363 1953 539 2022 maiestatis,
563 1958 702 2008 nostrum
727 1951 893 2021 hominem,
918 1951 1063 2008 videlicet
1079 1950 1205 2008 fratrem
1225 1951 1381 2008 Andream
1405 1967 1504 2008 sacer·

238 2061 351 2129 dotem,
376 2074 469 2116 unum
495 2075 531 2114 ex
556 2058 646 2114 nobis
669 2057 706 2113 ad
733 2058 884 2131 premissa
909 2057 1053 2114 mandata
1071 2065 1173 2114 vestra
1196 2058 1375 2129 exequenda
1398 2066 1504 2115 nostro

239 2182 297 2240 pro
321 2166 497 2222 testimonio
521 2164 668 2221 duximus
691 2162 916 2234 destinandum,
941 2164 995 2236 qui
1026 2164 1152 2220 demum
1184 2162 1223 2219 ad
1247 2180 1302 2220 nos
1325 2164 1435 2220 exinde
1458 2180 1504 2220 re-

237 2273 319 2330 versi
343 2272 433 2329 nobis
457 2268 650 2327 concorditer
674 2270 853 2338 retulerunt,
879 2270 960 2342 quod
987 2269 1067 2327 idem
1093 2271 1186 2327 homo
1211 2278 1312 2327 vestre
1336 2270 1504 2328 maiestatis

237 2386 379 2452 presente
403 2378 575 2450 prescripto
609 2384 712 2433 nostro
743 2376 927 2447 testimonio,
960 2378 1090 2433 sabbato
1113 2378 1256 2449 proximo
1286 2386 1355 2434 ante
1391 2376 1503 2434 festum

237 2484 465 2558 purificacionis
491 2484 580 2540 beate
603 2482 733 2553 virginis
762 2482 905 2555 proxime
937 2483 1119 2555 preteritum
1152 2484 1191 2539 ab
1223 2483 1367 2541 omnibus
1390 2483 1504 2556 quibus

237 2590 389 2647 decuisset
412 2596 442 2646 et
465 2588 609 2659 licuisset,
633 2588 793 2645 nobilibus
817 2587 962 2646 videlicet
993 2595 1023 2645 et
1054 2589 1252 2660 ignobilibus,
1277 2590 1396 2646 clericis
1419 2590 1504 2648 simi-

236 2698 308 2753 liter
330 2705 360 2753 et
384 2695 480 2767 laycis
503 2695 667 2751 comitatus
689 2694 895 2765 zagrabiensis
919 2694 1097 2751 hominibus
1121 2695 1226 2767 palam
1251 2702 1279 2752 et
1304 2696 1405 2751 oculte
1434 2695 1504 2753 dili·

236 2800 586 2876 gente1·investigando‚
610 2801 761 2874 premissa
785 2799 865 2857 facta
888 2798 981 2857 fuisse
1012 2800 1055 2857 sic
1086 2797 1247 2858 scivissent
1269 2808 1362 2873 prout
1386 2801 1502 2859 dictum

236 2909 336 2966 extitit
360 2913 461 2964 vestre
486 2907 638 2963 maiestati
661 2907 777 2963 Datum
801 2913 910 2963 octavo
934 2905 983 2962 die
1008 2905 1068 2962 diei
1092 2907 1301 2978 inquisicionis
1335 2915 1502 2979 prenotate.

236 3016 325 3071 Anno
349 3013 466 3070 domini
491 3012 676 3085 supradicto.

328 3147 468 3212 (lriginale
497 3148 523 3196 in
553 3148 650 3205 charta,
679 3164 694 3197 a
724 3153 798 3213 tergo
827 3149 967 3214 vestigium
988 3149 1109 3213 impressi
1134 3150 1225 3214 sigilli.
1253 3151 1282 3199 In
1303 3151 1400 3200 archiv.
1421 3153 1501 3201 Acad.

240 3236 334 3287 Scient.
359 3236 427 3286 slav.
448 3236 540 3284 merirl.

825 3432 911 3497 359.

342 3595 415 3641 Anno
439 3601 512 3653 1392,
536 3592 572 3639 18.
595 3589 730 3639 februarii.
756 3590 1006 3653 Quinqueecclesiis.

237 3738 407 3810 Rudolpleus
415 3738 595 3811 praepositus
608 3745 635 3793 et
648 3739 803 3810 9911191991
821 3740 882 3795 eccl.
898 3741 1198 3812 que'nqreeecclesieoisis,
1210 3744 1366 3818 eeipitnlum
1382 3744 1501 3815 zograb.

235 3853 335 3900 eontra
359 3845 519 3916 1919119919
536 3844 705 3919 solennem
729 3845 762 3901 de
784 3849 926 3918 occupetis
948 3847 1060 3903 deeirm's
1075 3856 1102 3903 et
1119 3848 1264 3920 <slipitibus
1273 3848 1501 3920 possessionibus

582 3950 772 4007 inreverentem
789 3955 978 4023 praestitisse,
1003 3961 1150 4010 testentur.

325 4110 509 4185 liudolphus
542 4113 718 4185 prepositus
745 4124 774 4170 et
801 4116 972 4187 capitulum
1007 4116 1133 4173 ecclesie
1164 4118 1500 4190 quinqueccclesiensis

235 4216 387 4273 Omnibus
420 4217 534 4274 Christi
566 4218 720 4288 fidelibus
754 4222 947 4291 presentibus
980 4224 1094 4295 pariter
1117 4231 1146 4279 et
1170 4223 1282 4281 futuris
1306 4225 1499 4296 presencium

235 4322 381 4378 noticiam
414 4323 565 4379 habituris
595 4323 725 4380 salutem
750 4327 778 4382 in
803 4326 910 4384 salutis
935 4323 1101 4405 (largitore.
1126 4329 1174 4386 Ad
1198 4324 1354 4405 noticiam)
1379 4330 1500 4387 univer·

236 4442 341 4482 sorum
370 4429 480 4484 harum
512 4429 589 4485 serie
613 4430 760 4487 volumus
783 4433 953 4504 pervenire,
979 4432 1061 4506 quod
1086 4449 1141 4490 nos
1164 4435 1283 4491 litteras
1308 4436 1499 4493 honorabilis

236 4540 266 4588 et
290 4531 414 4589 discreti
437 4534 496 4590 viri
520 4533 638 4592 domini
663 4537 777 4594 hlathie
801 4541 952 4610 prepositi
969 4541 1096 4596 ecclesie
1113 4541 1301 4598 chasmensis
1318 4550 1346 4598 et
1363 4542 1499 4598 canonici

237 4638 420 4711 prebendati
444 4641 571 4697 ecclesie
595 4643 810 4715 zagrabiensis,
838 4645 1009 4716 arbitrique
1034 4652 1064 4701 et
1086 4646 1260 4703 amicabilis
1283 4648 1500 4719 compositoris

236 4743 316 4800 inter
339 4752 444 4817 partes
466 4744 685 4821 infrascriptas‚
708 4749 825 4807 honore
849 4765 911 4823 quo
934 4750 1037 4807 decuit
1059 4751 1089 4808 in
1113 4752 1169 4808 hec
1192 4753 1288 4809 verba
1309 4754 1499 4827 recepimus:
