3488 5242
237 314 277 388 96
653 313 813 369 Doc.112.
842 345 877 354 -
904 312 959 370 An.
984 327 1072 388 1320.

236 523 298 578 sue,
322 514 356 565 ut
379 513 531 583 oportuna
565 509 695 580 singulis
718 509 904 581 provisionis
926 510 1041 567 auxilia
1063 508 1166 568 fidelis
1188 510 1345 567 servitutis
1369 511 1502 569 iniuncte

236 614 400 687 prudentia
423 631 481 689 pro
505 621 644 690 tempore
673 615 885 689 dispensantes
909 630 1017 672 eorum
1041 616 1272 673 necessitatibus
1296 615 1501 687 intendamus,

236 737 434 779 occurramus
458 721 636 795 dispendiis,
660 723 806 794 ipsosque
828 737 846 778 a
870 721 1105 794 depressoribus
1128 722 1293 779 elevemus.
1318 722 1395 779 Sane
1412 738 1503 780 vene·

236 828 344 884 rabilis
368 827 472 885 fratris
496 829 591 885 nostri
616 820 805 905 (Augustini)
831 828 970 900 episcopi
995 833 1024 884 et
1048 827 1232 885 dilectorum
1257 827 1394 885 liliorum
1419 829 1503 901 capi-

236 934 293 990 tuli
323 934 528 1006 zagrabiensis
559 934 776 1006 conquestione
812 934 1019 1008 percepimus,
1051 932 1133 1006 quod
1165 934 1305 991 nonnulli
1337 933 1440 990 clerici
1472 940 1501 990 et

236 1040 439 1098 ecclesiastice
464 1055 594 1113 persone
618 1046 680 1096 tam
712 1039 857 1111 religiose
881 1053 975 1111 quam
1000 1039 1161 1108 seculares,
1186 1054 1302 1096 necnon
1327 1038 1428 1109 duces,
1452 1054 1502 1096 co-

238 1148 336 1216 mites
370 1147 508 1216 barones,
539 1145 690 1214 advocati,
723 1145 845 1215 milites,
876 1144 997 1201 nobiles
1028 1150 1057 1201 et
1087 1144 1302 1201 universitates
1331 1145 1500 1213 civitatum,

236 1259 417 1318 castrorum,
450 1250 648 1325 oppidorum,
681 1251 827 1307 villarum
860 1249 966 1306 etalii
991 1250 1060 1307 laici
1084 1250 1290 1322 zagrabiensis
1315 1251 1500 1330 civitatistet

236 1357 366 1415 diocesis
389 1364 418 1414 et
442 1358 577 1430 partium
602 1357 772 1414 vicinarum
796 1362 1026 1430 occupaverunt
1042 1363 1071 1412 et
1087 1356 1232 1429 occupari
1249 1354 1385 1412 fecerunt
1407 1357 1502 1413 eccle·

237 1463 306 1534 sias,
322 1463 468 1532 dominia,
486 1469 593 1532 castra,
611 1468 716 1531 terras,
734 1461 834 1531 villas,
852 1462 966 1529 vineas,
984 1462 1200 1535 possessiones,
1218 1461 1357 1535 pedagia,
1371 1477 1501 1528 mansos,

237 1567 428 1638 molendina,
452 1567 591 1625 redditus
615 1574 645 1623 et
667 1574 845 1640 proventus,
869 1569 945 1637 iura,
969 1567 1198 1625 iurisdicciones
1219 1583 1255 1624 ac
1278 1568 1425 1624 nonnulla
1442 1568 1503 1624 alia

238 1674 319 1732 bona
349 1673 524 1731 immobilia
555 1680 585 1731 et
616 1673 744 1730 mobiiia
775 1673 813 1729 ad
846 1688 898 1729 eos
925 1680 954 1730 et
974 1673 1140 1731 ecclesiam
1164 1674 1394 1745 zagrabiensem
1416 1690 1503 1747 spec·

238 1781 332 1838 tantia
356 1786 385 1837 et
408 1796 444 1837 ea
466 1780 602 1838 detinent
625 1785 782 1860 occupata,
806 1794 859 1836 seu
884 1778 1061 1836 huiusmodi
1080 1779 1319 1852 occupatoribus
1343 1784 1371 1836 et
1396 1779 1500 1836 deten-

238 1887 358 1944 toribus
390 1892 526 1958 prestant
556 1886 707 1943 auxilium
742 1894 771 1942 et
803 1885 951 1944 favorem.
983 1886 1111 1942 clericos
1142 1899 1265 1958 quoque
1295 1901 1331 1941 ac
1358 1886 1502 1946 vasallos.

237 1993 377 2050 homines
401 2001 430 2049 et
454 1993 579 2050 colonos
603 1993 632 2049 in
659 1992 757 2062 terris
782 1991 865 2063 locis,
892 1991 929 2048 ad
948 1993 1031 2064 ipsos
1047 1997 1076 2048 et
1100 1990 1229 2048 eandem
1252 1991 1413 2048 ecclesiam
1434 2007 1503 2064 per·

237 2100 405 2161 tinentibus
435 2099 642 2168 consistentes,
667 2097 823 2162 invadere,
855 2097 1034 2170 interficere.
1066 2113 1176 2170 capere
1198 2103 1227 2154 et
1251 2099 1366 2155 carceri
1389 2098 1503 2154 manci-

237 2221 312 2278 pare
336 2221 371 2262 ac
394 2206 486 2262 etiam
511 2204 655 2275 detinere,
679 2204 817 2276 aliasque
842 2205 925 2277 ipsos
953 2205 1118 2275 quominus
1143 2211 1246 2273 terras
1271 2209 1355 2260 ortos
1379 2209 1409 2261 et
1431 2219 1502 2276 pos-

237 2313 386 2369 sessiones
410 2326 518 2369 eorum
541 2312 681 2368 excolere
708 2311 845 2367 valerent
862 2309 1001 2382 inpedire
1025 2325 1059 2366 ac
1083 2310 1273 2383 perturbare.
1290 2309 1393 2381 Equos
1409 2310 1502 2369 etiam

239 2418 335 2475 boves
365 2424 395 2474 et
426 2417 574 2474 nonnulla
605 2417 667 2473 ulia
698 2432 753 2473 sua
784 2423 814 2473 et
845 2416 1006 2473 hominum
1040 2422 1068 2472 et
1100 2415 1291 2472 vasallorum
1315 2417 1345 2473 in
1373 2415 1502 2488 predam

237 2523 377 2592 educere,
402 2540 437 2579 ac
460 2523 569 2580 domos
593 2517 758 2599 (ipsorum)
775 2521 914 2579 incendio
932 2537 1127 2579 concremare
1148 2528 1329 2595 presumunt
1353 2521 1503 2578 nonnulla

238 2645 361 2702 quoque
385 2675 664 2687 ..........
681 2622 855 2704 (Nonnulli)
872 2642 995 2699 quoque
1022 2628 1153 2684 barones
1176 2632 1204 2683 ct
1228 2628 1357 2685 nobiles.
1381 2627 1503 2683 univer-

237 2736 341 2792 sitates
364 2743 393 2792 et
417 2735 588 2806 singulares
612 2749 742 2807 persone
766 2734 900 2808 partium
927 2732 1146 2806 predictarum,
1170 2734 1224 2805 qui
1248 2749 1360 2790 nomen
1384 2732 1503 2789 domini

237 2842 267 2898 in
299 2856 429 2897 vacuum
453 2842 591 2913 recipere
626 2855 686 2897 non
711 2838 878 2896 t'ormidant
915 2839 1030 2895 eisdem
1064 2839 1211 2911 episcopo
1242 2846 1271 2895 et
1301 2840 1437 2912 capitulo
1473 2839 1503 2895 in

238 2946 384 3014 ecclesiis,
408 2947 524 3015 castris
556 2945 710 3005 dominiis.
741 2945 838 3009 terris,
868 2944 960 3011 villis,
985 2946 1237 3017 possessionibus,
1263 2944 1411 3018 pedagiis,
1435 2944 1503 3001 red-

238 3051 364 3122 ditibus,
396 3052 523 3122 iuribuS,
550 3050 812 3108 iurisdictionibus
843 3057 871 3106 et
904 3051 996 3106 rebus
1031 3050 1100 3106 aliis
1123 3050 1160 3106 ad
1186 3050 1310 3108 eosdem
1335 3060 1364 3107 et
1388 3051 1503 3107 dictam

239 3158 400 3214 ecclesiam
425 3157 655 3228 zagrabiensem
690 3156 900 3229 spectantibus
924 3156 1112 3228 multiplices
1136 3156 1293 3212 molestias
1317 3156 1449 3213 inierunt
1474 3163 1503 3213 et

238 3265 378 3320 iacturas.
411 3266 513 3335 Quare
545 3264 634 3319 nobis
666 3262 740 3319 dicti
762 3263 926 3335 episcopus
951 3268 979 3317 et
1003 3263 1175 3334 capitulum
1200 3262 1361 3319 humiliter
1385 3265 1503 3335 suppli·

239 3376 355 3428 carunt.
386 3378 420 3424 ut
451 3384 521 3424 cum
555 3368 646 3424 valde
677 3366 806 3424 dit'ficile
836 3362 882 3444 (ut
906 3383 999 3439 supra
1023 3383 1067 3423 nr.
1096 3384 1164 3434 101,
1189 3382 1234 3423 an.
1264 3383 1355 3441 ¹314·
1382 3384 1428 3423 ει.
1452 3368 1504 3425 de·

238 3468 393 3548 cembris.)
417 3474 532 3530 Datum
567 3474 724 3532 Auinione.
749 3471 888 3530 kalendis
917 3473 1059 3529 octobris.
1085 3472 1283 3530 Pontificatus
1306 3475 1402 3530 nostri
1424 3489 1504 3530 anno

239 3583 356 3651 quarto

328 3696 467 3758 originale
488 3696 513 3744 in
534 3697 691 3751 membrana,
713 3697 784 3745 bulla
805 3696 940 3759 pontificia
960 3698 1057 3745 avulsa.
1079 3698 1100 3744 Α
1122 3703 1197 3759 tergo
1216 3696 1267 3745 alia
1289 3712 1380 3745 manu:
1401 3698 1499 3745 Execu-

240 3793 327 3834 tores:
347 3785 428 3834 abbas
454 3801 472 3832 s.
501 3785 583 3833 Marie
610 3786 641 3832 de
667 3784 786 3848 Toplica,
818 3783 995 3848 zagrabiensis
1019 3784 1151 3849 dyocesim
1180 3784 1261 3832 abbas
1281 3783 1360 3832 t'ontis
1380 3805 1397 3833 s.
1419 3785 1501 3832 liarie

239 3887 323 3936 prope
344 3872 520 3927 Lanthstross‚
547 3872 736 3935 aquilegiensis
762 3872 894 3937 dyot·esis;
921 3872 1071 3936 prepositus
1091 3889 1108 3919 s.
1129 3872 1212 3920 Mar-ie
1233 3874 1265 3919 de
1285 3874 1443 3934 tiloguncza¹
1464 3887 1503 3920 ca-

239 3960 347 4009 nonicus
372 3960 605 4024 jerosolimitanus,
631 3959 809 4022 zagrabieusis
834 3959 960 4025 dyocesis.
982 3959 1012 4007 In
1031 3960 1100 4007 arch.
1122 3976 1176 4008 ven,
1198 3976 1253 4023 cap.
1274 3961 1377 4021 zagrab.
1399 3959 1458 4008 t'asc.
1483 3970 1501 4007 1.

239 4066 276 4098 nr.
300 4061 341 4109 42.

834 4243 909 4309 112.

348 4405 423 4451 Anuo
446 4411 518 4459 1320.
541 4409 561 4455 7.
582 4401 706 4450 octobris.
727 4401 864 4452 Arinione.

328 4551 475 4621 Magistro
500 4553 630 4608 Martino
655 4551 795 4616 Mathiae‚
822 4550 1038 4608 archidiacono
1062 4550 1100 4606 de
1126 4551 1223 4607 Vasca
1246 4552 1276 4607 in
1301 4551 1427 4608 ecclesia
1451 4567 1499 4607 za·

238 4657 393 4731 grabiensi
423 4655 461 4712 de
484 4656 732 4713 archidiaconatu
758 4657 901 4714 Vascensi
929 4672 984 4729 per
1008 4661 1140 4713 mortem
1163 4656 1310 4738 johannis
1333 4656 1371 4712 de
1394 4656 1497 4726 Regio,

239 4763 344 4821 clerici
359 4776 497 4819 camerae
517 4762 704 4834 apostolicae
720 4768 750 4818 et
765 4763 936 4837 praepositi
958 4761 1105 4823 ecclesiae
1125 4760 1306 4824 Parmensis,
1323 4777 1341 4818 a
1356 4761 1502 4835 pontifice
