3488 5242
1189 436 1278 441 --..
1336 436 1344 441 -
1374 436 1509 443 -.u-.—

246 348 305 407 ¹90
662 332 735 388 Dor.
760 344 824 387 211.
851 363 891 372 -
916 329 971 388 An.
998 340 1083 407 1347.
1234 292 1236 301 .

182 506 186 514 ⁸
241 526 444 597 sideracione,
478 528 671 585 honorabilis
706 528 756 585 vir
792 527 936 585 dominus
971 527 1140 610 Johannes,
1177 520 1433 604 (archidiaconus)
1472 527 1510 584 de

242 631 393 704 Guerche,
415 640 519 691 noster
542 635 774 703 concanonicus,
795 633 832 690 ad
850 633 1063 706 ampliandam
1078 634 1211 706 gloriam
1228 633 1366 690 eiusdem
1390 632 1510 689 domini

244 741 434 812 precursoris
458 741 488 797 in
512 740 603 797 terris
627 746 656 796 et
681 713 856 813 profectum
873 740 981 797 salutis
997 739 1111 797 Christi
1128 738 1277 807 fidelium,
1294 754 1388 811 supra
1406 739 1506 795 vicum

210 844 211 848 ’
245 851 394 916 nostrum,
419 862 527 904 versus
550 853 678 913 montes,
697 848 741 904 -in
773 847 928 904 territorio
959 862 1038 902 nove
1070 846 1146 903 ville
1176 851 1287 914 nostre,
1319 845 1436 902 ibidem
1459 844 1507 902 de·

246 953 342 1008 crevit
365 959 395 1010 et
419 952 519 1010 voluit
543 952 572 1010 in
596 954 713 1010 honore
744 952 882 1010 eiusdem
913 952 1085 1009 beatissimi
1114 951 1263 1034 Johannis
1289 950 1456 1008 hedificare
1481 959 1509 1008 et

245 1073 483 1132 consumpmare
505 1059 666 1117 ecclesiam
692 1059 828 1133 propriis
851 1059 1029 1131 sumptibus
1052 1065 1082 1114 et
1106 1059 1258 1132 expensis.
1275 1057 1371 1115 Cuius
1387 1072 1442 1114 nos
1458 1057 1510 1114 de-

246 1165 406 1222 vocionem
430 1166 461 1222 in
484 1165 542 1222 hac
565 1172 653 1239 parte
668 1165 784 1222 racioni
800 1178 965 1222 consonam
985 1164 1179 1221 advertentes
1202 1170 1232 1221 et
1255 1168 1358 1220 nostre
1381 1163 1510 1221 ecclesie

244 1285 280 1328 ac
303 1271 393 1328 nobis
417 1270 531 1327 nedum
556 1271 759 1345 spiritualiter
781 1271 834 1327 sed
866 1275 896 1327 et
927 1270 1141 1343 temporaliter
1170 1270 1279 1327 utilem
1303 1275 1332 1327 et
1357 1268 1510 1341 multipli-

244 1377 320 1434 citer
343 1375 542 1448 fructuosam,
566 1392 624 1450 pro
647 1377 716 1434 loco
740 1377 837 1451 ipsius
860 1376 996 1434 ecclesie.
1020 1376 1080 1433 sub
1103 1376 1198 1448 signis
1221 1374 1433 1449 infrascriptis,
1451 1381 1510 1432 ter·

243 1499 312 1540 ram
336 1484 365 1540 in
390 1482 495 1540 dotem
518 1489 548 1540 et
571 1497 630 1556 pro
653 1498 709 1540 usu
733 1482 859 1555 plebani
882 1481 1020 1539 eiusdem
1044 1483 1171 1539 ecclesie
1194 1497 1252 1555 pro
1282 1487 1422 1554 tempore
1439 1496 1510 1538 con·

244 1590 350 1658 stituti‚
374 1605 445 1647 cum
469 1589 598 1646 decimis
628 1589 775 1646 omnibus
805 1589 836 1645 in
867 1589 963 1646 blado
994 1604 1190 1661 quocumque
1213 1588 1264 1645 vel
1291 1603 1387 1660 grano
1412 1588 1509 1645 tocius

246 1696 393 1753 territorii
416 1710 495 1752 nove
519 1694 595 1752 ville
618 1693 756 1768 predicte
786 1694 1005 1768 deputavimus
1032 1695 1063 1752 in
1087 1700 1272 1767 perpetuum
1297 1700 1326 1751 et
1349 1695 1508 1751 donamus.

245 1801 442 1874 Quequidem
467 1807 549 1858 terra
572 1802 681 1875 incipit
702 1816 721 1857 a
745 1806 834 1875 parte
865 1801 1071 1858 occidentisa
1095 1800 1189 1858 ssuvio
1213 1801 1431 1859 Cirkuenische
1456 1815 1509 1857 vo·
1552 1845 1553 1849 ,

244 1912 312 1964 cato
343 1915 373 1964 et
403 1907 599 1981 protenditur
629 1907 712 1964 ultra
743 1922 888 1979 magnam
919 1908 1003 1964 viam
1036 1923 1143 1965 versus
1171 1907 1320 1964 orientem
1344 1922 1442 1979 usque
1470 1905 1510 1963 ad

243 2019 341 2071 terras
364 2012 483 2071 domini
505 2014 603 2071 nostri
636 2013 774 2086 episcopi
798 2013 835 2069 ad
860 2015 964 2071 vicum
997 2013 1176 2070 Latinorum
1203 2014 1398 2087 pertinentes,
1423 2014 1509 2069 cuius

243 2118 374 2175 latitudo
397 2124 527 2192 occupat
551 2124 581 2176 et
604 2118 695 2176 debet
723 2120 878 2176 continere
909 2120 1025 2191 ubique
1056 2118 1187 2175 ducenta
1210 2119 1336 2175 brachia
1360 2117 1398 2175 ad
1423 2134 1519 2193 men-4

242 2240 347 2281 suram
368 2240 548 2297 pannorum.
566 2225 599 2282 In
616 2240 750 2297 quorum
767 2225 976 2282 testimonium
994 2232 1022 2282 et
1040 2231 1223 2299 perpetuam
1240 2225 1419 2282 firmitatem
1437 2240 1508 2297 pre·

241 2335 342 2388 sentes
365 2331 570 2388 concessimus
605 2330 766 2404 pendentis
788 2331 882 2402 sigilli
907 2332 1003 2388 nostri
1019 2332 1190 2388 munimine
1206 2332 1374 2388 roboratas.
1392 2330 1508 2387 Datum

241 2438 273 2494 in
296 2436 405 2509 vigilia
429 2437 511 2494 beati
535 2437 703 2495 laurencii.
728 2438 817 2494 Anno
840 2436 958 2494 domini
983 2436 1149 2494 MCCCXL
1173 2438 1315 2512 septimo

333 2591 353 2639 E
373 2590 444 2641 libro
464 2591 557 2642 Statut.
578 2606 633 2656 cap.
647 2590 751 2656 zagrab.
770 2591 844 2656 Joan.
859 2590 974 2640 Tkalcic'z
990 2591 1058 2640 lton.
1072 2591 1132 2641 hist.
1147 2591 1224 2656 episc.
1239 2592 1343 2656 zagrab.
1362 2590 1395 2640 II.
1410 2607 1434 2656 p.
1453 2601 1508 2651 143·

836 2894 911 2961 211.

350 3035 428 3085 Circa
447 3052 542 3087 annum
564 3045 636 3098 1347.
656 3036 809 3103 Zagrabiae.

280 3183 402 3241 Ereclne
416 3185 577 3257 parochiae
599 3205 619 3242 s.
637 3185 788 3261 joliannis
810 3185 840 3240 in
864 3203 940 3241 naara
964 3185 1036 3241 villa
1061 3184 1235 3258 Zagrabiae,
1258 3185 1422 3242 citatiotiones
1445 3197 1471 3242 rt

411 3293 598 3351 concessiones
621 3311 640 3348 a
662 3293 787 3365 capimlo
808 3292 925 3364 zagrab.
942 3293 1053 3367 fizctne,
1077 3299 1335 3349 conrmemorantur.

332 3453 484 3526 Quamvis
506 3455 635 3512 ecclesia
657 3448 752 3533 (beati
782 3446 942 3537 johannis)
977 3455 1109 3528 baptiste
1140 3460 1169 3511 et
1199 3456 1320 3527 capella
1347 3456 1429 3512 beati
1453 3455 1507 3512 Za-

245 3559 329 3616 karie
352 3575 448 3634 supra
470 3566 610 3618 nostrum
634 3554 837 3639 (territorium
860 3552 942 3635 sunt)
963 3560 1101 3618 edificate
1118 3567 1147 3617 et
1164 3567 1336 3617 constructe
1359 3577 1432 3617 cum
1456 3577 1507 3617 ex-

245 3666 348 3737 pensis
371 3665 489 3723 domini
510 3667 658 3747 Johannis
682 3661 902 3744 (archidiaconi
917 3666 956 3722 de
972 3660 1133 3742 Guerche),
1151 3674 1252 3723 tamen
1276 3682 1335 3723 non
1353 3668 1382 3724 in
1400 3668 1506 3740 paucis

245 3777 315 3827 sunt
338 3772 435 3828 eciam
458 3788 514 3846 per
538 3788 592 3828 nos
616 3773 763 3829 honorate
787 3780 815 3828 et
839 3771 949 3829 dotate.
974 3771 1078 3829 Primo
1109 3775 1200 3842 enim,
1231 3773 1269 3829 de
1298 3774 1402 3844 spacio
1426 3779 1506 3829 terre

245 3876 276 3933 in
302 3891 364 3950 quo
388 3877 538 3947 existunt3
561 3877 704 3948 secund0,
728 3877 954 3935 condonacione
985 3878 1084 3950 predii
1106 3877 1233 3936 inferior
1265 3878 1367 3935 tiliana
1398 3881 1507 3948 vocati,

246 3981 350 4040 donati
371 3998 427 4055 per
450 3983 580 4040 eundem
605 3983 855 4040 archidiaconum
871 3989 901 4040 et
917 3977 1148 4062 (decima)cione
1165 3983 1244 4040 facta
1261 4002 1317 4057 por
1333 4001 1387 4041 nos
1404 3985 1505 4041 eidem

245 4087 372 4144 ecclesie
397 4089 492 4145 sancti
515 4089 663 4171 Johannis
686 4089 725 4145 de
748 4090 816 4162 ipso
840 4089 965 4162 predio;
988 4090 1091 4160 tercio,
1111 4089 1149 4145 de
1173 4090 1351 4146 remissione
1375 4090 1508 4148 decima-

245 4209 315 4250 rum
339 4194 498 4252 cuiusdam
523 4196 611 4252 vinee
635 4195 674 4252 de
697 4211 778 4252 novo
801 4196 938 4268 plantate
968 4212 1040 4252 cum
1071 4196 1213 4268 expensis
1245 4195 1384 4252 eiusdem
1408 4198 1507 4253 archi·

245 4298 365 4355 diaconi
389 4315 482 4373 super
505 4306 642 4357 montem
666 4316 814 4371 magnum
839 4316 936 4374 prope
960 4302 1141 4358 Heremitas

333 4452 355 4501 E
374 4452 445 4503 libro
464 4454 589 4504 Statutor.
604 4471 659 4503 ren.
675 4455 752 4519 capit.
767 4455 870 4518 zagrab.
887 4482 916 4492 -
931 4456 1004 4520 Joan.
1019 4454 1135 4504 Thalete.
1151 4457 1218 4505 Mon.
1234 4456 1292 4505 hist.
1308 4458 1386 4521 episc.
1401 4459 1508 4520 zagrab.

247 4540 297 4591 vol.
318 4540 351 4590 11.
371 4556 430 4607 pag.
454 4552 508 4603 142.
