3488 5242
574 323 648 381 Dec.
673 318 724 378 66.
748 318 797 399 67.
822 356 864 365 -
887 323 943 381 An.
969 318 1187 400 1284-1287.
1470 339 1509 395 57

247 520 331 579 MCC
355 523 564 594 octuagesimo
588 530 707 595 quart0‚
728 525 862 597 septimo
886 523 954 582 idus
968 525 1059 607 Junii.
1085 524 1183 596 Regni
1198 529 1304 581 autem
1318 523 1416 580 nostri
1431 536 1529 579 anno

248 626 440 685 duodecimo

333 726 471 791 Originale
497 727 522 777 in
547 729 705 781 membrana.
738 745 754 778 a
782 729 880 779 sericea
904 745 968 779 zona
993 730 1069 779 rubri
1095 737 1120 779 ct
1147 729 1223 779 {larci
1254 728 1352 779 coloris
1376 726 1511 792 appendet

251 815 375 880 sigillum.
397 816 435 864 Ex
455 816 526 866 arch.
547 832 602 866 ren.
623 817 700 882 capit.
723 818 826 883 zagrab.
846 817 907 868 fasc.
930 826 968 893 lt.
988 834 1026 867 nr.
1047 818 1088 867 60.
1112 819 1187 883 Joan.
1213 817 1329 867 Tkalcic
1357 815 1427 865 Mon.
1451 813 1510 863 hist·

248 903 325 967 episc.
345 904 449 968 zagrab.
469 903 488 953 1.
510 920 533 969 p.
554 914 612 954 211.

848 1051 911 1116 66.

348 1189 424 1237 Anno
447 1189 520 1249 1284,
539 1198 579 1238 21.
600 1189 721 1254 Augusti.
740 1189 897 1255 Zagrabiae.

250 1314 423 1385 Timotheus,
447 1316 589 1390 epescopus
611 1317 726 1390 zagrab.
749 1317 780 1373 in
802 1318 914 1374 ecclesia
937 1318 1099 1375 cathedrali
1118 1317 1235 1391 zagrab.
1258 1324 1405 1374 consecrat
1417 1317 1513 1374 altare

664 1425 694 1479 in
717 1422 851 1481 honorem
873 1424 898 1480 b.
922 1441 947 1481 v.
971 1424 1098 1481 Martiae.

340 1569 429 1623 Anno
451 1566 569 1625 domini
593 1567 791 1625 MCCLXXX
815 1574 935 1641 quarto,
951 1568 1015 1625 XII.
1030 1567 1178 1626 kalendas
1195 1566 1390 1641 septembris
1407 1581 1512 1624 conse-

249 1680 369 1730 cratum
385 1679 430 1730 est
448 1673 545 1730 altare
568 1674 657 1730 beate
680 1675 775 1731 Marie
797 1674 926 1747 virginis
942 1674 971 1731 in
989 1674 1117 1731 ecclesia
1133 1673 1324 1745 zagrabiensi
1340 1687 1396 1745 per
1420 1688 1511 1730 vene·

250 1779 383 1836 rabilem
408 1785 528 1851 patrem
545 1779 707 1837 dominum
722 1779 931 1852 Tymotheum
947 1781 1129 1853 episcopum
1145 1778 1384 1850 zagrabiensem.
1401 1777 1434 1834 In
1451 1792 1513 1850 quo

251 1885 443 1941 continentur
466 1886 522 1942 iste
545 1886 685 1959 reliquie,
709 1886 868 1943 videlicet:
892 1885 930 1943 de
953 1886 1032 1943 lacte
1060 1884 1198 1943 eiusdem
1226 1884 1361 1957 gloriose
1384 1883 1514 1956 virginis

249 1991 352 2060 Marte,
376 1989 414 2047 de
436 2006 539 2063 ungue
562 1990 680 2049 domini
713 1997 743 2050 et
775 1992 813 2050 de
844 1993 946 2050 tunica
975 1991 1102 2062 domini,
1134 1996 1237 2049 sancte
1260 1991 1353 2048 Lucie
1376 1990 1513 2063 virginis,

248 2105 351 2153 sancte
373 2097 550 2169 Elyzabetb
575 2103 676 2155 sancte
700 2097 791 2156 Clare
823 2099 960 2171 virginis,
992 2103 1094 2155 sancte
1123 2097 1272 2167 Teodore‚
1296 2104 1399 2153 sancte
1422 2094 1514 2153 Tecle

248 2203 385 2273 virginis,
409 2210 511 2259 sancte
535 2201 698 2261 Gertrudis
721 2205 866 2276 virginis;
891 2205 964 2262 item
988 2203 1131 2262 undecim
1148 2203 1249 2260 millia
1264 2202 1431 2274 virginum,
1447 2199 1514 2258 Ste-

249 2309 342 2382 phani
373 2309 454 2381 regis
485 2315 513 2365 et
542 2307 732 2380 confessoris,
764 2315 940 2368 sanctorum
969 2311 1117 2393 Johannis
1151 2317 1180 2366 et
1216 2307 1303 2365 Pauli
1339 2307 1513 2376 martirum,

248 2415 344 2472 sancti
368 2414 524 2498 Vincencii
548 2415 691 2485 martiris,
715 2417 811 2473 sancti
834 2417 984 2474 Demetrii
1008 2417 1152 2485 martiris
1176 2414 1271 2472 sancti
1288 2413 1415 2485 Georgii
1433 2428 1514 2469 mar·

248 2521 323 2588 tiris,
346 2521 442 2577 sancti
466 2520 596 2577 Gerardi
620 2521 756 2595 episcopi
787 2529 817 2578 et
833 2522 994 2593 martiris,
1025 2529 1201 2580 sanctorum
1235 2520 1298 2578 Viti
1331 2525 1361 2577 et
1384 2517 1514 2576 Modesti

249 2627 420 2685 martirum.

355 2762 424 2811 Nota
444 2763 470 2812 in
489 2765 640 2813 membrana
659 2765 761 2828 antiqui
782 2765 917 2815 cuiusdam
936 2764 1064 2815 breviarii
1088 2767 1149 2814 eccl.
1176 2761 1363 2829 zagrabiensis.
1390 2759 1420 2810 In
1443 2758 1514 2809 arch.

253 2866 309 2900 ven.
329 2851 406 2915 capit.
427 2852 530 2915 zagrab.
551 2853 625 2917 Joan.
647 2853 761 2902 Tkaleit.
783 2853 852 2903 Mon.
872 2853 931 2903 hist.
952 2853 1030 2918 episc.
1050 2854 1154 2918 zagrab.
1174 2852 1194 2901 1.
1215 2868 1238 2917 p.
1259 2852 1317 2901 216.

851 3085 911 3153 67.

356 3228 431 3273 Anno
454 3224 528 3282 1287,
548 3225 571 3273 6.
592 3225 715 3274 octobris.
736 3225 888 3290 Zagrabiae.

288 3352 430 3409 Antonius
452 3355 594 3425 episcopus
609 3354 811 3426 zagrabiensis,
835 3355 879 3410 ius
901 3354 1069 3428 confirendi
1082 3353 1267 3427 praebendas
1281 3360 1371 3425 penes
1397 3349 1489 3407 cathe-

506 3459 615 3515 dralem
637 3460 778 3516 ecclesiam
793 3459 949 3534 findatur,
974 3461 1098 3532 capetulo
1121 3459 1258 3516 attribuit.

340 3602 513 3659 Anthonius
544 3602 649 3659 divina
683 3603 883 3661 miseracione
917 3605 1081 3678 episcopus
1116 3603 1330 3676 zagrabiensis.
1365 3601 1518 3659 Omnibus

254 3705 367 3763 Christi
393 3706 538 3764 fidelibus
561 3723 686 3781 presens
710 3709 861 3783 scriptum
886 3710 1068 3783 inspecturis
1091 3709 1224 3767 salutem
1248 3709 1279 3767 in
1300 3708 1441 3766 omnium
1456 3707 1517 3764 sal-

252 3818 366 3869 vatore.
399 3812 446 3869 Ad
479 3813 695 3870 universorum
729 3815 874 3872 noticiam
910 3816 1021 3873 harum
1051 3816 1129 3874 serie
1163 3814 1310 3872 volumus
1344 3812 1516 3886 pervenire,

253 3917 334 3990 quod
367 3934 438 3974 cum
470 3920 500 3975 in
531 3920 659 3976 ecclesia
689 3926 793 3976 nostra
815 3922 1006 3992 zagrabiensi
1040 3935 1127 3978 more
1150 3920 1284 3977 aliarum
1307 3917 1517 3987 ecclesiarum,

254 4026 531 4082 mansionariorum
555 4042 607 4082 seu
632 4026 908 4098 prebendariorum
932 4026 1128 4084 sacerdotum
1152 4029 1230 4082 esset
1254 4024 1364 4081 raritas
1388 4038 1440 4079 seu
1465 4021 1518 4079 de·

254 4130 358 4200 sectus,
390 4136 531 4204 ternpore
562 4138 664 4188 sancte
691 4147 726 4189 ac
749 4133 800 4205 pie
823 4133 972 4190 memorie
996 4132 1114 4189 domini
1137 4129 1333 4202 Thymothei,
1358 4127 1518 4202 predeces-

254 4237 331 4294 soris
361 4237 466 4306 nostri,
499 4237 639 4294 nonnulli
669 4253 706 4293 ex
739 4236 887 4295 fratribus
917 4239 1030 4296 nostris
1061 4237 1225 4306 canonicis,
1256 4236 1331 4292 dum
1368 4235 1517 4321 viverent,

254 4343 351 4415 aliqui
385 4343 480 4399 eciam
513 4344 542 4399 in
575 4359 629 4399 sua
660 4343 771 4400 ultima
801 4344 960 4400 voluntate
990 4344 1131 4401 volentes
1161 4348 1191 4399 et
1222 4341 1444 4416 prospicientes
1467 4340 1518 4413 pie

255 4447 432 4506 huiusmodi
456 4447 589 4506 defectui
615 4448 786 4522 providere,
816 4450 993 4507 affectantes
1017 4449 1135 4506 cultum
1160 4448 1257 4505 divini
1279 4446 1415 4505 numinis
1436 4446 1518 4504 salu·

257 4557 353 4613 briter
376 4555 578 4627 augmentari.
602 4554 640 4611 de
664 4556 753 4612 bonis
776 4571 793 4612 a
817 4555 875 4613 deo
898 4556 958 4613 sibi
981 4556 1103 4614 collatis
1124 4553 1346 4629 prebendarius
1361 4568 1415 4611 seu
1431 4568 1517 4610 man·

255 4661 404 4718 sionarios
427 4660 600 4717 sacerdotes
616 4659 653 4716 ad
672 4661 850 4718 continuum
868 4660 1006 4718 officium
1028 4661 1113 4719 chori
1130 4668 1160 4718 et
1176 4661 1269 4718 misse
1284 4660 1373 4717 beate
1388 4659 1518 4731 virginis

255 4766 472 4840 disposuerunt
503 4771 533 4824 et
563 4766 783 4824 ordinaverunt
811 4782 847 4824 ac
869 4758 1011 4844 (eisdem)
1034 4766 1066 4824 in
1088 4765 1334 4840 possessionibus
1357 4769 1388 4822 et
1409 4763 1517 4835 vineis,
