3488 5242
638 320 711 377 Dec.
736 315 786 376 18.
814 353 849 361 -
878 319 932 376 Au.
957 334 1045 396 1242.

812 530 869 596 ta.

312 693 359 738 An.
385 700 456 750 1242,
481 691 517 738 to.
537 688 695 739 novembris.
716 690 796 754 Apud
817 689 970 738 Wereuzha

207 817 280 873 Belo
305 817 360 873 ll<
386 817 563 888 Hurrgarrire
585 824 633 874 etc.
658 834 721 884 rex,
744 816 870 872 ctzu'tate's
893 817 995 873 arantis
1024 813 1196 874 Grecltensis
1215 834 1264 873 seu
1280 817 1476 889 zograbiensae's

560 923 684 992 designer
707 921 850 978 libertates
872 929 900 977 et
921 923 988 978 viera
1012 923 1129 996 confert.

297 1066 327 1121 ln
353 1067 475 1122 nomine
502 1075 604 1122 sancte
627 1066 772 1122 trinitatis
795 1073 824 1122 et
849 1065 1007 1123 individue
1031 1067 1163 1124 unitatis.
1188 1067 1296 1123 Amen.
1322 1066 1401 1132 Bela,
1426 1065 1476 1123 dei

208 1172 307 1241 gratia
342 1172 508 1241 llungarie,
532 1171 696 1230 Dalmatie.
728 1171 900 1239 Choroatie,
934 1171 1038 1240 Rome,
1069 1170 1184 1239 Seruie,
1217 1170 1352 1241 Gallitie,
1377 1169 1476 1227 Lodo·

208 1278 312 1346 merie,
337 1277 547 1349 Cumanieque
571 1294 623 1333 rex
648 1278 677 1334 in
697 1285 889 1351 perpetuum.
915 1277 1034 1350 Regum
1051 1277 1202 1335 celsitudo
1218 1278 1348 1349 requirit
1371 1283 1401 1334 et
1424 1293 1473 1334 su-

211 1384 355 1440 blimium
380 1382 520 1454 dignitati
545 1382 684 1453 debetur,
709 1391 741 1439 ut
766 1390 849 1440 tanto
870 1384 1006 1456 amplius
1023 1385 1052 1441 in
1069 1383 1268 1441 multitudine
1284 1384 1386 1456 plebis
1402 1398 1476 1456 gau-

209 1487 287 1555 deat,
312 1495 426 1560 quanto
450 1488 507 1560 ipsi
533 1489 712 1545 auctoritate
743 1493 860 1545 ceteros
891 1489 1085 1546 antecellunt.
1118 1489 1197 1545 llinc
1225 1495 1279 1558 est,
1303 1488 1387 1561 quod
1412 1495 1475 1545 tam

209 1594 404 1666 presentibus
428 1609 521 1664 quam
547 1594 678 1666 posteris
702 1594 812 1651 harum
835 1595 914 1651 serie
943 1593 1146 1663 declaramus
1171 1594 1254 1667 quod
1279 1611 1349 1652 cum
1374 1602 1477 1652 nostre

211 1700 375 1771 placuisset
408 1699 559 1755 voluntati
591 1700 620 1756 in
646 1698 803 1770 Zagrabia,
836 1701 865 1757 in
891 1707 993 1757 monte
1025 1700 1135 1762 Grech.
1163 1702 1320 1758 civitatem
1344 1701 1477 1758 liberam

210 1813 395 1872 construere,
419 1812 448 1860 et
472 1804 588 1860 ibidem
613 1806 751 1878 hospites
774 1821 952 1875 convocare,
977 1813 1006 1863 et
1031 1807 1118 1863 illam
1136 1813 1256 1879 partem
1273 1807 1359 1877 regni
1375 1805 1413 1862 ad
1431 1820 1477 1862 se·

211 1911 372 1966 curitatem
397 1909 520 1966 confinii
552 1918 582 1966 ct
612 1910 672 1966 alia
703 1909 867 1967 commoda
892 1912 1013 1968 munire
1040 1919 1069 1969 et
1093 1911 1227 1987 firmare,
1251 1912 1478 1969 communicato

212 2015 341 2071 consilio
364 2030 435 2070 cum
459 2014 572 2071 dilecto
597 2024 625 2070 et
651 1992 734 2071 fideli
759 2023 865 2072 nostro
888 2015 1028 2073 Dionisio
1053 2017 1133 2073 bano
1157 2017 1249 2074 totius
1265 2015 1427 2073 Sclauonie
1449 2021 1479 2072 et

213 2120 282 2178 aliis
302 2123 388 2193 regni
415 2122 615 2194 principibus,
638 2130 775 2179 nostram
804 2123 881 2178 hanc
912 2110 1113 2179 intentionem
1137 2130 1165 2179 et
1190 2122 1381 2180 voluntatem
1407 2137 1478 2179 una·

213 2228 337 2284 nimiter
361 2229 617 2300 approbantibus
642 2235 781 2285 nostrum
805 2230 1001 2302 propositum
1034 2229 1237 2302 perduximus
1260 2228 1300 2286 ad
1324 2230 1478 2300 effectum,

212 2333 420 2391 concedentes
446 2342 478 2389 ut
503 2335 531 2390 in
564 2334 703 2407 predicto
737 2343 841 2391 monte
872 2334 970 2391 libera
1002 2335 1110 2392 civitas
1135 2334 1196 2399 hat,
1221 2335 1357 2408 hospites
1381 2335 1479 2392 libere

212 2440 403 2497 conveniant.
429 2446 525 2495 terras
550 2448 578 2496 ct
604 2442 819 2512 possessiones,
843 2439 1032 2497 conditiones
1054 2447 1082 2497 et
1107 2440 1265 2498 libertates
1288 2457 1306 2498 a
1328 2441 1417 2498 nobis
1433 2456 1480 2497 as·

212 2545 346 2615 signatas
370 2553 399 2600 et
423 2544 613 2616 subscriptas
638 2546 780 2612 babeant,
804 2552 924 2602 teneant
948 2553 976 2601 et
993 2545 1165 2603 custodiant
1181 2547 1382 2603 inconcussas.
1400 2543 1480 2602 Con-

212 2647 342 2706 ditiones
365 2651 468 2721 itaque
491 2656 520 2705 et
544 2649 703 2706 libertates
727 2651 885 2724 hospitum
910 2652 939 2708 in
969 2651 1108 2724 predicto
1140 2658 1243 2708 monte
1274 2652 1480 2709 habitantium

212 2763 241 2810 et
265 2756 522 2815 convenientium.
554 2770 629 2827 quas
659 2757 718 2828 ipsi
750 2757 829 2813 inter
860 2773 891 2812 se
923 2755 1059 2814 fecerunt
1090 2765 1120 2814 et
1150 2771 1206 2814 nos
1229 2758 1477 2831 approbavimus

213 2862 289 2918 tales
313 2862 481 2918 habentur:
515 2862 604 2933 Quod
638 2863 662 2919 si
695 2861 787 2920 iidem
819 2863 957 2936 hospites
987 2864 1016 2920 in
1048 2863 1187 2920 districtu
1216 2863 1381 2935 ilungarie‚
1406 2863 1480 2920 Dal·

213 2969 314 3034 matie,
338 2967 516 3034 Choroacie,
548 2966 711 3025 Sclauonie
742 2969 866 3042 spoliati
900 2985 955 3042 per
987 2970 1121 3027 latrones
1153 2970 1202 3026 vel
1233 2970 1311 3027 alios
1336 2969 1480 3027 malefac-

213 3084 294 3131 tores
320 3073 439 3139 l'uerint,
464 3073 607 3130 dominus
632 3080 712 3131 terre
737 3076 765 3132 in
784 3091 844 3146 qua
861 3077 985 3148 spoliati
1009 3075 1129 3142 suerint,
1146 3077 1287 3134 estimata
1312 3078 1480 3149 quantitate

215 3181 341 3252 pecunie
365 3182 450 3236 iuxta
473 3181 636 3236 arbitrium
662 3182 813 3237 bonorum
840 3184 979 3239 virorum
1002 3191 1031 3238 et
1055 3190 1281 3239 sacramentum
1306 3183 1480 3240 concivium

214 3286 251 3342 ad
277 3287 334 3342 hoc
358 3287 537 3349 electorum,
563 3288 611 3342 vel
636 3287 741 3343 ablata
764 3287 907 3345 refundat
932 3288 981 3344 vel
1008 3288 1240 3345 malefactorem
1262 3288 1422 3346 ostendere
1439 3296 1480 3345 te·

214 3400 329 3448 neatur.
357 3392 431 3447 ltem
457 3393 571 3448 tributa
595 3391 675 3448 int'ra
699 3394 820 3464 regales
845 3394 992 3450 terminos
1017 3395 1046 3451 in
1071 3394 1159 3450 nullo
1175 3394 1244 3450 loco
1260 3394 1383 3451 solvere
1400 3401 1481 3451 tene-

214 3508 311 3554 antur.
338 3498 423 3555 ltem.
447 3498 635 3569 quicumque
659 3499 735 3555 civis
765 3499 861 3556 alium
895 3500 994 3557 civem
1028 3501 1198 3573 vituperiis,
1225 3500 1405 3572 obprobriis
1428 3508 1480 3556 aut

215 3601 410 3658 contumeliis
434 3602 580 3659 affecerit.
613 3605 637 3660 si
670 3602 739 3660 inde
770 3605 928 3662 convictus
959 3604 1060 3673 fuerit,
1090 3605 1154 3662 leso
1177 3603 1284 3662 decem
1309 3619 1427 3678 pensas,
1451 3604 1480 3661 in

214 3722 394 3763 communes
418 3723 567 3781 expensas
591 3719 714 3766 centum
738 3709 879 3767 denarios
911 3711 1029 3780 solvat;
1057 3711 1110 3783 qui
1134 3711 1160 3766 si
1184 3719 1254 3783 post
1279 3711 1392 3768 trinam
1415 3727 1481 3767 cor·

215 3814 381 3870 rectionem
407 3829 438 3869 se
462 3828 521 3869 non
546 3814 765 3884 emendaverit,
791 3817 882 3873 rebus
907 3817 1052 3873 omnibus
1075 3817 1105 3873 in
1130 3832 1293 3874 commune
1316 3817 1482 3891 applicatis

215 3927 375 3990 tamquam
401 3918 524 3976 infamis
549 3920 586 3976 de
609 3922 733 3979 civitate
757 3924 889 3997 turpiter
912 3923 1096 3997 expellatur.
1113 3922 1228 3995 Siquis
1244 3925 1337 3981 etiam
1356 3924 1481 3997 alapam

216 4025 306 4081 alteri
330 4024 457 4089 dederit,
490 4026 538 4082 vel
572 4042 627 4099 per
658 4028 757 4084 crines
789 4029 942 4086 malitiose
973 4029 1110 4097 traxerit,
1139 4029 1268 4087 eandem
1292 4045 1405 4103 penam
1430 4044 1482 4103 pa·

216 4133 320 4187 ciatur.
346 4130 378 4187 Si
403 4132 472 4202 quis
496 4148 570 4188 vero
594 4135 717 4200 entello,
742 4133 855 4205 gladia,
881 4135 985 4191 lancea
1009 4142 1061 4191 aul
1085 4137 1204 4207 sagitta,
1229 4143 1281 4193 aut
1303 4137 1410 4208 aliquo
1426 4136 1482 4192 tali

217 4236 311 4293 modo
334 4237 431 4292 alium
456 4237 676 4308 vulneraverit,
700 4247 731 4296 et
759 4241 940 4298 vulneratus
963 4242 1027 4298 sine
1051 4240 1171 4299 defectu
1196 4243 1410 4299 membrorum
1437 4257 1483 4298 re-

216 4352 339 4400 sanatus
366 4342 465 4411 luerit,
498 4343 617 4400 medico
642 4345 697 4403 lesi
721 4345 895 4415 satisfaciat,
927 4355 957 4403 et
981 4348 1045 4404 leso
1068 4347 1178 4420 viginti
1202 4349 1338 4420 quinque
1362 4363 1481 4421 pensas

217 4450 353 4520 quinque
378 4464 451 4504 vero
469 4449 506 4504 ad
525 4465 598 4506 usus
614 4452 747 4508 civitatis
763 4453 929 4525 persolvat.
953 4452 985 4510 Si
1001 4469 1076 4511 vero
1093 4454 1123 4510 in
1139 4455 1244 4527 aliquo
1259 4453 1484 4524 membrorum,

216 4554 396 4610 debilitatus
414 4553 513 4624 luerit,
533 4555 653 4614 medico
670 4557 725 4615 lesi
742 4557 908 4616 satisfaciat
924 4566 953 4616 et
970 4560 1035 4616 leso
1051 4559 1159 4618 decem
1176 4575 1295 4617 marcas
1309 4566 1340 4616 et
1355 4558 1395 4616 ad
1411 4574 1484 4616 usus

216 4659 349 4716 civitatis
375 4658 481 4715 decem
507 4677 616 4733 pensas
640 4662 761 4720 solvere
794 4671 939 4722 teneatur.
971 4663 1001 4722 Si
1033 4680 1109 4722 vero
1136 4674 1277 4722 mortuus
1299 4664 1400 4732 fuerit,
1424 4662 1484 4721 due

217 4773 320 4836 partes
344 4779 451 4821 rerum
475 4782 600 4824 suarum
625 4767 734 4826 cedant
758 4770 937 4842 parentibus
966 4770 1066 4840 occisi,
1090 4772 1185 4828 tercia
1208 4786 1280 4844 pars
1303 4769 1427 4828 civitati.
1452 4766 1484 4828 Si
