3488 5242
611 345 683 401 Dec·
698 357 773 421 347·
791 342 869 422 348·
896 378 933 388 ·-
952 345 1008 402 An·
1031 359 1123 423 1391·

242 450 433 457 .—---›-——.-
471 451 507 455 .-—
599 450 873 457 ——.——
970 452 1009 456 .—
1052 452 1075 456 -
1122 452 1145 456 -
1189 452 1431 458 ——.—---.—-
1447 453 1505 458 ...—

240 544 408 600 nativitatis
432 544 559 614 virginis
582 544 725 615 gloriose.
757 546 845 599 Anno
869 543 986 600 domini
1010 544 1178 601 millesimo
1206 543 1283 601 CCC
1307 544 1505 616 nonagesimo

241 651 352 722 primo

328 787 348 834 E
368 792 533 851 transumpto
553 786 654 836 Detrici
675 787 774 844 Bubek,
798 787 873 850 regni
892 786 1047 837 Sclavoniae
1065 787 1134 844 bani,
1154 802 1221 837 anno
1244 796 1318 849 ¹39¹·

829 1033 919 1101 347.

344 1178 421 1224 Anno
443 1184 518 1238 1391,
538 1174 561 1222 6.
582 1173 746 1238 septembris.
766 1174 891 1239 Poiegae.

242 1302 442 1374 Sigismumlns
472 1303 650 1374 llungariae
679 1309 726 1358 etc.
758 1321 811 1357 rex
838 1303 959 1359 Detrico
988 1303 1088 1359 Bubck
1115 1302 1198 1370 bone,
1228 1303 1301 1359 citus
1331 1302 1505 1361 Grecltenscs

244 1427 301 1464 nun
323 1426 418 1465 coram
441 1408 516 1464 barto
530 1408 582 1464 sed
592 1409 682 1464 solum
698 1408 728 1463 in
744 1409 826 1464 curio
842 1408 989 1465 tavernier·
1008 1416 1171 1481 cortptarere
1186 1408 1290 1477 debere,
1313 1417 1409 1466 notum
1418 1410 1504 1484 facit.

1026 1541 1061 1584 Ad
1075 1543 1181 1585 contentu
1194 1542 1318 1584 litterarum
1331 1542 1447 1596 regalium.

327 1659 543 1732 sigismundus
567 1659 616 1716 dei
639 1660 741 1729 gracia
764 1674 818 1715 rex
839 1659 1004 1730 ilungarie,
1021 1658 1190 1729 Dalmacie,
1207 1658 1335 1715 Croacie
1351 1664 1405 1716 etc.
1422 1675 1504 1717 mar-

239 1765 370 1837 chioque
394 1765 710 1836 Brandemburgensis
734 1772 788 1822 etc.
812 1763 912 1821 Fideli
935 1779 991 1820 suo
1015 1763 1181 1836 magnifico
1204 1765 1272 1821 viro
1297 1763 1425 1821 domino
1445 1766 1505 1822 De-

239 1871 316 1928 trico
347 1870 461 1941 Bubek,
493 1871 578 1942 regni
609 1871 705 1927 nostri
736 1869 898 1927 Sclauonie
931 1870 1013 1926 bano
1044 1870 1095 1926 vel
1123 1870 1273 1927 vicebano
1296 1869 1435 1926 eiusdem
1459 1886 1504 1928 sa·

240 1976 337 2033 lutem
361 1983 392 2033 et
414 1977 561 2047 graciam.
584 1977 630 2032 Ex
654 1976 819 2048 querulosa
842 1974 1068 2059 significacione
1094 1975 1236 2033 fidelium
1260 1976 1375 2032 civium
1395 1983 1425 2033 et
1452 1977 1505 2034 ho·

240 2083 357 2155 spitum
373 2089 550 2139 nostrorum
567 2083 700 2139 civitatis
722 2088 825 2138 nostre
847 2082 1055 2153 zagrabiensis
1074 2081 1164 2138 nobis
1181 2080 1268 2151 facta,
1285 2081 1504 2153 intelleximus,

239 2188 396 2259 quomodo
420 2204 475 2245 vos
499 2195 605 2244 contra
630 2204 736 2245 eorum
768 2187 926 2243 libertates
950 2194 980 2243 et
1003 2186 1237 2244 consvetudines
1260 2202 1354 2259 super
1377 2188 1504 2258 iniuriis,

239 2295 383 2367 dampnis
406 2300 435 2350 et
458 2295 657 2363 nocumentis,
682 2310 741 2366 que
765 2309 820 2365 per
843 2293 945 2349 varios
969 2292 1157 2349 condicionis
1180 2293 1321 2350 homines
1345 2294 1388 2349 eis
1405 2293 1504 2366 inpin-

238 2408 361 2469 guntur,
378 2401 462 2472 ipsos
479 2407 582 2456 vestro
605 2406 705 2456 astare
728 2399 841 2455 iudicio
865 2405 894 2455 et
918 2397 1065 2455 iudicatui
1088 2398 1318 2471 compelleretis
1342 2406 1372 2455 et
1394 2399 1504 2455 astrin-

238 2506 359 2575 geretis,
383 2520 453 2560 cum
478 2513 580 2561 tamen
603 2506 687 2577 ipsos
709 2505 741 2562 in
764 2503 940 2561 huiusmodi
963 2519 1053 2559 causa
1069 2518 1129 2560 non
1145 2518 1210 2573 voa,
1227 2503 1280 2559 sed
1297 2505 1445 2575 magister
1460 2512 1504 2561 ta-

239 2612 435 2667 varnicorum
460 2618 636 2667 nostrorum
661 2611 773 2668 habeat
795 2610 938 2667 iudicare.
963 2609 1065 2681 Quare
1089 2617 1190 2665 vestre
1213 2608 1355 2666 fidelitati
1372 2608 1505 2666 firmiter

239 2716 397 2785 edicimus
428 2721 578 2788 quatenus
610 2715 723 2772 amodo
752 2723 782 2772 et
805 2715 948 2787 deinceps
973 2713 1109 2787 prefatos
1132 2715 1215 2771 cives
1239 2722 1268 2770 et
1291 2714 1428 2787 hospites
1451 2729 1505 2771 no·

238 2828 317 2878 stros
348 2823 448 2878 causis
472 2823 501 2878 in
526 2822 684 2894 premissis
708 2828 811 2877 vestro
832 2820 946 2877 iudicio
972 2827 1001 2876 et
1024 2819 1171 2876 iudicatui
1200 2828 1299 2877 astare
1315 2820 1505 2891 compellere

240 2944 299 2984 non
324 2929 574 3001 presumpmatis‚
607 2927 659 2984 sed
686 2928 769 3000 ipsos
793 2927 907 2984 tociens
932 2927 1076 2998 quociens
1100 2942 1222 2982 necesse
1246 2924 1337 2981 fuerit
1362 2941 1452 2981 causa
1474 2926 1502 2982 in

238 3033 425 3099 huiusmodi,
450 3033 563 3091 iudicio
586 3041 616 3090 et
639 3032 784 3090 iudicatui
808 3033 905 3105 ipsius
922 3032 1059 3103 magistri
1078 3033 1309 3088 tavamicorum
1325 3035 1503 3087 nostrorum

239 3141 445 3196 transmittere
478 3139 625 3209 debeatis,
656 3146 687 3195 et
718 3138 803 3194 aliud
833 3153 893 3194 non
926 3136 1042 3193 facturi.
1067 3137 1102 3193 Et
1126 3137 1184 3193 hoc
1208 3136 1290 3193 idem
1315 3136 1503 3207 iniungimus

239 3245 350 3302 futuris
381 3246 455 3302 dicti
486 3246 572 3317 regni
602 3245 698 3301 nostri
729 3244 891 3302 Sclauonie
924 3245 1012 3300 banis
1043 3259 1078 3299 ac
1110 3244 1274 3312 vicebanis.
1299 3242 1406 3299 dantes
1431 3243 1505 3316 ipsis

238 3352 394 3408 similibus
417 3352 509 3422 regiis
532 3352 590 3407 sub
613 3350 774 3424 preceptis.
799 3351 914 3406 Datum
939 3351 969 3406 in
993 3328 1174 3420 Posegauar,
1199 3348 1276 3406 feria
1300 3357 1409 3420 quarta
1432 3363 1505 3421 pro·

239 3458 323 3513 xima
346 3462 414 3514 ante
439 3457 551 3513 festum
574 3457 742 3513 nativitatis
766 3456 895 3527 virginis
917 3456 1059 3527 gloriose.
1086 3458 1174 3511 Anno
1197 3455 1316 3511 domini
1335 3454 1504 3511 millesimo

239 3564 316 3617 CCC
341 3564 539 3634 nonagesimo
567 3563 677 3635 primo.

328 3696 468 3760 originale
488 3697 513 3746 in
533 3697 691 3754 membrana,
714 3695 832 3759 sigillum
851 3711 1012 3760 oppressum.
1033 3695 1062 3744 Iu
1081 3695 1180 3744 archiv.
1201 3695 1247 3744 lib.
1262 3709 1315 3758 reg.
1330 3693 1380 3743 civ.
1394 3695 1500 3757 zagrab.

829 3945 919 4011 348.

345 4089 421 4135 Anno
444 4095 517 4144 ljol,
536 4086 559 4133 6.
580 4085 743 4149 septembris.
764 4086 888 4150 Polegae.

240 4213 440 4285 Sigisntundus
462 4214 638 4284 [bulgariae
653 4220 699 4269 elc.
716 4231 778 4281 rex,
804 4220 838 4269 ul
858 4231 946 4269 caton
969 4214 1045 4269 inter
1066 4212 1221 4286 capitulum
1244 4213 1360 4285 zagrab.
1383 4222 1411 4271 et
1431 4215 1505 4271 cives
1572 4239 1577 4248 ·

245 4319 418 4376 Grnlnnses
441 4320 475 4376 dr
497 4319 620 4393 planiam
644 4319 780 4393 ittalefico,
803 4338 884 4392 quem
907 4320 1074 4386 occiderunt,
1097 4320 1127 4374 in
1151 4319 1254 4376 delicio
1272 4321 1421 4377 tovarm'ci
1434 4340 1504 4393 oga·

759 4432 816 4494 tur,
832 4426 983 4498 praecipit.

1025 4559 1060 4602 Ad
1074 4560 1180 4602 contenta
1193 4558 1317 4602 litterarum
1332 4559 1448 4613 regalium.

327 4677 544 4750 sigismundus
575 4677 624 4734 dei
656 4677 760 4750 gracia
794 4693 849 4734 rex
883 4677 1052 4748 llungarie,
1085 4674 1254 4746 Dalmacie,
1289 4675 1416 4732 Croacie
1449 4682 1504 4735 etc.

239 4785 438 4856 marchioque
468 4782 787 4855 Brandemburgensis
815 4788 869 4839 ete.
894 4781 992 4839 Fideli
1015 4797 1072 4839 suo
1095 4780 1262 4854 magnifico
1285 4780 1353 4836 viro
1377 4780 1504 4838 domino

1362 4907 1394 4946 ει
