3488 5242
629 351 701 407 Duc.
718 364 789 425 31!-
816 385 852 392 —
879 351 934 407 An.
958 346 1048 426 1382.
1415 368 1473 427 295

213 560 310 626 gente,
345 554 485 610 ultronea
516 553 676 609 voluntate
706 550 846 609 fecissent
879 552 1048 624 prorogari,
1076 550 1127 607 sed
1155 550 1238 607 idem
1261 551 1392 622 magiter
1417 552 1477 608 An·

210 659 300 716 dreas
323 659 485 716 dolositate
509 658 628 728 ductus,
652 659 770 715 litteras
794 673 888 730 super
910 658 1007 730 ipsius
1030 673 1120 714 cause
1136 657 1391 730 prorogacionem
1420 672 1476 729 pro

210 766 285 838 ipsis
316 765 436 821 civibus
469 765 581 821 nostris
611 762 764 820 confectas
794 763 889 820 simul
920 777 991 819 cum
1023 763 1132 819 litteris
1164 778 1221 834 pro
1245 761 1336 818 vobis
1367 761 1476 818 exinde

210 871 355 928 coniectis
388 870 426 926 de
457 870 551 926 domo
582 870 693 927 notarii
724 870 807 925 curie
838 868 959 939 regalis,
992 872 1083 941 prout
1113 867 1222 924 eodem
1254 866 1404 924 referente
1431 867 1475 923 di·

210 978 350 1045 dicimus,
382 977 486 1034 verbis
516 976 640 1034 blandis
670 974 851 1049 excipiendo
882 973 921 1030 ad
952 989 1008 1031 vos
1038 989 1107 1031 cum
1132 972 1246 1030 eisdem
1271 971 1381 1029 litteris
1405 987 1475 1045 pro·

210 1084 372 1155 rogatoriis
400 1083 532 1139 celerem
564 1097 738 1154 regressum
770 1081 927 1137 habuisset
950 1080 981 1136 in
1009 1079 1213 1152 preiudicium
1236 1079 1312 1135 iuris
1336 1079 1475 1151 ipsorum

209 1189 324 1246 civium
357 1195 533 1245 nostrorum
562 1188 635 1244 satis
659 1202 815 1258 magnum.
839 1185 1039 1260 Quapropter
1067 1191 1169 1242 vestre
1198 1184 1340 1241 fidelitati
1364 1184 1476 1242 firmis·

209 1296 286 1351 sime
319 1293 516 1367 precipiendo
548 1293 731 1350 mandamus
765 1298 914 1364 quatenus
944 1293 1019 1349 visis
1050 1292 1153 1349 statim
1185 1291 1379 1363 presentibus
1407 1308 1476 1364 pre·

209 1400 305 1457 dictas
337 1401 454 1457 litteras
487 1415 544 1472 pro
576 1400 650 1472 ipsis
680 1399 802 1455 civibus
833 1398 945 1454 nostris
975 1413 1069 1471 super
1099 1396 1249 1453 dilacione
1276 1412 1366 1452 cause
1393 1402 1475 1453 ante·

211 1505 279 1573 fate,
303 1512 337 1562 ut
361 1505 522 1578 prefertur.
546 1504 707 1573 confectas
732 1504 847 1561 eisdem
871 1503 999 1561 indilate
1023 1520 1080 1577 per
1096 1507 1273 1560 annotatum
1292 1503 1474 1573 magistrum

211 1611 367 1667 Andream
407 1609 494 1667 reddi
525 1609 651 1679 faciatis,
684 1611 822 1682 alioquin
856 1609 958 1683 ipsum
995 1610 1178 1679 magistrum
1207 1607 1363 1665 Andream
1398 1607 1475 1665 adeo

210 1717 394 1788 astringatis,
418 1723 452 1772 ut
476 1716 705 1787 quintodecimo
735 1715 784 1772 die
808 1715 996 1789 recepcionis
1025 1714 1217 1786 presencium
1242 1713 1306 1770 sine
1330 1714 1475 1770 crastina·

209 1823 295 1879 cione
318 1823 412 1878 simul
434 1838 504 1878 cum
527 1821 618 1879 dictis
643 1822 753 1879 litteris
778 1820 893 1877 factum
917 1821 1078 1877 dilacionis
1095 1836 1184 1876 cause.
1202 1821 1341 1893 ipsorum
1358 1820 1473 1876 civium

209 1935 394 1995 nostrorum,
418 1936 450 1984 ut
471 1934 515 1984 est
533 1928 742 2001 prehabitum,
758 1927 1012 1984 concernentibus
1031 1926 1233 1998 personaliter
1249 1940 1351 1982 coram
1370 1931 1473 1982 nostra

209 2034 320 2092 debeat
345 2050 525 2108 comparere
548 2036 706 2091 maiestate
737 2035 891 2091 racionem
924 2032 1101 2090 redditurus
1124 2032 1348 2105 premissorum
1372 2030 1474 2088 eifica·

209 2157 289 2209 cem;
320 2147 476 2214 presentes
507 2147 611 2197 autem
644 2142 794 2214 perlectas
825 2139 960 2197 reddatis
992 2138 1187 2212 presentanti‚
1211 2143 1241 2194 et
1263 2137 1348 2194 aliud
1374 2136 1473 2194 facere

208 2261 268 2303 non
292 2248 403 2303 ausuri.
430 2246 543 2303 Datum
568 2246 597 2302 in
624 2245 820 2318 Wyssegrad,
845 2245 974 2301 sabatho
1000 2246 1143 2318 proximo
1168 2248 1237 2317 post
1261 2242 1374 2300 festum
1392 2243 1473 2299 beati

210 2352 355 2409 Anthonii
379 2351 569 2409 confessoris.
596 2353 683 2409 Anno
706 2351 823 2410 domini
848 2352 1073 2410 MCCCLXXX
1095 2350 1236 2407 secundo.

298 2486 437 2551 Originale
457 2487 484 2537 in
504 2487 601 2545 charta,
627 2488 654 2537 in
679 2503 731 2551 qua
749 2488 905 2554 impressum
931 2493 969 2538 cst
988 2488 1113 2552 sigillum.
1140 2488 1169 2537 ln
1188 2488 1258 2537 arch.
1278 2489 1358 2537 Acad.
1378 2487 1472 2537 Scient.

209 2575 276 2625 Slav.
297 2576 388 2626 merid.

807 2790 883 2855 311.

314 2934 390 2979 Anno
416 2932 488 2988 1382,
510 2934 550 2981 28.
570 2930 691 2993 Augusti.
711 2930 741 2979 ln
760 2931 898 2993 Visegrad.

210 3058 353 3114 Nr'calaas
386 3057 492 3113 Zamha
524 3059 692 3113 laearnicas
722 3058 828 3114 ct'tu'bas
865 3056 1071 3114 Caracallus
1100 3059 1252 3129 praecipit,
1288 3067 1322 3113 al
1348 3077 1409 3113 cam
1440 3059 1473 3114 dc

208 3164 358 3221 authentia
380 3163 572 3236 ‹letarumdam
603 3165 764 3219 litterarum
792 3166 821 3219 in
845 3183 942 3227 caasa,
965 3182 1051 3236 precam
1078 3164 1113 3221 dc
1143 3164 1264 3236 quodam
1295 3165 1377 3219 liarta
1406 3184 1472 3235 agc-

274 3270 351 3338 baal‚
381 3269 510 3325 edoceam
542 3270 634 3342 eisquc
660 3270 810 3326 terminum
833 3271 864 3325 in
894 3269 1028 3324 iudicium
1058 3270 1242 3342 caniparcmlt'
1263 3271 1411 3342 praeficit.

296 3413 441 3469 Nicolaus
462 3412 579 3468 Zambo
599 3414 746 3484 magister
762 3415 989 3470 tavarnicorum
1007 3413 1124 3470 domini
1141 3412 1287 3469 Lodouici
1304 3413 1353 3469 dei
1369 3416 1472 3485 gracia

208 3520 289 3590 regis
313 3518 478 3589 ilungarie.
503 3517 644 3575 Providis
668 3519 752 3587 viris,
777 3518 869 3576 iudici
893 3525 922 3575 et
946 3519 1054 3576 iuratis
1071 3519 1191 3575 civibus
1211 3518 1344 3574 civitatis
1360 3521 1472 3575 montis

209 3624 392 3681 Grechensis
424 3623 461 3680 de
494 3623 652 3695 Zagrabia
685 3624 822 3681 debitam
854 3626 1027 3682 revenciam
1052 3639 1121 3680 cum
1147 3624 1253 3679 salute.
1278 3623 1359 3679 Dicit
1383 3624 1472 3681 nobis

209 3730 400 3786 honorabilis
424 3730 472 3787 vir
495 3729 638 3785 dominus
668 3731 822 3811 Johannes
853 3731 989 3803 Crispus
1022 3728 1255 3786 archidiaconus
1278 3728 1316 3785 de
1341 3729 1472 3787 Kemlelr

211 3844 241 3892 et
257 3836 419 3892 canonicus
435 3836 561 3892 ecclesie
577 3837 793 3907 zagrabiensis‚
811 3837 945 3894 concivis
962 3840 1072 3906 vester,
1089 3833 1171 3907 quod
1190 3850 1260 3891 cum
1273 3835 1338 3908 ipse
1351 3833 1473 3907 pridem

209 3943 239 3999 in
263 3942 380 3998 octavis
411 3940 481 3997 sesti
512 3942 681 3998 nativitatis
705 3942 787 3998 beati
809 3943 958 4024 Johannis
983 3942 1125 4014 baptiste,
1149 3941 1291 4013 proxime
1315 3941 1471 4012 preterito,

208 4063 339 4104 unacum
362 4047 516 4103 Anthonio
547 4046 628 4103 dicto
659 4046 776 4118 Seynis‚
807 4048 951 4104 similiter
981 4047 1106 4104 concive
1134 4051 1246 4115 vestr0,
1270 4044 1469 4118 superfacto

208 4152 367 4209 cuiusdam
400 4153 460 4208 orti
492 4153 521 4208 in
555 4153 639 4209 curia
668 4154 753 4225 regia
778 4154 873 4211 nostri
899 4154 928 4210 in
954 4152 1111 4226 presencia
1134 4152 1164 4208 in
1188 4152 1242 4207 lite
1266 4150 1376 4207 exinde
1402 4166 1471 4223 pro·

209 4260 348 4315 cessisset
379 4265 407 4313 et
432 4257 547 4314 ibidem
579 4258 729 4329 quasdam
761 4259 879 4316 litteras
903 4264 1021 4315 vestras
1044 4256 1256 4330 privilegiales
1280 4256 1309 4312 in
1334 4255 1471 4312 declara·

210 4365 329 4421 cionem
354 4381 406 4420 sue
430 4364 562 4420 accionis
586 4365 791 4432 exhibuisset;
808 4365 931 4421 tandem
948 4363 1086 4437 prefatus
1103 4362 1275 4418 Anthonius
1290 4367 1471 4418 annotatum

209 4470 371 4527 dominum
394 4469 566 4551 Johannem
590 4469 735 4543 Crispum
760 4470 931 4527 delatorem
957 4468 1107 4525 falsarum
1132 4468 1304 4525 litterarum
1328 4467 1424 4523 nostri
1441 4475 1471 4523 et

209 4576 515 4648 quamplurimorum
541 4575 690 4632 baronum
722 4576 807 4648 regni
834 4576 995 4633 nobiscum
1020 4579 1173 4647 protunc
1205 4573 1233 4629 in
1265 4571 1336 4628 sede
1367 4576 1471 4628 nostra

209 4680 367 4738 iudiciaria
403 4681 602 4737 existencium
637 4682 665 4737 in
699 4681 856 4754 presencia
882 4677 1056 4747 asserendo,
1080 4677 1233 4750 predictas
1257 4677 1374 4734 litteras
1397 4692 1471 4749 erga

209 4803 265 4845 nos
288 4787 440 4843 reservari
472 4785 600 4855 iecisset,
632 4801 748 4859 nosque
772 4787 889 4859 absque
914 4784 1115 4856 requisicione
1139 4782 1346 4839 universitatis
1370 4791 1471 4843 vestre
