3488 5242
607 333 680 390 Duc.
698 345 752 411 54.
780 365 816 373 ·-
840 333 896 390 An.
920 343 1006 410 1272.

800 525 862 591 54.

305 580 353 626 An.
376 585 450 633 1272,
470 585 510 631 27.
530 577 602 632 maii.

201 703 363 777 Stephanus
388 705 417 761 V.
436 705 611 777 Hungoriae
625 712 673 762 etc.
690 723 751 774 nex,
767 705 970 780 fundationem
993 705 1093 762 Busae
1114 705 1246 761 canonici
1262 705 1387 762 cantorz's
1402 704 1463 761 eccl.

199 811 315 882 nagrnb.
326 810 359 867 dc
367 812 453 867 missa
464 811 587 884 qnotidie
598 829 706 867 snnnno
717 830 800 867 mane
812 812 843 867 in
855 812 988 867 honorem
996 811 1020 867 b.
1032 829 1058 868 u.
1067 811 1112 867 M.
1121 809 1298 880 celebranda,
1306 811 1464 885 confirmat.

289 953 463 1028 Stephanus
486 955 535 1012 dei
567 957 670 1028 gracia
700 956 866 1029 Hungarie,
897 956 1067 1026 Dalmacie,
1099 956 1235 1026 Croacie,
1267 956 1373 1028 Rame,
1397 955 1466 1014 Ser·

201 1060 258 1131 uie,
282 1058 423 1133 Gallicie,
448 1061 639 1131 lodomerie,
663 1061 821 1133 Cumanis,
846 1061 1052 1135 Bulgarieque
1080 1078 1142 1119 rex.
1174 1062 1327 1120 Omnibus
1351 1061 1465 1120 Christi
1535 1084 1537 1090 ·

201 1165 348 1223 fidelibus
372 1174 529 1240 presentes
552 1168 670 1224 litteras
694 1169 877 1242 inspecturis
907 1169 1040 1226 salutem
1071 1169 1101 1226 in
1133 1169 1273 1225 omnium
1304 1168 1466 1225 salvatore.

202 1271 251 1329 Ad
274 1273 491 1330 universorum
521 1274 667 1331 noticiam
698 1275 809 1332 harum
841 1276 918 1333 serie
948 1275 1095 1332 volumus
1125 1275 1297 1349 pervenire,
1322 1274 1405 1347 quod
1422 1273 1467 1332 di-

201 1385 317 1436 scretus
341 1379 390 1436 vir
412 1380 559 1451 magister
575 1380 664 1452 liuza,
688 1380 845 1453 quondam
868 1387 976 1439 cantor
998 1381 1205 1453 zagrabiensis
1228 1380 1364 1452 ecclesie,
1386 1381 1468 1438 bone

202 1484 360 1554 memorie,
384 1484 458 1541 dum
483 1485 583 1544 adhuc
607 1487 726 1545 viveret
749 1488 780 1544 in
803 1488 884 1545 bona
915 1486 1093 1545 valetudine
1122 1488 1313 1558 constitutus,
1337 1501 1467 1560 compos

202 1592 258 1663 sui,
280 1592 383 1649 zelum
409 1593 586 1651 devocionis
609 1593 713 1653 divine
737 1599 767 1652 et
790 1595 879 1653 beate
903 1596 1000 1653 Marie
1024 1593 1152 1666 virginis
1175 1595 1302 1652 titulum
1326 1602 1356 1652 et
1371 1595 1468 1652 hono-

203 1711 269 1752 rem
291 1712 346 1769 pre
371 1698 469 1754 oculis
492 1699 660 1771 retinendo,
680 1699 876 1758 considerans
892 1699 968 1774 quid
983 1701 1105 1773 gracius
1121 1699 1195 1773 quid
1213 1701 1372 1774 accepcius
1388 1701 1469 1758 intra

202 1804 336 1861 humane
359 1805 515 1862 servitutis
539 1806 689 1879 obsequia
712 1806 838 1864 domino
861 1814 966 1881 posset
989 1806 1105 1878 offerri,
1137 1807 1216 1864 hanc
1239 1807 1397 1880 pociorem
1421 1823 1468 1865 sa·

202 1909 275 1966 lutis
298 1908 483 1966 medicinam
507 1911 609 1983 elegit,
633 1928 689 1985 per
712 1928 807 1985 quam
830 1913 913 1969 salus
937 1913 1076 1969 omnium
1100 1912 1254 1985 aquiritur
1284 1913 1468 1983 animarum,

204 2021 236 2072 ut
260 2014 390 2087 singulis
414 2015 523 2073 diebus
547 2017 577 2074 in
608 2019 725 2076 honore
754 2019 844 2076 beate
877 2018 1015 2091 virginis,
1046 2019 1127 2076 circa
1158 2019 1377 2093 crepusculum
1399 2019 1469 2089 diei,

204 2121 234 2178 in
258 2120 410 2179 katedrali
432 2123 561 2181 ecclesia
584 2125 785 2197 zagrabiensi,
809 2141 866 2198 pro
890 2125 1047 2182 communi
1071 2124 1205 2182 utilitate
1232 2126 1372 2183 omnium
1395 2125 1471 2183 fide·

203 2226 282 2283 lium
306 2229 551 2286 commeancium
575 2236 604 2286 et
629 2230 852 2301 laborandum,
876 2231 969 2287 missa
992 2230 1199 2289 indesinenter
1225 2231 1337 2288 debeat
1360 2231 1470 2290 decan·

204 2333 271 2402 tari,
294 2334 373 2391 sicut
396 2334 494 2391 eciam
518 2335 656 2392 eiusdem
679 2337 773 2393 misse
796 2337 885 2394 beate
908 2337 1038 2408 virginis
1062 2337 1091 2393 in
1114 2336 1224 2394 eadem
1248 2337 1378 2395 ecclesia
1400 2344 1471 2395 ante

204 2438 335 2496 celebris
351 2440 531 2511 habebatur,
545 2441 584 2498 ad
600 2442 659 2498 hoc
675 2442 880 2499 ministerium
897 2440 1103 2499 exercendum
1119 2441 1242 2499 duobus
1260 2441 1472 2501 sacerdotibus

204 2544 357 2602 institutis.
382 2546 418 2603 h't
443 2548 589 2619 quoniam
606 2547 660 2620 qui
674 2548 765 2604 altari
781 2548 884 2618 servit,
901 2547 993 2605 debet
1009 2547 1116 2604 vivere
1135 2547 1174 2604 de
1190 2548 1290 2619 altari,
1306 2548 1337 2605 in
1354 2552 1472 2606 susten·

206 2652 356 2709 racionem
377 2652 558 2711 eorumdem
574 2654 770 2712 sacerdotum
788 2654 871 2711 idem
886 2655 1034 2727 magister
1049 2654 1130 2711 Buza
1146 2655 1227 2712 inter
1242 2655 1333 2712 vivos
1348 2653 1458 2713 ordina

205 2756 258 2826 vit,
282 2756 366 2815 dedit
382 2767 410 2815 et
427 2760 557 2817 contulit
571 2761 601 2818 in
619 2766 804 2835 perpetuum
823 2760 1010 2818 beneficium
1032 2760 1171 2819 eiusdem
1187 2761 1288 2832 misse,
1313 2760 1472 2833 quoddam

206 2863 358 2937 predium,
380 2865 419 2921 ad
443 2866 545 2924 Othok
568 2867 714 2937 vicinum,
738 2882 809 2924 cum
841 2868 986 2924 omnibus
1013 2867 1209 2940 pertinenciis
1233 2872 1262 2924 et
1285 2867 1472 2925 utilitatibus

206 2970 344 3027 eiusdem
361 2987 459 3046 prope
475 2971 607 3030 tluvium
622 2972 720 3031 Sawa.
734 2973 873 3031 Contulit
889 2974 987 3030 eciam
1005 2973 1083 3031 duos
1099 2987 1206 3030 servos
1218 2971 1340 3029 Budulo
1356 2973 1473 3030 scilicet

206 3082 236 3132 et
258 3076 361 3134 Ochuz
379 3093 449 3135 cum
474 3086 572 3136 matre
595 3080 785 3137 eorumdem.
809 3081 885 3137 Item
909 3095 1003 3137 unam
1028 3080 1151 3136 veniam
1174 3079 1266 3135 sitam
1281 3079 1312 3136 in
1329 3079 1473 3162 Jelseuch

206 3181 287 3238 intra
299 3183 489 3240 territorium
504 3186 631 3258 capituli
647 3186 861 3257 zagrabiensis.
875 3185 920 3243 Ne
936 3201 1011 3244 vero
1024 3184 1211 3259 procedente
1224 3191 1364 3258 tempore
1379 3201 1473 3243 ame·

207 3290 307 3346 moria
329 3288 451 3347 decidat
474 3298 503 3348 et
527 3292 650 3348 labatur
671 3292 754 3364 quod
776 3293 828 3366 pia
844 3292 1039 3350 ordinacione
1056 3291 1194 3349 eiusdem
1215 3292 1356 3364 magistri
1372 3292 1472 3351 Busan

208 3396 341 3453 cantoris
358 3396 457 3454 fuerat
473 3399 655 3457 institutum.
668 3399 707 3455 ad
725 3400 911 3471 peticionem
929 3399 1070 3457 fidelium
1086 3405 1264 3456 nostrorum
1280 3399 1409 3472 capituli
1424 3415 1472 3456 za·

206 3502 386 3574 grabiensis,
403 3504 615 3575 collacionem‚
632 3504 834 3563 donacionem
850 3511 880 3562 et
896 3505 1127 3563 ordinacionem
1142 3503 1321 3563 huiusmodi
1335 3521 1372 3562 ex
1388 3513 1471 3563 certa

208 3609 336 3666 sciencia
358 3610 543 3666 authoritate
566 3610 711 3667 duximus
734 3612 820 3683 regia
843 3610 1096 3669 confirmandam.
1120 3611 1154 3668 ln
1177 3612 1264 3669 cuius
1287 3612 1332 3668 rei
1355 3626 1472 3669 memo·

208 3715 286 3771 riam
303 3722 460 3789 presentes
477 3718 683 3775 concessimus
699 3718 803 3774 literas
819 3717 954 3791 duplicis
969 3718 1065 3790 sigilli
1082 3718 1178 3775 nostri
1194 3717 1364 3775 munimine
1379 3717 1472 3775 robo-

208 3829 297 3877 ratas.
321 3821 436 3879 Datum
461 3838 518 3896 per
534 3839 644 3880 manus
667 3824 808 3896 magistri
837 3823 1000 3895 Benedicti,
1024 3823 1175 3897 prepositi
1198 3822 1378 3894 orodiensis,
1401 3824 1473 3881 aule

209 3933 311 3983 nostre
327 3928 580 4001 vicecancellarii,
605 3930 710 3987 dilecti
734 3936 763 3987 et
786 3929 888 3987 fidelis
911 3929 1016 3986 nostri.
1045 3931 1134 3987 Anno
1162 3929 1280 3987 domini
1304 3928 1473 3986 MCCLxh

209 4033 351 4105 secundo,
380 4034 549 4092 indiccione
572 4035 638 4108 XV,
662 4044 749 4094 sexto
765 4037 913 4095 kalendas
928 4036 1018 4117 Junii.
1043 4036 1141 4109 Regni
1160 4042 1264 4094 autem
1281 4036 1377 4093 nostri
1393 4050 1472 4093 anno

210 4140 312 4196 tercio.
326 4140 564 4198 Venerabilibus
588 4143 729 4215 patribus
753 4143 900 4216 Philippo
916 4142 1119 4214 strigoniensi,
1135 4141 1291 4217 Stephano
1312 4134 1472 4212 colocensi,

209 4245 279 4302 aule
307 4252 409 4303 nostre
432 4249 616 4305 cancellario
640 4254 668 4305 et
690 4248 808 4331 Joanne
836 4249 1003 4322 spalatensi
1026 4248 1267 4322 archiepiscopis
1275 4266 1282 4318 ;
1305 4247 1473 4320 lamperto

210 4351 350 4421 agriensi,
365 4352 427 4434 Job
443 4354 746 4425 quinqueeclesiensi,
771 4353 887 4411 Briccio
918 4353 1121 4424 chenadiensi,
1151 4353 1297 4426 Philippo
1320 4352 1473 4422 waciensi,

210 4457 280 4512 aule
296 4456 419 4514 domine
442 4461 545 4531 regine
568 4460 760 4530 cancellario
784 4460 876 4517 Petro
903 4460 1126 4533 vesprimiensi,
1150 4437 1345 4531 Thvmotheo
1369 4473 1474 4530 zagra·

211 4562 317 4634 biensi‚
349 4564 534 4622 Lodomerio
565 4566 746 4637 varadiensi‚
771 4565 910 4623 Dionisio
931 4562 1077 4640 jauriensi
1107 4571 1137 4621 et
1168 4565 1260 4622 Petro
1283 4564 1474 4622 transilvano

211 4671 372 4744 episcopis,
396 4672 540 4729 ecclesias
564 4672 614 4729 dei
640 4672 770 4730 feliciter
793 4671 1044 4745 gubernantibus.
1068 4672 1157 4743 Moys
1179 4669 1338 4744 pallatino,
1361 4671 1474 4729 comite

211 4779 414 4851 supruniensi,
431 4777 530 4836 iudice
546 4777 766 4850 Cumanorum,
783 4779 912 4837 Nicolao
927 4776 1028 4836 iudice
1043 4778 1136 4849 curie,
1151 4777 1266 4836 comite
1280 4775 1475 4851 symegiensi,
