3488 5242
236 321 278 395 64
674 317 746 376 Doc.
769 328 820 396 74.
843 349 880 360 -
905 317 961 375 An.
985 330 1074 400 1291.

236 516 395 588 celsitudo,
419 515 578 590 quoddam
601 517 757 590 palacium
789 530 896 574 meum
919 515 1069 588 Zagrabie
1092 517 1123 575 in
1146 523 1250 576 monte
1281 517 1401 576 Greech
1425 534 1497 578 con·

237 631 386 683 structum
411 631 501 682 etex
524 622 606 682 dono
630 623 768 681 filiorum
792 621 940 698 Stephani
969 623 1042 681 bani
1072 639 1130 697 pro
1152 624 1298 697 ,quadam
1321 626 1501 699 captivitate

237 746 306 788 mea
329 745 387 804 pro
402 729 518 787 eisdem
536 745 691 804 perpessa,
712 736 864 803 perpetuo
887 729 952 787 iure
975 731 1124 788 collatum
1149 745 1207 805 pro
1228 731 1410 789 concambio
1426 746 1500 805 qua-

235 836 381 894 rumdam
402 837 630 910 possessionum
654 850 779 893 suarum
803 835 845 892 ab
868 834 1046 893 Alexandro
1078 836 1168 908 bano,
1192 835 1259 894 filio
1282 835 1418 908 Georgii,
1445 852 1501 895 suo

237 943 423 1017 propinquo,
443 940 631 999 hereditario
655 942 720 999 iure
750 957 970 1011 successurum,
1003 957 1060 1013 pro
1089 941 1229 1000 Polkuna
1252 943 1369 1000 scilicet
1392 943 1424 999 in
1447 958 1497 1000 co-

236 1048 346 1105 mitatu
371 1045 487 1104 Borsad
509 1047 666 1116 existente,
690 1047 765 1104 item
796 1062 855 1120 pro
886 1045 998 1117 Bukem
1029 1048 1105 1105 item
1136 1062 1194 1120 pro
1226 1048 1316 1119 Mixe,
1340 1049 1415 1106 item
1438 1062 1496 1122 pro

236 1152 335 1212 Giurk
360 1155 389 1211 in
412 1154 560 1211 comitatu
584 1151 721 1210 Zobolcb
745 1154 925 1224 constitutis,
949 1154 1010 1227 ipsi
1032 1154 1182 1226 magistro
1205 1154 1302 1212 Paulo
1318 1155 1499 1227 resignasse,

237 1261 405 1318 restituisse
428 1275 482 1317 seu
513 1259 676 1330 reliquisse
707 1274 777 1316 cum
809 1260 872 1316 suis
902 1240 1089 1317 utilitatibus
1119 1265 1149 1317 et
1178 1259 1217 1318 ad
1249 1276 1282 1317 se
1304 1261 1500 1333 pertinenciis

237 1367 484 1425 irrevocabiliter
507 1364 737 1440 possidendum.
762 1363 823 1438 Qui
847 1364 974 1437 quidem
998 1367 1146 1438 magister
1176 1366 1290 1424 Paulus
1317 1366 1421 1440 ipsum
1444 1382 1499 1440 pa-

237 1472 351 1529 lacium
375 1472 468 1542 dedit,
491 1471 621 1529 contulit
644 1477 675 1528 et
697 1471 824 1529 donavit
847 1470 970 1528 cuidam
994 1487 1050 1528 suo
1078 1471 1248 1545 predilecto
1279 1473 1424 1558 servienti
1448 1487 1501 1530 no·

238 1579 320 1635 mine
343 1577 468 1648 Gilioni,
492 1578 553 1636 civi
576 1576 615 1634 de
637 1583 741 1635 monte
764 1576 919 1646 Grecensi,
943 1593 1015 1635 cum
1038 1577 1154 1635 eisdem
1177 1579 1240 1636 suis
1263 1579 1449 1636 utilitatibus
1472 1584 1502 1635 et

237 1685 433 1758 pertinenciis
457 1690 608 1757 perpetuo
632 1682 861 1757 possidendum.
892 1683 1052 1756 Obligavit
1081 1684 1301 1742 nichilominus
1330 1683 1413 1742 idem
1437 1698 1502 1741 ma-

237 1791 333 1863 gister
355 1790 469 1848 Paulus
500 1804 532 1846 se
563 1794 593 1846 et
624 1803 696 1846 suos
727 1788 865 1858 heredes
897 1788 1108 1862 heredumque
1139 1806 1339 1859 successores,
1368 1789 1450 1863 quod
1475 1790 1501 1847 si

238 1898 393 1970 quispiam
416 1896 587 1969 aliqualem
610 1897 749 1968 ipsarum
781 1895 1006 1969 possessionem
1037 1895 1210 1969 impediret,
1240 1894 1394 1969 expedere
1418 1903 1499 1953 tene·

236 2008 322 2061 retur
345 2002 481 2077 piopriis
504 2001 665 2058 laboribus
688 2006 718 2057 et
740 2001 889 2074 expensis.
913 1999 946 2058 Si
968 2016 1044 2058 vero
1067 2002 1247 2075 quempiam
1270 2017 1308 2058 ex
1332 2002 1407 2075 ipsis
1430 2016 1501 2075 pos-

237 2110 425 2167 sessionibus
448 2109 478 2166 in
503 2109 557 2165 lite
580 2107 719 2179 legitime
745 2107 885 2164 devictus
915 2108 1078 2175 amitteret,
1109 2113 1220 2165 extunc
1250 2107 1406 2181 quandam
1430 2122 1502 2181 pos·

237 2216 405 2273 sessionem
427 2230 525 2285 suam,
549 2212 626 2272 Sene
651 2218 801 2282 vocatam,
823 2213 904 2270 circa
927 2229 1041 2287 aquarn
1068 2213 1181 2271 Zomus
1211 2214 1312 2284 sitam,
1337 2229 1425 2271 suam
1448 2213 1501 2271 he·

237 2320 415 2379 reditariam
443 2337 502 2394 pro
532 2319 679 2393 predictis
710 2326 842 2392 quatuor
873 2320 1128 2393 possessionibus,
1160 2335 1230 2377 cum
1262 2321 1406 2378 omnibus
1438 2322 1501 2378 suis

236 2428 422 2486 utilitatibus
445 2435 475 2484 et
498 2426 694 2500 pertinenciis
725 2426 820 2483 michi
842 2432 872 2482 et
895 2427 972 2482 meis
998 2425 1173 2497 heredibus,
1198 2425 1410 2498 heredumque
1433 2441 1502 2483 suc·

237 2535 419 2605 cessoribus,
442 2535 611 2607 assignaret
631 2533 697 2590 iure
720 2541 872 2606 perpetuo
895 2531 1122 2605 possidendam.
1146 2533 1232 2606 Ipsas
1256 2538 1359 2591 autem
1383 2547 1502 2606 posses·

236 2642 345 2711 siones,
369 2641 485 2698 scilicet
517 2643 650 2712 quatuor
685 2653 779 2712 supra
808 2638 982 2696 nominatas
1012 2654 1069 2711 ego
1099 2639 1255 2712 resignare
1287 2644 1406 2696 tenerer
1429 2655 1501 2696 cum

236 2746 299 2803 suis
322 2745 553 2819 impedimentis
576 2752 606 2801 et
628 2743 887 2817 occupacionibus
911 2744 1059 2816 magistro
1083 2743 1180 2801 Paulo
1202 2749 1371 2818 pretaxato.
1401 2743 1501 2819 Super

237 2866 300 2925 quo
323 2851 543 2909 excellenciam
567 2857 703 2908 vestram
733 2848 874 2923 supplice
905 2863 982 2921 rogo
1001 2855 1040 2918 et
1063 2854 1185 2922 attente,
1213 2856 1364 2923 quatenus
1387 2851 1499 2908 intuitu

237 2958 299 3015 mei
321 2956 451 3027 servicii,
475 2971 569 3030 super
598 2955 657 3012 boc
685 2954 766 3014 iacto
797 2953 934 3027 sepefato
965 2954 1083 3014 Gilioni
1113 2956 1174 3013 civi
1205 2955 1359 3027 Grecensi,
1383 2957 1501 3014 litteras

237 3067 356 3120 vestras
378 3067 518 3137 patentes
540 3060 608 3119 dari
631 3060 757 3119 faciatis.

324 3199 347 3247 E
366 3203 530 3261 transumpto
550 3196 719 3262 magistratus
739 3196 809 3247 civit.
831 3197 994 3256 Grechensis,
1015 3200 1047 3249 de
1066 3214 1133 3249 anno
1155 3209 1229 3263 1291.

342 3522 418 3567 Anno
441 3526 514 3579 1291.
838 3481 901 3549 74·

259 3647 370 3716 Hodus,
393 3663 480 3702 comes
502 3643 703 3717 zagrabicnsae's,
734 3642 907 3701 Grechenses
929 3645 1011 3711 ciues,
1034 3652 1068 3701 ul
1084 3645 1179 3700 comiti
1206 3643 1320 3701 Gilioni
1333 3646 1480 3718 palatium

625 3769 707 3807 suum
730 3757 870 3819 clamant,
893 3751 975 3806 enixe
997 3758 1108 3808 exorat.

245 3931 246 3934 ’
325 3916 408 3974 Viris
432 3914 571 3989 providis
596 3920 625 3970 et
648 3914 798 3983 hostestis‚
815 3913 985 3971 karissimis
1001 3913 1134 3971 dominis
1151 3922 1180 3971 et
1196 3916 1303 3972 amicis
1319 3931 1413 3987 quam
1431 3916 1500 3988 plu-

236 4027 351 4083 rimum
375 4020 554 4089 metuendis,
578 4019 672 4077 iudici
695 4025 725 4077 et
747 4020 899 4076 universis
922 4020 1043 4076 civibus
1066 4020 1317 4089 zagrabiensibus
1337 4020 1375 4076 de
1392 4027 1495 4077 monte

237 4130 339 4190 Grech
363 4127 544 4197 constitutis,
568 4141 671 4183 comes
694 4125 802 4182 Hodus
832 4125 991 4182 vinculum
1015 4141 1085 4182 cum
1111 4126 1249 4183 amicicia
1277 4127 1417 4198 pleniori.
1441 4126 1501 4183 No·

236 4238 317 4294 verit
339 4240 441 4292 vestra
463 4234 611 4301 amicicia,
635 4233 791 4306 palacium
817 4246 929 4299 meum,
955 4229 1038 4303 quod
1055 4239 1157 4287 vestra
1174 4231 1250 4287 bene
1267 4231 1352 4288 novit
1369 4232 1500 4287 circum·

237 4344 365 4416 speccio‚
383 4355 440 4414 pro
456 4339 636 4396 concambio
655 4344 787 4410 quatuor
803 4337 1040 4410 possessionum,
1057 4337 1173 4393 scilicet
1188 4352 1246 4410 pro
1263 4334 1409 4405 Polliuna,
1427 4337 1501 4392 item

237 4464 295 4523 pro
319 4447 431 4517 Buken,
455 4446 529 4502 item
555 4459 612 4516 pro
637 4445 725 4512 Mixe,
750 4443 823 4499 item
848 4457 906 4516 pro
930 4441 1037 4512 Giurk,
1062 4443 1120 4515 ipsi
1146 4443 1294 4514 magistro
1319 4442 1415 4498 Paulo
1437 4443 1500 4498 col-

238 4555 363 4620 locasse,
395 4553 448 4625 qui
480 4550 606 4623 quidem
637 4549 785 4620 magister
815 4548 929 4606 Paulus
960 4547 1053 4618 dedit,
1084 4548 1215 4604 contulit
1246 4564 1298 4604 seu
1335 4547 1500 4604 collocavit

238 4658 343 4717 Gilion
366 4664 469 4717 vestro
493 4657 612 4714 concivi
635 4670 693 4729 pro
716 4655 779 4713 suis
802 4654 940 4713 serviciis
970 4652 1164 4710 fidelioribus
1195 4659 1346 4726 perpetuo
1373 4662 1403 4710 et
1425 4655 1500 4710 irre·

238 4765 422 4823 vocabiliter
444 4778 516 4821 cum
538 4763 684 4821 omnibus
707 4761 770 4820 suis
792 4760 979 4818 utilitatibus
1002 4758 1094 4816 etad
1117 4759 1220 4833 ipsum
1249 4758 1406 4832 palacium
1429 4773 1501 4832 per·
