3488 5242
252 342 311 417 298
560 338 632 395 Dec.
651 353 724 415 314.
743 351 815 414 315.
844 372 878 379 -
904 338 960 396 An.
986 337 1207 417 1383—1384.

249 553 287 594 ex
315 538 397 595 iussu
423 544 452 594 et
479 537 694 594 commissione
728 537 857 610 capituli
890 537 1049 609 prenotati.
1084 537 1151 594 Lite
1186 543 1287 594 tamen
1321 538 1399 594 inter
1431 538 1516 611 ipsos

253 642 412 718 pendente.

341 779 381 826 Ex
401 784 460 827 actu
481 778 677 828 transactionali
697 779 762 828 inter
784 778 930 843 capitulum
948 779 1052 843 zagrab.
1073 785 1098 829 ct
1118 779 1187 828 cives
1207 779 1375 829 Grechenses
1396 779 1425 829 ln
1445 780 1515 829 arch.

251 884 307 917 ven.
328 866 406 931 capit.
427 867 534 931 2agrab.
556 866 616 915 fasc.
640 877 677 916 10.
698 882 735 916 nri
760 877 796 928 14.

840 1081 925 1146 314.

357 1189 432 1235 Anno
457 1186 529 1243 1383,
550 1194 571 1239 7.
592 1186 661 1235 maii.
682 1186 770 1235 frisii.

253 1318 354 1373 Bosov
384 1334 471 1372 cuntes
494 1316 636 1371 cremensis
658 1333 719 1371 cum
742 1316 880 1372 iudi'ribus
902 1316 1037 1371 nobilium
1060 1316 1180 1371 eziisilem
1207 1317 1355 1372 comitatus
1377 1317 1519 1389 facinora

251 1423 396 1478 honn'rmm
426 1429 454 1478 et
475 1422 674 1494 familiarium
708 1422 829 1494 capituli
856 1423 886 1476 in
917 1421 1086 1496 sobagtunes
1117 1421 1290 1479 Grecltenses
1319 1423 1415 1495 fricta,
1450 1440 1519 1478 veru

772 1545 837 1596 csse,
858 1528 996 1600 riserunt.

341 1672 404 1729 Nos
436 1671 532 1728 Basou
566 1686 669 1728 comes
692 1673 855 1742 crisyensis
878 1689 913 1728 ac
937 1671 1052 1728 iudices
1079 1671 1231 1728 nobilium
1256 1670 1294 1727 de
1316 1671 1433 1728 eodem.
1458 1674 1518 1728 Me-

255 1780 351 1836 morie
374 1777 638 1846 commendamus,
656 1777 826 1850 quodcum
850 1794 905 1835 nos
928 1776 966 1834 ad
992 1779 1153 1834 instantem
1171 1778 1354 1848 peticionem
1375 1777 1517 1849 Myklini,

252 1885 309 1942 filii
342 1885 499 1967 Johannis,
535 1883 643 1941 iudicis
681 1884 814 1941 civitatis
843 1884 955 1941 montis
982 1882 1174 1952 Grechensis‚
1199 1883 1383 1954 magistrum
1409 1882 1519 1952 Adam,

252 1991 432 2059 litteratum,
464 2005 560 2047 unum
584 2006 622 2045 ex
646 1990 734 2046 nobis
758 1991 874 2047 scilicet
898 1988 1051 2046 iudicibus
1075 1981 1226 2044 nobilium
1262 2003 1298 2044 ac
1318 1987 1518 2061 Stephanum,

254 2096 355 2154 filium
374 2096 463 2167 Petri,
480 2096 620 2154 homines
635 2103 765 2166 nostros,
789 2094 826 2151 ad
849 2095 1077 2166 infrascriptam
1095 2094 1329 2165 inquisicionem
1347 2093 1519 2151 faciendam

255 2202 509 2271 destinassemus;
532 2201 659 2258 demum
683 2200 776 2257 iidem
800 2200 910 2257 exinde
933 2200 972 2257 ad
997 2216 1052 2257 nos
1075 2200 1201 2270 reversi,
1222 2201 1311 2256 nobis
1327 2199 1521 2257 concorditer

254 2309 437 2374 retulerunt,
471 2306 553 2378 quod
585 2307 644 2379 ipsi
668 2307 708 2362 ab
741 2306 886 2364 omnibus
910 2307 1023 2378 quibus
1047 2305 1199 2363 decuisset
1222 2312 1252 2363 et
1275 2307 1419 2372 licuisset,
1443 2307 1521 2363 banc

256 2413 294 2470 de
317 2412 523 2486 infrascriptis
546 2413 706 2469 scivissent
728 2413 901 2480 veritatem,
932 2410 1016 2484 quod
1040 2412 1180 2468 homines
1203 2427 1257 2468 seu
1281 2411 1451 2468 familiares
1473 2427 1521 2468 ca·

255 2520 345 2592 pituli
381 2519 508 2576 ecclesie
539 2519 753 2589 zagrabiensis,
784 2517 859 2575 feria
891 2518 997 2589 quinta
1028 2518 1171 2590 proxima
1201 2522 1270 2574 ante
1303 2516 1415 2574 festum
1440 2518 1522 2574 beati

257 2625 416 2682 Ambrosii
440 2623 633 2692 confessoris,
658 2639 738 2680 nunc
760 2624 916 2696 preterita,
939 2623 1080 2694 Dragech
1103 2628 1132 2678 et
1148 2621 1327 2694 Georgium,
1344 2623 1522 2694 iobagiones

258 2731 339 2789 dicte
362 2731 503 2801 civitatis,
536 2731 565 2786 in
597 2729 751 2786 Craleuch
783 2729 957 2799 residentes¹
985 2730 1015 2786 in
1040 2729 1138 2786 libera
1160 2730 1211 2786 via
1233 2729 1271 2785 de
1295 2729 1376 2786 dicta
1399 2730 1522 2786 civitate

260 2853 366 2893 versus
390 2836 517 2893 domum
542 2851 649 2892 eornm
673 2835 903 2909 proficiscentes
925 2835 1115 2908 reperiendo
1133 2851 1171 2891 ex
1187 2836 1280 2903 iussu,
1297 2835 1373 2891 scitu
1391 2842 1421 2892 et
1437 2850 1522 2892 man·

260 2944 332 3000 dato
364 2941 475 3015 prefati
510 2941 639 3014 capituli
670 2941 746 2998 diris
776 2942 929 2998 wlnerum
962 2941 1063 3014 plagis
1093 2941 1274 3011 affecissent,
1306 2957 1341 2998 ac
1373 2942 1466 2998 rebus
1494 2946 1523 2998 et

260 3049 349 3106 bonis
374 3055 445 3105 tunc
468 3048 547 3104 circa
571 3063 623 3104 eos
647 3048 856 3114 existentibus,
881 3048 1072 3119 spoliassent.
1096 3046 1233 3103 Tandem
1258 3048 1396 3119 sequenti
1416 3046 1465 3103 die
1493 3049 1523 3104 in

260 3154 467 3228 obprobrium
491 3162 520 3210 et
545 3153 748 3225 preiudicium
773 3152 854 3209 dicte
877 3153 1009 3209 civitatis
1033 3152 1126 3225 culpa
1149 3168 1257 3209 eorum
1281 3154 1367 3209 nulla
1383 3154 1523 3225 exigente

260 3259 505 3332 suspendissent;
538 3260 592 3314 lite
623 3264 723 3314 tamen
757 3259 836 3315 inter
866 3258 983 3315 dictum
1014 3257 1146 3314 iudicem
1174 3266 1202 3314 et
1226 3259 1329 3330 ipsum
1352 3260 1524 3332 capitulum

262 3365 420 3439 pendente.
444 3364 560 3420 Datum
584 3363 683 3434 Crisii
707 3363 784 3420 feria
804 3365 909 3436 quinta
926 3363 1069 3434 proxima
1085 3370 1154 3419 ante
1171 3362 1284 3419 festum
1302 3364 1523 3422 Penthecostes.

262 3474 351 3527 Anno
375 3469 493 3526 domini
517 3468 740 3525 MCCCLXXX
765 3471 865 3526 tercio

350 3603 489 3668 Originale
508 3603 533 3652 in
553 3604 651 3661 charta,
671 3619 684 3653 a
705 3609 780 3666 tergo
800 3611 859 3653 sunt
879 3604 990 3668 vestigia
1017 3604 1097 3652 trium
1122 3603 1279 3667 sigillorum.
1305 3604 1333 3653 In
1353 3605 1423 3653 arch.
1443 3608 1523 3664 Acad.

262 3695 357 3745 Scient.
378 3694 445 3743 slav.
467 3692 559 3741 merid.
580 3694 672 3742 Exstat
692 3693 774 3742 eciam
793 3692 819 3742 in
839 3699 1064 3758 supramemorato
1084 3699 1143 3744 actu
1165 3693 1368 3743 transactionali.

854 3926 934 3990 315.

368 4086 443 4132 Anno
466 4085 538 4144 1384,
558 4093 581 4141 3.
600 4083 722 4146 januarii.
743 4083 772 4133 ln
793 4085 857 4134 villa
876 4084 990 4135 Susicha.

264 4210 411 4267 Elisabeth
428 4212 529 4282 regino
552 4212 728 4283 Hungarr'ac
750 4213 1000 4270 reuurbululroucm
1023 4221 1162 4270 melorum
1178 4217 1386 4287 possessionum
1407 4216 1530 4288 capituli

465 4319 526 4374 cccl.
550 4318 665 4389 zagrub.
689 4326 717 4374 el
738 4320 944 4376 corrrmmzilutis
974 4319 1151 4388 Grecltensis,
1169 4329 1319 4394 prorogat.

351 4460 511 4516 Elizabeth
535 4459 584 4516 dei
607 4462 710 4532 gracia
728 4462 832 4532 regina
848 4462 1014 4534 llungarie,
1033 4463 1166 4533 Polonie,
1184 4464 1344 4520 Dalmacie
1367 4470 1421 4520 etc.
1438 4462 1526 4520 Fide-

265 4567 347 4621 libus
368 4565 430 4622 suis
453 4566 590 4637 capitulo
615 4566 741 4623 ecclesie
764 4568 978 4638 zagrabiensis‚
1004 4570 1075 4625 item
1105 4567 1198 4625 iudici
1222 4574 1252 4625 et
1276 4570 1382 4625 iuratis
1405 4569 1527 4626 civibus

265 4670 302 4727 de
325 4679 429 4727 monte
453 4670 563 4742 Grech‚
587 4672 719 4729 salutem
744 4680 773 4729 et
796 4674 940 4745 graciam.
972 4675 1056 4731 Licet
1089 4690 1143 4731 nos
1175 4676 1339 4745 magistros
1362 4675 1527 4731 Nicolaum

264 4774 390 4848 Zambo,
415 4777 645 4835 tavarnicorum
667 4778 820 4850 regalium
852 4781 1035 4851 magistrum
1067 4785 1096 4837 et
1124 4780 1304 4861 Johannem
1339 4779 1442 4837 filium
1465 4779 1527 4840 Do-
