3488 5242
260 329 320 388 206
673 330 746 388 Dec.
771 325 842 388 228.
870 364 906 372 -
933 331 989 388 An.
1014 342 1099 408 1355.

257 528 409 603 specturis
431 530 564 587 salutern
587 530 618 586 in
646 529 755 587 salutis
786 529 942 602 largitore.
973 529 1198 588 Universorum
1229 531 1340 589 noticie
1368 535 1431 588 tarn
1455 547 1524 605 pre·

255 634 393 691 sencium
417 650 512 707 quam
535 633 712 692 futurorum
737 636 848 693 harum
864 636 943 693 serie
959 635 1107 694 volumus
1122 636 1190 694 fieri
1206 636 1413 706 manifestum,
1440 636 1523 709 quod

256 756 326 797 cum
349 740 426 798 feria
450 741 544 798 tercia
567 741 711 814 proxima
735 750 804 815 post
829 742 942 799 festum
966 741 1105 814 corporis
1138 742 1261 812 Christi,
1285 757 1365 798 anno
1385 742 1523 799 incarna-

256 846 352 904 cionis
382 846 521 904 eiusdem
551 846 662 904 MCCC
693 848 951 921 quinquagesimo
983 850 1086 919 tercio,
1117 847 1156 905 de
1191 848 1358 905 Grechensi
1390 849 1521 906 civitate.

257 952 326 1009 loco
350 953 517 1010 mansionis
547 958 660 1024 nostre,
691 954 758 1010 zelo
787 955 958 1028 spiritualis
989 954 1166 1012 devocionis
1199 954 1377 1012 cordialiter
1407 954 1523 1012 inducti

256 1058 494 1132 progrediendo,
518 1058 730 1117 kathedralem
752 1076 804 1117 seu
821 1061 1030 1135 episcopalem
1047 1061 1209 1118 ecclesiam
1236 1061 1465 1133 zagrabiensem
1482 1077 1520 1118 ex

256 1162 437 1221 fundacione
450 1164 586 1222 ladislai
599 1166 629 1222 in
642 1166 790 1223 honorem
804 1164 951 1239 Stephani
967 1167 1230 1223 sanctissimorum
1244 1165 1399 1238 quondam
1412 1182 1519 1239 regum

257 1270 423 1341 ilungarie,
447 1271 609 1328 beatarum
633 1272 886 1329 recordacionum
912 1272 1079 1329 illustrium
1097 1273 1329 1346 progenitorum
1345 1277 1522 1329 nostrorum

255 1381 462 1433 constructam
507 1377 726 1447 visitassemus,
761 1377 960 1435 honorabiles
990 1378 1050 1434 viri
1081 1378 1253 1451 capitulum
1285 1378 1381 1451 ipsius
1417 1393 1521 1448 ragra-

256 1482 370 1538 biensis
395 1483 530 1553 ecclesie,
553 1483 585 1540 in
606 1481 714 1539 eadem
738 1482 914 1540 kathedrali
938 1484 1073 1554 ecclesia,
1098 1498 1269 1555 genuorum
1293 1483 1424 1539 flexibus
1442 1499 1473 1539 se
1490 1483 1519 1540 in

255 1592 370 1645 terram
404 1589 577 1662 prostratis,
608 1588 881 1661 plurimorumque
911 1589 1082 1647 literalium
1117 1596 1390 1646 monumentorum
1427 1604 1519 1661 super

255 1693 452 1752 libertatibus
474 1694 594 1768 prefate
616 1695 745 1752 ecclesie
767 1696 982 1767 zagrabiensis,
1007 1700 1070 1752 tam
1094 1696 1135 1752 ab
1154 1696 1221 1767 ipso
1237 1696 1429 1752 sanctissimo
1446 1710 1517 1766 rege

256 1799 400 1857 Ladislao
423 1801 521 1874 ipsius
544 1800 672 1857 ecclesie
693 1806 728 1857 ut
751 1802 942 1874 premittitur
964 1800 1137 1870 fundatore,
1161 1816 1254 1872 quam
1279 1801 1348 1857 aliis
1372 1801 1435 1857 suis
1451 1816 1517 1857 suc·

255 1906 430 1963 cessoribus
453 1907 579 1977 regibus
603 1907 736 1963 obtentis
759 1912 972 1965 emanatorum
1004 1913 1033 1964 et
1065 1906 1286 1975 confectorum,
1310 1907 1411 1963 aureis
1435 1906 1518 1964 vide-

256 2011 325 2069 licet
348 2018 379 2069 et
402 2028 507 2084 cereys
532 2013 628 2070 bullis
651 2012 857 2086 pendentibus
889 2013 1128 2086 privilegialiter
1151 2014 1410 2085 consignatorum,
1435 2013 1519 2069 exhi·

256 2119 429 2176 bicionibus
454 2119 550 2190 factis,
574 2124 710 2176 nostram
737 2120 909 2176 humilibus
940 2119 1115 2191 flagitarunt
1148 2119 1292 2192 precibus
1326 2119 1518 2175 maiestatem

253 2240 347 2297 super
369 2240 415 2295 eo,
436 2231 470 2282 ut
494 2225 573 2282 inter
596 2230 696 2282 cetera
718 2225 816 2298 ipsius
840 2224 968 2282 ecclesie
992 2224 1138 2282 litteralia
1169 2225 1367 2291 munimenta,
1392 2224 1518 2297 privile-

253 2330 339 2402 gium
364 2331 481 2389 domini
505 2330 652 2405 Stephani
677 2333 767 2404 regis,
792 2331 979 2404 infrascripti
1005 2332 1127 2402 tenoris,
1151 2346 1245 2388 aurea
1267 2346 1321 2387 sua
1343 2331 1431 2387 bulla
1446 2347 1516 2388 con·

252 2437 417 2509 signatum,
441 2436 627 2495 confirmans
651 2438 863 2511 privilegiales
887 2438 1005 2494 litteras
1030 2436 1147 2494 domini
1165 2437 1237 2493 Bele
1260 2437 1341 2507 regis
1358 2438 1517 2509 patrissui

252 2543 498 2602 confirmatorias
514 2544 675 2601 literarum
693 2545 938 2617 privilegialium
955 2544 1037 2616 regis
1054 2543 1177 2600 Andree
1193 2544 1337 2600 similiter
1353 2544 1412 2600 sub
1429 2543 1518 2600 bulla

252 2665 345 2707 aurea
367 2649 577 2707 confectarum
592 2649 729 2722 sepefate
747 2651 938 2722 zagrabiensi
955 2650 1082 2706 ecclesie
1099 2650 1278 2706 libertatum
1303 2651 1516 2722 prerogativas

252 2758 292 2813 ab
315 2756 424 2813 eodem
448 2756 575 2813 domino
599 2755 723 2813 Andrea
747 2771 819 2827 rege
842 2756 983 2813 obtentas
999 2761 1029 2813 et
1046 2771 1203 2812 concessas
1220 2755 1451 2828 explicantium,
1468 2772 1517 2812 ac·

252 2868 382 2936 reptare,
407 2863 592 2937 approbare,
616 2862 778 2931 ratificare,
802 2868 1002 2934 tenoremque
1022 2861 1160 2918 eiusdem
1185 2860 1342 2935 privilegii
1364 2861 1402 2918 de
1419 2862 1516 2918 verbo

250 2969 290 3025 ad
314 2970 444 3026 verbum
470 2973 652 3042 perpetuam
676 2969 714 3024 ad
732 2969 885 3026 cautelam
912 2969 1025 3024 nostris
1041 2968 1152 3024 litteris
1170 2968 1418 3040 privilegialibus
1435 2975 1515 3024 tran·

251 3077 386 3149 sumpmi
412 3075 559 3144 faciendo,
584 3077 676 3148 plena
701 3075 802 3132 ducali
826 3079 975 3148 potestate
999 3074 1198 3145 dignaremur
1221 3073 1405 3131 confirmare

252 3183 314 3238 Nos
338 3182 440 3253 itaque
464 3181 749 3253 supplicacionibus
766 3183 862 3253 ipsius
878 3181 1084 3252 zagrabiensis
1101 3181 1228 3236 ecclesie
1245 3181 1372 3252 capituli
1397 3181 1514 3236 iusticie

251 3288 391 3344 consonis
415 3287 516 3342 ducali
541 3287 654 3359 pietate
676 3287 822 3354 inclinati,
854 3288 1009 3344 recensitis
1037 3289 1133 3343 eciam
1159 3293 1187 3343 et
1212 3287 1241 3344 in
1271 3288 1451 3343 memoriam
1469 3303 1514 3343 re·

252 3394 367 3450 vocatis
390 3394 453 3449 suis
476 3392 624 3449 fidelibus
648 3392 813 3465 obsequiis,
839 3408 899 3464 que
923 3399 1064 3466 tempore
1088 3394 1182 3465 primi
1206 3393 1355 3449 adventus
1372 3394 1467 3449 nostri
1484 3394 1515 3450 in

250 3499 433 3572 Zagrahiam
458 3500 527 3556 loco
551 3498 718 3555 mansionis
735 3505 838 3555 nostre
854 3499 952 3555 habiti
970 3515 1113 3572 sumpme
1130 3499 1288 3555 fidelitatis
1304 3498 1406 3555 studio
1423 3506 1514 3571 prout

249 3607 332 3677 regie
355 3606 460 3679 stirpis
485 3605 513 3660 in
538 3604 682 3674 adventu,
706 3603 764 3661 deo
787 3604 890 3661 devoti
913 3610 942 3661 et
955 3604 1063 3662 fideles
1080 3606 1232 3678 capellani
1260 3606 1354 3660 sacris
1371 3607 1514 3676 expansis

249 3712 389 3784 reliquiis
406 3712 495 3767 nobis
511 3712 541 3767 in
558 3711 685 3767 obviam
703 3709 892 3767 occurrendo
908 3711 1156 3783 sollempmniter
1173 3716 1397 3766 consveverunt
1415 3711 1513 3781 ymni·

250 3834 317 3874 zare
348 3833 383 3873 ac
414 3817 556 3873 decencia
586 3832 715 3873 munera
746 3817 991 3889 victualiumque
1023 3818 1186 3873 varietates
1214 3817 1347 3872 sollicite
1371 3817 1513 3873 ammini-

249 3932 346 3981 strare
379 3922 525 3991 faciendo,
550 3921 729 3995 impendere
761 3930 973 3996 procurarunt.
1003 3923 1034 3979 ln
1058 3924 1169 3979 horum
1195 3929 1223 3978 et
1248 3927 1419 3978 ceterorum
1445 3923 1513 3993 plu·

249 4031 339 4099 rium,
363 4046 423 4101 que
446 4029 484 4085 ad
509 4044 635 4101 presens
667 4043 722 4084 suo
754 4028 852 4103 modo·
879 4030 1000 4102 prolixa
1033 4034 1133 4085 essent
1157 4030 1350 4101 presentibus
1374 4029 1511 4084 seriatim

248 4135 417 4207 explanari,
435 4135 464 4191 in
481 4135 649 4205 aliqualem
667 4135 993 4206 recompensationem,
1010 4135 1132 4191 easdem
1155 4135 1272 4190 litteras
1300 4133 1512 4206 privilegiales

248 4241 320 4298 dicti
343 4241 460 4297 domini
484 4238 631 4312 Stephani
655 4241 745 4312 regis,
769 4246 905 4297 tenorem
923 4241 1096 4297 litterarum
1120 4240 1351 4314 privilegialum
1376 4241 1511 4296 annotati

248 4346 320 4402 Bele
355 4345 568 4403 confirmative
599 4347 717 4403 litteras
750 4346 947 4403 dominorum
984 4346 1106 4402 Andree
1140 4345 1295 4418 quondam
1334 4346 1510 4402 inclitorum

248 4468 356 4525 regum
379 4452 536 4524 ilungarie
561 4453 590 4508 in
615 4468 647 4509 se
670 4453 806 4508 seriatim
831 4453 1020 4524 explicantes
1050 4453 1078 4509 in
1111 4453 1199 4508 nulla
1228 4452 1273 4507 sui
1299 4458 1393 4523 parte.
1418 4459 1511 4524 prout

247 4558 410 4630 diligenter
433 4559 602 4615 examinari
627 4557 764 4628 fecimus,
788 4558 924 4626 viciataS,
949 4557 1170 4630 premissorum
1204 4557 1383 4613 libertatum
1413 4557 1509 4629 ipsius

247 4664 374 4737 capituli
398 4664 615 4735 zagrabyensis
638 4664 765 4721 ecclesie
790 4664 1035 4736 prerogativales
1058 4663 1248 4720 municiones
1265 4663 1293 4718 in
1311 4661 1425 4719 eisdem
1443 4663 1505 4734 pri·

248 4768 433 4841 vilegialiter
456 4769 585 4826 insertas
608 4778 812 4844 acceptamus,
843 4768 1040 4838 ratificamus,
1068 4769 1282 4843 approbamus
1309 4774 1399 4824 etex
1423 4782 1509 4824 mera
