3488 5242
602 322 675 385 Doc.
697 338 764 402 215.
788 321 858 384 216.
885 358 921 366 -
946 323 1003 381 An.
1028 320 1120 401 1348.
1173 340 1176 346 ⁴

824 520 904 586 215.

341 666 417 715 Anno
440 665 514 726 1348,
532 663 572 713 26.
590 661 713 728 januarii.
730 660 868 712 Avinione.

325 795 452 853 Urbano
475 794 589 851 Mathei
612 792 651 850 de
674 792 832 864 Zagrabia,
856 790 1002 848 canonico
1017 790 1217 862 zagrabiensi,
1233 807 1251 848 a
1267 789 1413 864 pontifice
1433 790 1502 847 Cle·

236 904 338 957 mente
361 900 411 958 Vl.
436 898 619 973 providetur
641 898 680 955 de
703 898 882 955 canonicatu
907 903 936 952 et
957 895 1134 969 praebenda
1157 897 1247 954 huius
1271 897 1425 955 ecclesiae.

324 1036 354 1083 A.
374 1033 499 1084 Theiner.
519 1033 588 1083 Mon.
609 1033 698 1098 Hung.
719 1032 779 1082 hist.
799 1031 818 1080 1.
839 1047 863 1096 p.
885 1039 942 1086 772.

829 1279 911 1344 216.

344 1423 420 1470 Anno
442 1420 516 1481 1348,
539 1428 576 1477 13.
596 1418 693 1468 martii.
712 1418 866 1483 Zagrabiae.

276 1548 407 1624 Jacobus
428 1548 507 1621 episc.
524 1546 641 1619 zagrab.
658 1553 783 1620 poenam
807 1552 907 1602 contra
932 1546 1074 1618 litigiosos
1096 1548 1245 1605 canonicos
1264 1555 1292 1604 ct
1307 1548 1462 1605 sacerdotes

794 1652 945 1710 constituit.

327 1800 361 1857 ln
383 1800 507 1857 nomine
530 1798 655 1857 domini.
679 1799 787 1855 Amen.
810 1796 946 1879 Jacobus
968 1795 1019 1852 dei
1041 1801 1071 1852 et
1102 1796 1271 1869 apostolice
1294 1796 1375 1854 sedis
1398 1797 1503 1869 gracia

239 1907 403 1979 episcopus
418 1905 632 1977 zagrabiensis
648 1903 808 1963 Universis
824 1902 1018 1976 presencium
1033 1902 1179 1959 noticiam
1196 1903 1348 1960 habituris
1371 1903 1504 1960 salutem

239 2013 270 2069 in
287 2011 413 2069 domino
429 2012 657 2085 sempiternam.
675 2008 769 2067 Sacre
785 2009 937 2082 scripture
952 2008 1135 2077 testimonio,
1152 2009 1234 2065 circa
1249 2009 1391 2066 subditos
1407 2010 1505 2066 inesse

240 2116 332 2174 debet
354 2117 527 2175 rectoribus
550 2120 580 2173 et
603 2116 681 2173 iuste
704 2115 867 2173 consulens
892 2113 1103 2171 misericordia
1126 2118 1156 2170 et
1178 2115 1230 2187 pie
1261 2116 1381 2172 seviens
1411 2114 1501 2172 disci-

239 2223 335 2297 plina,
359 2231 393 2280 ut
415 2223 454 2280 sit
475 2237 564 2280 amor
587 2223 668 2279 circa
690 2237 751 2292 eos,
774 2219 829 2278 sed
852 2233 913 2276 non
928 2219 1094 2288 emoliens;
1114 2220 1153 2276 sit
1168 2220 1261 2292 rigor,
1285 2220 1340 2277 sed
1355 2235 1417 2278 non
1432 2236 1504 2278 exa-

240 2344 387 2402 sperans;
411 2330 450 2386 sit
473 2329 579 2402 pietas,
603 2327 656 2385 sed
680 2341 741 2385 non
764 2328 837 2401 plus
860 2340 956 2399 quam
978 2324 1104 2398 expedit
1126 2340 1264 2399 parcens.
1293 2325 1341 2383 Ad
1364 2331 1505 2384 nostrum

241 2435 352 2507 itaque,
375 2433 459 2507 quod
483 2434 625 2491 dolenter
639 2433 813 2500 referimus,
834 2431 975 2506 pervenit
991 2431 1141 2503 auditum,
1157 2431 1241 2504 quod
1258 2433 1338 2490 inter
1352 2432 1505 2505 quosdam

241 2539 351 2598 fratres
374 2545 495 2597 nostros
518 2539 557 2597 de
579 2539 716 2613 capitulo
738 2537 930 2610 zagrabiensi
954 2538 984 2595 in
1008 2538 1187 2595 chasmense
1224 2539 1298 2596 talia
1321 2538 1506 2612 quandoque

242 2647 340 2718 iurgia
364 2651 392 2702 et
415 2646 629 2703 contenciones
651 2645 800 2715 oriuntur,
824 2660 862 2700 ex
886 2644 1000 2716 quibus
1017 2624 1057 2700 ad
1075 2645 1173 2701 verba
1188 2645 1394 2716 obprobriosa
1410 2646 1502 2702 nimis

241 2758 271 2809 et
294 2752 417 2809 diversa
441 2753 594 2825 vituperia
617 2767 678 2809 non
702 2752 766 2808 sine
788 2751 877 2822 gravi
900 2750 1047 2807 scandalo
1071 2752 1265 2824 pervenitur;
1289 2752 1347 2808 nisi
1371 2767 1445 2825 ergo
1462 2757 1506 2808 ta-

242 2858 325 2915 libus
348 2858 521 2931 conpetenti
543 2857 681 2914 remedio
705 2862 891 2927 occurratur,
915 2856 1008 2928 longe
1035 2871 1153 2930 peyora
1176 2873 1214 2913 ex
1237 2857 1297 2913 hiis
1317 2857 1503 2930 quandoque

242 2970 384 3036 poterant
407 2965 537 3022 evenire.
561 2963 664 3036 Quare
688 2963 826 3019 volentes
850 2967 959 3019 contra
980 2962 1043 3032 hec,
1067 2967 1101 3018 ut
1124 2968 1272 3032 tenemur,
1297 2964 1326 3019 in
1350 2969 1502 3035 quantum

243 3075 288 3126 est
311 3071 400 3127 nobis
423 3069 461 3127 ad
486 3086 612 3142 presens
634 3068 783 3142 possibile
806 3067 954 3125 adhibere
971 3067 1135 3137 medelam,
1152 3069 1235 3125 omni
1253 3084 1313 3139 qua
1339 3083 1503 3141 possumus

244 3175 437 3232 districcione
460 3175 672 3249 prohibemus
696 3191 733 3231 ne
757 3174 795 3230 de
817 3179 918 3231 cetero
940 3173 1053 3245 aliquis
1077 3190 1114 3228 ex
1139 3171 1286 3229 fratribus
1309 3175 1420 3230 nostris
1437 3191 1505 3247 pre-

244 3280 333 3339 dictis
358 3283 407 3338 vel
432 3282 511 3338 alter
534 3282 722 3354 quicumque
746 3280 784 3337 de
817 3280 901 3337 clero
932 3285 1107 3335 nostrarum
1138 3280 1345 3350 zagrabiensis
1369 3285 1398 3335 et
1421 3280 1507 3335 chas-

245 3388 359 3444 mensis
382 3387 590 3455 ecclesiarum,
613 3386 749 3443 clericali
766 3385 917 3443 modestia
934 3386 1112 3457 postposita,
1129 3391 1344 3458 presumpmat
1360 3385 1508 3442 excedere

245 3494 275 3549 in
298 3494 464 3567 premissis
489 3493 684 3565 Quicumque
707 3499 811 3548 autem
831 3509 868 3547 ex
893 3490 1038 3564 predictis
1062 3490 1209 3547 tratribus
1226 3492 1340 3548 nostris
1356 3492 1451 3548 alium
1470 3509 1507 3549 ex

245 3598 360 3655 eisdem
384 3598 530 3655 svadente
554 3597 691 3669 dyabolo
714 3597 820 3669 agredi
848 3613 939 3654 ausus
971 3596 1062 3653 tuerit
1091 3597 1195 3653 verbis
1218 3597 1433 3669 obprobriosis
1457 3600 1506 3655 vel

246 3706 443 3780 vituperiosis
467 3711 520 3762 aut
543 3705 612 3762 aliis
627 3704 781 3761 iniuriosis
798 3703 984 3773 notabiliter,
1001 3718 1113 3777 penam
1130 3702 1297 3758 solucionis
1313 3704 1409 3759 trium
1427 3719 1508 3760 mar·

168 3832 170 3836 ·
246 3827 360 3880 carum,
385 3818 506 3867 monete
530 3826 588 3884 pro
611 3817 750 3883 tempore
774 3810 932 3877 currentis
956 3809 1092 3865 incurrat
1115 3808 1184 3880 ipso
1209 3807 1297 3876 facto
1323 3825 1379 3880 pro
1404 3816 1508 3866 nostra

247 3933 368 3974 camera
404 3917 541 3974 faciende
565 3922 594 3974 et
618 3917 809 3974 tantumdem
834 3916 991 3985 obligetur
1014 3915 1070 3983 illi,
1095 3930 1188 3986 quem
1213 3914 1384 3983 offenderit,
1405 3916 1430 3971 si
1454 3931 1508 3989 pa·

247 4024 361 4080 cienter
384 4023 443 4079 sibi
465 4022 584 4080 illatam
610 4023 752 4079 iniuriam
776 4021 989 4095 supportabit,
1013 4020 1066 4077 sed
1090 4021 1115 4076 si
1141 4036 1173 4076 se
1197 4021 1365 4077 vindicabit
1389 4022 1508 4093 absque

248 4128 457 4185 moderamine
482 4129 636 4201 inculpate
660 4128 762 4198 tutele,
786 4144 822 4184 eo
845 4143 915 4184 casu
940 4127 999 4184 sibi
1023 4126 1116 4183 nichil
1153 4128 1273 4199 penitus
1297 4127 1454 4198 debeatur,
1479 4132 1508 4183 et

248 4235 464 4291 nichilominus
489 4249 601 4305 penam
634 4235 799 4291 solucionis
829 4234 1057 4307 suprapositam
1091 4248 1148 4305 pro
1177 4232 1340 4290 medietate
1365 4235 1508 4303 incurrat,

248 4349 351 4397 nostre
375 4355 496 4397 camare
520 4340 712 4414 applicande.
744 4341 804 4411 Qui
835 4355 910 4397 vero
941 4339 979 4397 de
1010 4340 1094 4396 clero
1125 4339 1304 4396 earumdem
1333 4347 1508 4397 nostrarum

248 4447 455 4515 ecclesiarum,
479 4445 632 4503 inferioris
655 4444 778 4517 gradus,
810 4446 947 4518 aliquem
979 4463 1016 4503 ex
1048 4445 1194 4518 predictis
1228 4445 1374 4503 fratribus
1398 4431 1510 4504 nostris

249 4552 407 4626 premissis
424 4552 541 4608 iniuriis
558 4552 608 4607 vel
625 4553 729 4623 aliqua
745 4568 783 4608 ex
798 4551 915 4608 eisdem
932 4552 1077 4620 affecerit,
1095 4553 1181 4623 penis
1197 4552 1383 4624 supradictis
1399 4553 1510 4609 eodem

249 4656 343 4714 modo
366 4650 522 4714 subiaceat
546 4672 583 4714 eo
605 4658 689 4730 ipso;
713 4656 805 4731 quod,
822 4659 956 4731 siquem
973 4673 992 4715 a
1007 4657 1164 4714 solucione
1181 4658 1359 4715 huiusmodi
1375 4659 1406 4716 in
1422 4666 1510 4732 parte

249 4762 301 4820 vel
325 4763 354 4820 in
378 4768 442 4821 toto
465 4763 569 4836 inopia
603 4768 770 4834 excusaret,
805 4764 874 4821 talis
904 4764 992 4837 penis
1015 4764 1084 4821 aliis
1114 4762 1269 4837 affligatur
1300 4778 1358 4837 pro
1381 4765 1511 4823 arbitrio
