3488 5242
655 347 728 404 Doc.
752 341 823 421 258.
850 379 887 388 -
912 346 968 404 An.
992 354 1078 422 1375.
1434 364 1493 424 247

234 452 647 460 ————.-·—--———--.
657 452 809 459 -—--

232 542 366 614 liassent,
391 543 595 601 denudassent
617 554 647 600 et
668 543 882 617 deturpassent
900 545 932 603 in
948 544 1082 603 dedecus
1097 545 1260 603 muliebris
1282 560 1373 602 sexus
1396 551 1425 603 et
1441 546 1495 602 ho·

232 648 331 718 noris;
355 653 384 706 et
407 649 462 706 ubi
485 647 593 706 eedem
616 649 763 706 mulieres
786 655 817 706 et
838 650 975 723 virgines
990 650 1161 709 clamorem
1177 649 1319 708 fecissent
1334 649 1372 707 de
1387 650 1496 723 spoliis

231 769 339 811 earum
362 754 437 828 ipsis
461 754 566 823 illatis,
589 761 619 812 et
642 770 714 812 cum
737 770 788 812 eas
811 754 977 813 defendere
1000 756 1171 814 voluissent
1194 755 1298 813 mariti
1321 759 1352 813 et
1375 756 1496 827 cognati

232 859 378 932 ipsarum,
410 865 482 917 tunc
511 859 642 933 predicti
673 861 813 918 homines
844 862 972 935 capituli
1002 877 1095 935 super
1125 862 1210 935 ipsos
1241 861 1408 932 irruissent,
1441 862 1496 918 ubi

232 965 372 1023 homines
395 966 492 1039 ipsius
513 967 647 1025 civitatis
669 982 702 1023 se
726 965 919 1025 defendendo
942 967 1048 1040 aliqua
1068 983 1156 1024 arma
1170 968 1310 1041 ipsorum
1326 966 1355 1023 in
1372 967 1495 1038 signum

230 1073 416 1146 recepissent
447 1078 477 1130 et
507 1073 551 1130 sic
581 1074 728 1131 mulieres
759 1078 789 1131 et
821 1072 903 1131 filias
931 1074 1071 1147 ipsorum
1103 1072 1316 1130 defendissent.
1343 1072 1411 1129 Hiis
1434 1088 1495 1129 non

231 1177 425 1249 sufficientes,
443 1178 552 1237 eodem
577 1178 626 1236 die
642 1179 724 1236 circa
738 1179 848 1236 horam
864 1194 1065 1252 vesperarum
1082 1178 1121 1236 ad
1136 1178 1257 1237 Novam
1274 1178 1385 1235 villam
1399 1194 1495 1252 prope

231 1283 360 1341 fluvium
385 1284 483 1356 Zawe,
517 1301 577 1358 que
601 1286 700 1343 estin
731 1285 887 1343 territorio
918 1285 1052 1343 civitatis
1082 1284 1228 1359 predicte,
1259 1284 1400 1342 homines
1426 1300 1495 1357 pre-

231 1389 302 1448 dicti
327 1391 456 1464 capituli
479 1407 517 1448 ex
540 1391 757 1449 commissione
791 1391 929 1449 eiusdem
956 1407 1049 1465 super
1072 1393 1172 1465 ipsam
1195 1391 1307 1449 villam
1331 1406 1423 1447 mauu
1447 1406 1495 1448 ar·

230 1502 313 1552 mata
343 1502 373 1554 et
403 1496 539 1554 violenta
562 1497 730 1569 irruissent,
753 1497 809 1554 ubi
831 1495 961 1555 feminas
991 1502 1021 1554 et
1051 1497 1186 1570 virgines
1217 1496 1430 1570 deturpassent
1465 1501 1495 1553 et

231 1600 382 1672 quasdam
405 1601 580 1671 violassent,
612 1617 647 1659 ac
671 1618 768 1660 unum
790 1603 949 1675 pociorem
972 1603 1168 1676 iobagionem
1192 1602 1222 1660 in
1245 1601 1383 1676 predicta
1406 1600 1493 1659 Nova

231 1705 307 1762 villa
331 1706 360 1763 in
384 1722 440 1763 sua
463 1705 557 1763 domo
578 1706 696 1765 crudeli
713 1723 786 1764 nece
800 1707 989 1766 occidissent.
1007 1708 1135 1782 Insuper
1151 1707 1319 1780 quemdam
1335 1709 1493 1764 concivem

230 1811 363 1869 civitatis
388 1811 533 1885 predicte,
558 1811 703 1869 videlicet
727 1813 918 1884 Michaelem,
940 1813 1043 1871 filium
1067 1813 1218 1884 Damiani,
1243 1828 1335 1870 manu
1359 1813 1495 1870 violenta

231 1917 438 1991 captivassent
462 1923 492 1974 et
513 1916 722 1989 detinuissent,
745 1933 781 1975 ac
803 1919 833 1976 in
857 1920 997 1992 ipsorum
1028 1919 1160 1976 vinculis
1176 1926 1302 1991 captum
1319 1918 1494 1987 tenuissent,

230 2038 391 2096 quousque
415 2038 523 2080 eorum
547 2023 714 2097 placuisset
737 2024 898 2096 voluntati,
922 2024 1054 2082 eundem
1082 2025 1112 2081 iu
1136 2023 1360 2096 quinquaginta
1382 2024 1494 2080 marcis

230 2126 426 2185 denariorum
460 2129 500 2185 ab
532 2129 601 2202 ipso
631 2130 826 2203 recepissent,
856 2130 960 2204 ipsum
988 2129 1026 2186 de
1050 2144 1158 2187 eorum
1181 2128 1313 2185 vinculis
1348 2126 1494 2200 predictis

229 2234 409 2292 emisissent.
431 2235 503 2292 Post
520 2234 575 2291 hec
591 2234 690 2291 eciam
706 2232 907 2308 Stephanum,
925 2235 1027 2293 filium
1042 2235 1160 2316 Jacobi,
1177 2234 1337 2292 concivem
1353 2234 1493 2307 ipsorum

229 2339 345 2397 civium
368 2340 501 2397 civitatis
525 2340 652 2413 prefate,
676 2341 731 2398 ubi
754 2355 850 2414 equos
873 2341 971 2416 patris
994 2342 1041 2399 sui
1064 2341 1096 2399 in
1111 2341 1234 2414 pascuis
1249 2340 1346 2414 ipsius
1362 2339 1494 2397 civitatis

229 2444 443 2503 custodivisset
474 2446 689 2519 captivassent,
724 2453 754 2504 et
786 2447 817 2505 in
844 2461 952 2504 eorum
986 2446 1120 2504 vinculis
1153 2445 1362 2517 detinuissent,
1396 2444 1494 2503 donec

229 2552 367 2624 ipsorum
399 2550 567 2624 placuisset
595 2552 755 2611 voluntati.
786 2553 825 2610 Et
850 2553 905 2611 ubi
929 2553 989 2627 ipsi
1011 2553 1095 2610 cives
1117 2553 1222 2627 aliqua
1246 2553 1343 2609 verba
1365 2566 1494 2625 prepro-

229 2657 331 2715 missis
355 2656 511 2729 dixissent,
544 2663 573 2715 et
596 2674 668 2716 cum
690 2658 830 2732 predicto
854 2660 992 2733 capitulo
1015 2665 1145 2733 propter
1167 2659 1307 2732 ipsorum
1330 2674 1441 2731 graves
1464 2666 1494 2715 et

229 2778 369 2821 enormes
400 2765 594 2822 necessitates
624 2765 823 2837 altricassent,
859 2771 931 2823 tunc
963 2766 1067 2839 ipsum
1090 2765 1262 2840 capitulum
1286 2764 1493 2839 respondisset

228 2882 266 2925 ex
289 2867 420 2926 adverso
445 2869 579 2928 dicentes
598 2869 723 2928 eisdem
731 2870 920 2929 iniuriando:
948 2877 981 2928 ut
997 2871 1057 2945 ipsi
1073 2871 1155 2928 cives
1171 2870 1272 2927 adhuc
1286 2885 1349 2928 non
1365 2869 1494 2927 fuissent

229 2975 364 3047 cremati,
389 2976 471 3033 bono
495 2975 597 3046 modu,
621 2975 675 3033 sed
699 2975 802 3033 futura
826 2977 933 3051 peiora
955 2977 1068 3035 sentire
1094 2975 1242 3033 deberent
1265 2976 1294 3033 in
1319 2991 1493 3033 concrema·

228 3080 314 3138 cione
338 3080 418 3138 dicte
442 3081 576 3139 civitatis
599 3098 715 3140 eorum.
739 3083 802 3142 Ubi
826 3075 934 3140 eodem
957 3098 1034 3154 sem,
1052 3081 1196 3140 videlicet
1212 3083 1242 3139 in
1259 3082 1308 3139 die
1326 3081 1394 3139 festi
1411 3083 1493 3140 beati

228 3187 388 3245 laurencii
412 3188 557 3259 martiris,
587 3188 758 3262 predictam
782 3189 941 3247 civitatem
965 3189 996 3246 in
1018 3188 1088 3246 loco
1112 3188 1234 3246 meliori
1258 3193 1289 3245 et
1312 3188 1416 3262 platea
1438 3201 1492 3261 po·

228 3293 303 3351 ciori
334 3293 404 3365 igne
435 3292 576 3351 fecissent
608 3309 705 3366 usque
736 3293 774 3351 ad
804 3310 962 3352 summum
994 3295 1059 3353 eius
1090 3295 1287 3366 concremari,
1327 3310 1389 3367 quo
1423 3310 1492 3351 sero

229 3398 356 3471 quidam
390 3399 513 3456 institor
540 3399 664 3457 nomine
687 3399 842 3481 Johannes
864 3398 904 3457 ad
926 3417 982 3458 sua
1004 3399 1205 3458 mercimonia
1228 3398 1267 3457 de
1291 3398 1429 3473 predicta
1451 3400 1492 3457 ci·

228 3506 323 3562 vitate
346 3506 404 3562 iter
426 3521 517 3563 suum
550 3506 730 3579 arripuisset
760 3505 936 3564 faciendum
966 3512 996 3565 et
1018 3506 1094 3564 dum
1117 3505 1221 3580 ipsum
1244 3506 1346 3578 ignem
1370 3510 1399 3562 et
1422 3521 1492 3562 con·

228 3612 454 3669 cremacionem
478 3629 510 3669 se
534 3612 718 3670 revertendo
748 3612 884 3684 vidisset,
915 3629 989 3671 mox
1021 3627 1163 3670 reversus
1187 3611 1302 3681 fuisset,
1327 3618 1398 3668 tunc
1420 3627 1493 3668 eum

229 3718 257 3774 in
284 3717 335 3774 via
359 3718 485 3790 publica
516 3718 647 3791 predicti
677 3719 817 3776 homines
848 3719 976 3792 capituli
1005 3717 1187 3792 reperiendo
1217 3724 1247 3774 et
1273 3716 1312 3774 de
1347 3716 1492 3775 mandato

229 3823 325 3897 ipsius
349 3823 478 3895 capituli
502 3822 619 3881 crudeli
644 3840 716 3881 nece
739 3824 929 3895 occidissent,
951 3825 1094 3897 bonaque
1116 3839 1172 3881 sua
1191 3824 1231 3880 ab
1254 3821 1362 3880 eodem
1387 3823 1492 3879 abstu-

230 3929 342 3986 lissent.
366 3929 434 3986 Hiis
457 3944 517 3986 non
541 3931 681 4001 contenti,
697 3929 832 3987 secundo
847 3929 898 3988 die
914 3929 983 3988 festi
999 3929 1139 4004 predicti,
1155 3929 1222 4002 ipsa
1239 3928 1487 3985 concremacione

227 4035 307 4092 dicte
330 4034 463 4092 civitatis
493 4041 626 4108 peracta,
657 4036 687 4093 in
720 4037 859 4109 ipsorum
890 4036 1006 4093 civium
1030 4050 1141 4108 campo
1164 4033 1202 4092 ad
1227 4049 1357 4107 peccora
1383 4049 1490 4091 eorum

227 4141 394 4212 irruissent,
418 4141 471 4198 ubi
496 4142 563 4215 ipsa
586 4157 716 4215 peccora
732 4143 945 4215 pascebantur,
962 4149 1033 4199 cum
1050 4139 1248 4199 multitudine
1264 4154 1391 4196 suorum
1407 4155 1490 4196 com·

228 4247 346 4319 plicum
370 4262 462 4304 manu
494 4252 612 4305 armata
642 4253 672 4305 et
702 4249 836 4305 violenta
867 4248 1066 4305 abstulissent
1096 4255 1125 4303 et
1156 4245 1225 4303 fena
1257 4246 1397 4318 ipsorum
1421 4261 1492 4302 con·

227 4358 353 4425 gregata
377 4353 407 4410 in
428 4354 547 4411 acervis
570 4353 684 4410 auferri
708 4352 849 4411 fecissent
872 4354 1012 4426 potencia
1036 4352 1198 4410 mediante.
1215 4352 1282 4410 Lite
1297 4358 1400 4409 tamen
1419 4368 1491 4425 pen·

228 4456 318 4516 dente
340 4459 420 4516 inter
442 4459 535 4531 ipsos,
568 4467 659 4532 prout
682 4458 846 4533 superinde
869 4464 952 4517 certo
976 4465 1006 4516 et
1026 4457 1145 4516 efficaci
1179 4457 1364 4515 documento
1391 4463 1491 4531 potest

228 4565 434 4637 comprobari.

316 4700 553 4751 Etransactionali
579 4703 736 4752 documento
762 4700 908 4766 capitulum
932 4700 1101 4767 zagrabiensc
1121 4699 1189 4750 inter
1215 4705 1241 4750 et
1260 4699 1402 4758 civitatem,
1422 4698 1491 4749 iacto

230 4804 296 4839 anno
320 4790 393 4854 1469,
412 4790 439 4840 in
458 4805 511 4854 quo
530 4788 674 4855 conscripti
691 4795 752 4841 sunt
771 4788 853 4841 eciam
872 4789 938 4841 certi
957 4789 1073 4849 articuli,
1094 4789 1141 4840 tali
1160 4790 1209 4840 sub
1229 4787 1322 4841 titulo:
1341 4788 1439 4854 Incipit
1451 4804 1491 4839 rc·
