3488 5242
240 359 301 418 aqo
652 338 726 395 Doc.
744 332 822 412 508.
849 369 886 378 -
912 337 968 394 An.
994 333 1084 414 1380.

922 444 982 449 —
987 443 1154 450 ---..-.

237 540 320 596 xime
343 537 508 611 preteritis,
534 552 637 593 coram
663 536 753 595 vobis
776 536 807 592 in
831 551 922 593 causa
945 536 1024 592 inter
1047 534 1145 592 dictos
1168 535 1251 591 cives
1274 534 1315 590 ab
1331 549 1400 604 una,
1418 539 1505 606 parte

237 660 311 702 vero
334 645 374 700 ab
398 643 459 700 alia
496 645 643 712 Marcum,
667 641 769 699 filium
794 642 932 713 Mykech,
967 646 1113 710 vertente,
1137 639 1364 712 comparuisset
1387 646 1417 696 et
1441 645 1505 697 tan·

237 751 309 807 dem
337 751 367 807 in
399 749 536 820 birsagio
567 749 726 806 convictos
759 748 971 815 remansisset;
1002 754 1032 804 et
1059 748 1185 819 insuper
1207 744 1335 818 pretatis
1359 744 1452 801 iudici
1476 749 1506 801 et

237 857 345 913 iuratis
381 856 503 912 civibus
537 859 682 911 octavum
720 853 803 910 diem
827 852 896 910 testi
921 853 1003 910 beati
1026 851 1185 908 Michaelis
1208 850 1386 922 archangeli
1410 850 1505 921 assig-

237 962 364 1018 nassetis
389 975 445 1033 pro
470 961 601 1017 termino
625 959 834 1033 comparendi,
859 958 931 1016 licet
954 959 1030 1032 ipsis
1054 959 1172 1029 integra
1189 962 1219 1013 et
1235 963 1380 1014 consveta
1395 964 1504 1013 octava

236 1075 329 1141 atque
362 1072 487 1124 extensa
521 1073 616 1140 prout
651 1066 760 1122 ceteris
795 1064 1106 1152 causantibus'licite
1141 1063 1276 1119 debebat
1303 1063 1377 1120 dari.
1402 1062 1505 1136 Quare

237 1174 461 1231 committimus
484 1173 583 1243 vobis,
608 1178 759 1244 quatenus
783 1169 958 1227 huiusmodi
984 1170 1150 1226 terminum
1174 1167 1213 1225 ad
1230 1174 1355 1226 octavas
1371 1169 1505 1241 integras

237 1280 331 1336 sancti
370 1278 541 1350 Mychaelis
575 1278 726 1334 affuturas
761 1276 940 1345 extendatis,
972 1275 1056 1332 aliud
1092 1289 1151 1331 non
1181 1275 1300 1332 facturi.
1333 1274 1450 1331 Datum
1474 1275 1504 1332 in

237 1393 337 1442 castro
372 1390 478 1441 nostro
514 1383 701 1455 Veyglecsth
736 1387 854 1452 vocato,
889 1380 965 1438 feria
1000 1387 1110 1452 quarta
1133 1380 1277 1453 proxima
1299 1386 1368 1435 ante
1392 1378 1504 1436 festum

238 1491 320 1548 beati
344 1489 445 1562 Egidii
469 1488 661 1547 confessoris.
686 1490 776 1545 Anno
799 1487 916 1544 domini
941 1485 1173 1544 MCCCLxxX.

324 1629 346 1674 Α
367 1631 455 1690 tergo:
475 1624 704 1675 Reverendissimo
723 1623 750 1673 in
769 1622 876 1673 Christo
896 1621 974 1687 patri,
994 1621 1101 1671 domino
1120 1621 1265 1678 Demetrio,
1283 1620 1420 1675 cardinali,
1435 1621 1502 1670 Stri-

236 1713 365 1779 goniensi,
385 1720 475 1763 nostro
499 1714 603 1763 devoto.
1148 1701 1156 1709 ’

326 1836 465 1901 Originale
485 1836 512 1885 in
532 1836 630 1892 charta,
650 1852 663 1885 a
683 1841 759 1899 tergo
774 1836 930 1900 impressum
949 1841 987 1885 est
1000 1842 1130 1884 secretum
1149 1835 1268 1900 sigillum
1288 1835 1366 1899 regis.
1389 1834 1418 1884 ln
1432 1835 1503 1884 arch.

238 1925 254 1972 l.
276 1939 296 1972 r.
317 1924 366 1973 civ.
386 1925 491 1990 zagrab.

827 2137 918 2203 308.

344 2280 420 2327 Anno
443 2277 517 2336 1380,
537 2287 578 2339 29.
598 2276 762 2341 septembris.
781 2277 934 2342 Zagrabiae.

274 2406 368 2461 Pauli
388 2405 510 2479 episcopi
530 2405 725 2476 aagrabicnsis
744 2404 778 2461 de
793 2403 954 2479 fhndando
970 2405 1027 2478 pio
1049 2405 1200 2462 sodalitate
1215 2413 1274 2478 pro
1296 2408 1415 2463 niortuis
1438 2408 1468 2462 in

668 2511 781 2568 ccclesia
804 2510 921 2584 zugrab.
946 2511 1066 2568 litterae.

326 2655 440 2712 Paulus
474 2654 524 2711 dei
557 2661 586 2710 et
621 2654 791 2726 apostolice
827 2653 909 2710 sedis
943 2655 1047 2724 gracia
1085 2656 1247 2727 episcopus
1284 2657 1501 2728 zagrabiensis

238 2762 390 2819 Omnibus
414 2761 539 2817 humani
563 2762 683 2832 generis
708 2761 736 2817 in
761 2760 876 2817 Christi
897 2759 1041 2816 videlicet
1064 2761 1167 2831 gracia
1191 2761 1394 2819 existentibus
1418 2770 1448 2819 et
1472 2764 1502 2820 in

238 2868 394 2940 ergastulo
416 2867 555 2939 corporis
577 2866 767 2938 degentibus,
792 2867 906 2939 quibus
931 2867 1125 2938 presencium
1143 2868 1307 2925 innotuerit
1330 2870 1432 2938 serieS,
1450 2870 1502 2926 be·

237 2973 441 3031 nedictionem
466 2979 627 3045 paternam
650 2989 720 3030 cum
745 2972 850 3029 salute.
875 2972 954 3028 Cum
979 2987 1037 3044 pro
1060 2977 1234 3029 vestrorum
1251 2974 1406 3030 bonorum
1429 2990 1502 3047 ope·

238 3095 307 3136 rum
329 3079 510 3136 ostensionis
533 3079 726 3134 exortacione
757 3084 787 3134 et
816 3078 939 3134 Christo
970 3078 1078 3134 sedula
1102 3094 1159 3150 pro
1184 3080 1293 3136 vestris
1317 3081 1447 3152 piaculis
1471 3081 1500 3138 in

239 3184 522 3242 remuneracionem
548 3183 649 3240 future
673 3184 738 3257 spei
762 3184 955 3241 exhibicione
979 3182 1090 3239 fratres
1106 3189 1135 3239 et
1152 3183 1210 3240 tilii
1226 3185 1321 3241 nostri
1347 3184 1501 3243 karissimi

237 3291 310 3363 plus
333 3290 497 3347 solitorum
521 3289 646 3346 solliciti
670 3288 876 3358 advertamus,
900 3289 982 3360 quod
1009 3304 1092 3345 mors
1113 3290 1267 3346 neminem
1285 3291 1430 3361 excludit,
1448 3292 1501 3349 sed

239 3396 384 3452 omnibus
408 3393 501 3450 finem
527 3393 640 3450 faciens
663 3395 823 3451 abreviato
846 3395 949 3467 sepius
971 3396 1033 3453 vite
1050 3412 1140 3452 cursu
1157 3396 1314 3454 ordinario
1335 3405 1501 3470 antequam

239 3501 449 3572 unusquisque
480 3504 595 3556 crescat
627 3500 657 3555 in
689 3504 800 3555 etatem
821 3499 998 3572 perfectam,
1016 3518 1198 3574 precurrens
1215 3503 1314 3574 rapiat
1330 3510 1359 3559 et
1376 3511 1501 3577 raptum

239 3606 346 3663 festine
370 3606 470 3663 tradat
486 3606 653 3678 sepulture.
671 3605 849 3662 Recolentes
871 3607 967 3662 eciam
988 3606 1105 3664 dictum
1122 3609 1253 3680 apostoli
1273 3609 1413 3668 dicentis:
1430 3628 1501 3685 pro·

238 3714 307 3785 prio
330 3712 397 3769 lilio
420 3727 476 3768 suo
499 3727 559 3768 non
583 3712 722 3783 pepercit
738 3710 822 3782 deus,
839 3711 893 3768 sed
909 3727 967 3784 pro
984 3713 1073 3769 nobis
1089 3714 1233 3770 omnibus
1251 3715 1377 3772 tradidit
1393 3716 1501 3786 illum;

238 3825 266 3876 et
291 3834 361 3874 cum
388 3832 472 3873 mors
496 3817 572 3889 ipsa,
597 3833 657 3889 que
679 3823 724 3873 est
747 3817 893 3873 ultimum
925 3818 1072 3888 terribile,
1104 3824 1169 3875 erat
1193 3821 1290 3876 eciam
1314 3821 1372 3894 ipsi
1397 3828 1502 3881 nostro

239 3924 387 3981 terribilis
410 3922 566 3992 salvatori,
592 3924 643 3995 qui
669 3923 773 3979 omnia
797 3924 976 3996 presciebat,
1008 3931 1142 3980 attamen
1175 3929 1295 3996 patrem
1327 3942 1416 3983 suum
1440 3928 1500 3984 hiis

239 4030 343 4088 verbis
367 4029 529 4098 affabatur,
556 4029 634 4085 Luce
660 4028 816 4098 vicesim0,
848 4029 1003 4101 inquiens:
1036 4038 1131 4102 pater,
1160 4031 1184 4085 si
1216 4032 1271 4100 vis,
1296 4031 1428 4089 transfer
1451 4050 1500 4090 ca-

239 4138 329 4193 licem
354 4136 434 4191 hunc
457 4150 475 4190 a
497 4150 562 4203 me;
580 4143 694 4206 quanto
713 4135 811 4205 magis
828 4150 890 4203 nos,
908 4135 961 4206 qui
979 4135 1074 4207 ipsius
1092 4136 1208 4205 mortis,
1226 4137 1312 4192 cuius
1328 4145 1438 4194 eventu
1456 4140 1500 4195 nil

239 4243 354 4299 cercius
378 4240 443 4297 fore
467 4241 697 4313 comprobatur,
721 4240 803 4296 diem
828 4248 857 4295 et
881 4240 989 4296 horam
1015 4241 1135 4313 penitus
1162 4241 1348 4312 ignoramus,
1379 4250 1501 4316 oportet

239 4349 334 4405 nostri
350 4348 449 4402 exitus
466 4347 631 4402 terminum
651 4346 709 4419 piis
730 4352 759 4401 et
775 4345 953 4402 salubribus
969 4341 1116 4419 operibus
1132 4363 1167 4403 ac
1183 4348 1422 4406 elemosinarum
1440 4351 1501 4406 lar-

238 4453 410 4525 gitionibus
428 4452 597 4524 prevenire,
614 4468 651 4508 ne
665 4452 767 4508 subito
785 4451 850 4508 eius
867 4453 1045 4525 preocupati
1063 4452 1228 4519 invasione,
1249 4469 1415 4525 queramus
1431 4471 1500 4529 spa·

239 4560 319 4615 cium
345 4558 515 4630 penitencie
539 4564 568 4614 et
592 4557 728 4613 invenire
752 4571 947 4629 nequeamus.
972 4555 1050 4613 Cum
1075 4558 1177 4629 itaque
1201 4559 1353 4627 universa,
1373 4575 1433 4631 que
1450 4561 1500 4618 hic

239 4681 305 4721 esse
339 4662 515 4732 creduntur,
549 4661 626 4719 facie
657 4663 687 4719 in
719 4662 868 4719 nichilum
900 4661 1075 4734 redigenda,
1106 4677 1142 4718 eo
1173 4661 1333 4720 dumtaxat
1363 4663 1501 4740 dempto,

239 4770 323 4844 quod
347 4769 439 4828 corde
462 4771 515 4842 pio
538 4769 640 4840 agitur
663 4783 719 4842 per
742 4766 826 4840 quod
850 4766 925 4824 deus
949 4768 1065 4841 placari
1089 4775 1118 4824 et
1141 4767 1181 4824 ad
1197 4768 1407 4827 miserandum
1425 4769 1500 4831 taci-
