<?xml version="1.0" encoding="UTF-8"?>
<!DOCTYPE html PUBLIC "-//W3C//DTD XHTML 1.0 Transitional//EN"
    "http://www.w3.org/TR/xhtml1/DTD/xhtml1-transitional.dtd">
<html xmlns="http://www.w3.org/1999/xhtml" xml:lang="en" lang="en">
 <head>
  <title>
</title>
<meta http-equiv="Content-Type" content="text/html;charset=utf-8" />
  <meta name='ocr-system' content='tesseract 3.04.00' />
  <meta name='ocr-capabilities' content='ocr_page ocr_carea ocr_par ocr_line ocrx_word'/>
</head>
<body>
  <div class='ocr_page' id='page_1' title='image "./monumentahistor11laszgoog_0623.png"; bbox 0 0 3488 5242; ppageno 0'>
   <div class='ocr_carea' id='block_1_1' title="bbox 261 339 1104 415">
    <p class='ocr_par' dir='ltr' id='par_1_1' title="bbox 261 339 1104 415">
     <span class='ocr_line' id='line_1_1' title="bbox 261 339 1104 415; baseline -0.006 -16"><span class='ocrx_word' id='word_1_1' title='bbox 261 341 320 415; x_wconf 86' lang='lat'>382</span> <span class='ocrx_word' id='word_1_2' title='bbox 682 339 753 396; x_wconf 75' lang='lat' dir='ltr'>Dor.</span> <span class='ocrx_word' id='word_1_3' title='bbox 772 349 846 414; x_wconf 72' lang='lat'><em>397.</em></span> <span class='ocrx_word' id='word_1_4' title='bbox 874 372 910 380; x_wconf 87' lang='lat'>—</span> <span class='ocrx_word' id='word_1_5' title='bbox 935 339 992 396; x_wconf 81' lang='lat' dir='ltr'>An.</span> <span class='ocrx_word' id='word_1_6' title='bbox 1017 347 1104 414; x_wconf 80' lang='lat'><em>1397.</em></span> 
     </span>
    </p>
   </div>
   <div class='ocr_carea' id='block_1_2' title="bbox 255 539 1525 4853">
    <p class='ocr_par' dir='ltr' id='par_1_2' title="bbox 255 539 1525 4853">
     <span class='ocr_line' id='line_1_2' title="bbox 259 539 1524 613; baseline -0.003 -15"><span class='ocrx_word' id='word_1_7' title='bbox 259 542 359 598; x_wconf 90' lang='lat' dir='ltr'>niente</span> <span class='ocrx_word' id='word_1_8' title='bbox 382 540 450 612; x_wconf 89' lang='lat' dir='ltr'>ipsa</span> <span class='ocrx_word' id='word_1_9' title='bbox 473 540 665 607; x_wconf 78' lang='lat' dir='ltr'>universitas,</span> <span class='ocrx_word' id='word_1_10' title='bbox 690 540 826 613; x_wconf 92' lang='lat' dir='ltr'>populus</span> <span class='ocrx_word' id='word_1_11' title='bbox 849 546 878 596; x_wconf 89' lang='lat' dir='ltr'>et</span> <span class='ocrx_word' id='word_1_12' title='bbox 900 552 1064 596; x_wconf 91' lang='lat' dir='ltr'>commune</span> <span class='ocrx_word' id='word_1_13' title='bbox 1087 544 1117 594; x_wconf 89' lang='lat' dir='ltr'>et</span> <span class='ocrx_word' id='word_1_14' title='bbox 1140 539 1200 611; x_wconf 91' lang='lat' dir='ltr'>ipsi</span> <span class='ocrx_word' id='word_1_15' title='bbox 1222 539 1305 595; x_wconf 89' lang='lat' dir='ltr'>cives</span> <span class='ocrx_word' id='word_1_16' title='bbox 1326 553 1390 594; x_wconf 89' lang='lat' dir='ltr'>nec</span> <span class='ocrx_word' id='word_1_17' title='bbox 1413 553 1469 611; x_wconf 92' lang='lat' dir='ltr'>per</span> <span class='ocrx_word' id='word_1_18' title='bbox 1492 554 1524 594; x_wconf 88' lang='lat' dir='ltr'>se</span> 
     </span>
     <span class='ocr_line' id='line_1_3' title="bbox 259 644 1525 719; baseline -0.003 -16"><span class='ocrx_word' id='word_1_19' title='bbox 259 662 314 703; x_wconf 90' lang='lat' dir='ltr'>nec</span> <span class='ocrx_word' id='word_1_20' title='bbox 340 661 395 719; x_wconf 90' lang='lat' dir='ltr'>per</span> <span class='ocrx_word' id='word_1_21' title='bbox 418 650 600 718; x_wconf 90' lang='lat' dir='ltr'>procuratos</span> <span class='ocrx_word' id='word_1_22' title='bbox 624 644 760 716; x_wconf 85' lang='lat' dir='ltr'>ydoneos</span> <span class='ocrx_word' id='word_1_23' title='bbox 782 660 962 718; x_wconf 89' lang='lat' dir='ltr'>comparere</span> <span class='ocrx_word' id='word_1_24' title='bbox 986 659 1090 701; x_wconf 90' lang='lat' dir='ltr'>coram</span> <span class='ocrx_word' id='word_1_25' title='bbox 1114 644 1204 700; x_wconf 89' lang='lat' dir='ltr'>nobis</span> <span class='ocrx_word' id='word_1_26' title='bbox 1223 648 1378 710; x_wconf 87' lang='lat' dir='ltr'>curarunt,</span> <span class='ocrx_word' id='word_1_27' title='bbox 1395 649 1525 715; x_wconf 90' lang='lat' dir='ltr'>propter</span> 
     </span>
     <span class='ocr_line' id='line_1_4' title="bbox 259 749 1524 825; baseline -0.004 -16"><span class='ocrx_word' id='word_1_28' title='bbox 259 751 343 825; x_wconf 92' lang='lat' dir='ltr'>quod</span> <span class='ocrx_word' id='word_1_29' title='bbox 368 751 451 823; x_wconf 89' lang='lat' dir='ltr'>ipsos</span> <span class='ocrx_word' id='word_1_30' title='bbox 475 757 663 824; x_wconf 90' lang='lat' dir='ltr'>reputamus,</span> <span class='ocrx_word' id='word_1_31' title='bbox 687 756 780 824; x_wconf 91' lang='lat' dir='ltr'>prout</span> <span class='ocrx_word' id='word_1_32' title='bbox 803 756 897 818; x_wconf 89' lang='lat' dir='ltr'>erant,</span> <span class='ocrx_word' id='word_1_33' title='bbox 929 750 1039 806; x_wconf 91' lang='lat' dir='ltr'>merito</span> <span class='ocrx_word' id='word_1_34' title='bbox 1071 755 1284 816; x_wconf 90' lang='lat' dir='ltr'>contumaces;</span> <span class='ocrx_word' id='word_1_35' title='bbox 1308 755 1337 805; x_wconf 89' lang='lat' dir='ltr'>et</span> <span class='ocrx_word' id='word_1_36' title='bbox 1361 749 1390 804; x_wconf 91' lang='lat' dir='ltr'>in</span> <span class='ocrx_word' id='word_1_37' title='bbox 1414 763 1524 805; x_wconf 92' lang='lat' dir='ltr'>eorum</span> 
     </span>
     <span class='ocr_line' id='line_1_5' title="bbox 259 855 1523 929; baseline -0.003 -14"><span class='ocrx_word' id='word_1_38' title='bbox 259 857 484 915; x_wconf 86' lang='lat' dir='ltr'><strong>contumaciam</strong></span> <span class='ocrx_word' id='word_1_39' title='bbox 519 855 556 912; x_wconf 91' lang='lat' dir='ltr'>ad</span> <span class='ocrx_word' id='word_1_40' title='bbox 582 857 762 913; x_wconf 82' lang='lat' dir='ltr'>instanciam</span> <span class='ocrx_word' id='word_1_41' title='bbox 795 857 891 929; x_wconf 92' lang='lat' dir='ltr'>ipsius</span> <span class='ocrx_word' id='word_1_42' title='bbox 921 855 1029 912; x_wconf 90' lang='lat' dir='ltr'>sindici</span> <span class='ocrx_word' id='word_1_43' title='bbox 1060 872 1112 913; x_wconf 88' lang='lat' dir='ltr'>seu</span> <span class='ocrx_word' id='word_1_44' title='bbox 1146 855 1355 929; x_wconf 84' lang='lat' dir='ltr'>procuratoris</span> <span class='ocrx_word' id='word_1_45' title='bbox 1378 856 1473 912; x_wconf 78' lang='lat' dir='ltr'>nostri</span> <span class='ocrx_word' id='word_1_46' title='bbox 1494 862 1523 912; x_wconf 89' lang='lat' dir='ltr'>et</span> 
     </span>
     <span class='ocr_line' id='line_1_6' title="bbox 259 961 1524 1035; baseline -0.002 -14"><span class='ocrx_word' id='word_1_47' title='bbox 259 962 456 1021; x_wconf 90' lang='lat' dir='ltr'>dominorum</span> <span class='ocrx_word' id='word_1_48' title='bbox 489 962 527 1019; x_wconf 91' lang='lat' dir='ltr'>de</span> <span class='ocrx_word' id='word_1_49' title='bbox 560 962 705 1035; x_wconf 90' lang='lat' dir='ltr'>capitulo,</span> <span class='ocrx_word' id='word_1_50' title='bbox 737 962 866 1019; x_wconf 83' lang='lat' dir='ltr'>fratrum</span> <span class='ocrx_word' id='word_1_51' title='bbox 899 967 1084 1031; x_wconf 89' lang='lat' dir='ltr'>nostrorum,</span> <span class='ocrx_word' id='word_1_52' title='bbox 1113 962 1354 1035; x_wconf 88' lang='lat' dir='ltr'>pronunciamus</span> <span class='ocrx_word' id='word_1_53' title='bbox 1386 961 1524 1034; x_wconf 89' lang='lat' dir='ltr'>predicta</span> 
     </span>
     <span class='ocr_line' id='line_1_7' title="bbox 258 1068 1525 1142; baseline -0.003 -15"><span class='ocrx_word' id='word_1_54' title='bbox 258 1070 363 1127; x_wconf 90' lang='lat' dir='ltr'>omnia</span> <span class='ocrx_word' id='word_1_55' title='bbox 386 1085 442 1142; x_wconf 93' lang='lat' dir='ltr'>per</span> <span class='ocrx_word' id='word_1_56' title='bbox 466 1069 565 1140; x_wconf 89' lang='lat' dir='ltr'>ipsam</span> <span class='ocrx_word' id='word_1_57' title='bbox 589 1069 830 1139; x_wconf 86' lang='lat' dir='ltr'>universitatem,</span> <span class='ocrx_word' id='word_1_58' title='bbox 860 1068 1012 1142; x_wconf 92' lang='lat' dir='ltr'>populum</span> <span class='ocrx_word' id='word_1_59' title='bbox 1045 1072 1074 1124; x_wconf 90' lang='lat' dir='ltr'>et</span> <span class='ocrx_word' id='word_1_60' title='bbox 1105 1083 1269 1124; x_wconf 90' lang='lat' dir='ltr'>commune</span> <span class='ocrx_word' id='word_1_61' title='bbox 1300 1071 1330 1124; x_wconf 90' lang='lat' dir='ltr'>et</span> <span class='ocrx_word' id='word_1_62' title='bbox 1360 1083 1417 1140; x_wconf 91' lang='lat' dir='ltr'>per</span> <span class='ocrx_word' id='word_1_63' title='bbox 1440 1068 1525 1141; x_wconf 89' lang='lat' dir='ltr'>ipsos</span> 
     </span>
     <span class='ocr_line' id='line_1_8' title="bbox 258 1172 1520 1248; baseline -0.002 -16"><span class='ocrx_word' id='word_1_64' title='bbox 258 1175 470 1248; x_wconf 86' lang='lat' dir='ltr'>infrascriptos</span> <span class='ocrx_word' id='word_1_65' title='bbox 493 1174 575 1231; x_wconf 86' lang='lat' dir='ltr'>cives</span> <span class='ocrx_word' id='word_1_66' title='bbox 597 1172 677 1230; x_wconf 90' lang='lat' dir='ltr'>facta</span> <span class='ocrx_word' id='word_1_67' title='bbox 701 1180 730 1231; x_wconf 89' lang='lat' dir='ltr'>et</span> <span class='ocrx_word' id='word_1_68' title='bbox 754 1179 939 1247; x_wconf 88' lang='lat' dir='ltr'>perpetrata,</span> <span class='ocrx_word' id='word_1_69' title='bbox 971 1172 1037 1231; x_wconf 90' lang='lat' dir='ltr'>fore</span> <span class='ocrx_word' id='word_1_70' title='bbox 1068 1173 1202 1247; x_wconf 90' lang='lat' dir='ltr'>publica,</span> <span class='ocrx_word' id='word_1_71' title='bbox 1226 1174 1347 1230; x_wconf 88' lang='lat' dir='ltr'>notoria</span> <span class='ocrx_word' id='word_1_72' title='bbox 1370 1179 1399 1230; x_wconf 91' lang='lat' dir='ltr'>et</span> <span class='ocrx_word' id='word_1_73' title='bbox 1424 1173 1520 1230; x_wconf 90' lang='lat' dir='ltr'>mani·</span> 
     </span>
     <span class='ocr_line' id='line_1_9' title="bbox 259 1277 1521 1352; baseline -0.002 -14"><span class='ocrx_word' id='word_1_74' title='bbox 259 1279 336 1338; x_wconf 89' lang='lat' dir='ltr'>festa</span> <span class='ocrx_word' id='word_1_75' title='bbox 358 1280 469 1349; x_wconf 90' lang='lat' dir='ltr'>taliter,</span> <span class='ocrx_word' id='word_1_76' title='bbox 494 1279 576 1351; x_wconf 91' lang='lat' dir='ltr'>quod</span> <span class='ocrx_word' id='word_1_77' title='bbox 601 1280 689 1336; x_wconf 92' lang='lat' dir='ltr'>nulla</span> <span class='ocrx_word' id='word_1_78' title='bbox 719 1285 847 1352; x_wconf 92' lang='lat' dir='ltr'>possunt</span> <span class='ocrx_word' id='word_1_79' title='bbox 877 1279 1133 1351; x_wconf 86' lang='lat' dir='ltr'>tergiversacione</span> <span class='ocrx_word' id='word_1_80' title='bbox 1165 1279 1265 1336; x_wconf 89' lang='lat' dir='ltr'>celari.</span> <span class='ocrx_word' id='word_1_81' title='bbox 1290 1279 1326 1335; x_wconf 89' lang='lat' dir='ltr'>Et</span> <span class='ocrx_word' id='word_1_82' title='bbox 1351 1277 1521 1335; x_wconf 90' lang='lat' dir='ltr'>declaravi-</span> 
     </span>
     <span class='ocr_line' id='line_1_10' title="bbox 257 1384 1523 1458; baseline -0.001 -16"><span class='ocrx_word' id='word_1_83' title='bbox 257 1401 327 1443; x_wconf 93' lang='lat' dir='ltr'>mus</span> <span class='ocrx_word' id='word_1_84' title='bbox 350 1391 380 1442; x_wconf 91' lang='lat' dir='ltr'>et</span> <span class='ocrx_word' id='word_1_85' title='bbox 403 1385 677 1458; x_wconf 88' lang='lat' dir='ltr'>pronunciavimus</span> <span class='ocrx_word' id='word_1_86' title='bbox 700 1385 784 1458; x_wconf 90' lang='lat' dir='ltr'>ipsos</span> <span class='ocrx_word' id='word_1_87' title='bbox 807 1384 1019 1458; x_wconf 85' lang='lat' dir='ltr'>infrascriptos</span> <span class='ocrx_word' id='word_1_88' title='bbox 1041 1386 1125 1443; x_wconf 86' lang='lat' dir='ltr'>cives</span> <span class='ocrx_word' id='word_1_89' title='bbox 1140 1385 1472 1442; x_wconf 87' lang='lat' dir='ltr'>excommunicacionis</span> <span class='ocrx_word' id='word_1_90' title='bbox 1493 1390 1523 1441; x_wconf 91' lang='lat' dir='ltr'>et</span> 
     </span>
     <span class='ocr_line' id='line_1_11' title="bbox 258 1490 1519 1565; baseline -0.001 -16"><span class='ocrx_word' id='word_1_91' title='bbox 258 1491 413 1564; x_wconf 79' lang='lat' dir='ltr'>sacrilegii</span> <span class='ocrx_word' id='word_1_92' title='bbox 436 1506 550 1565; x_wconf 91' lang='lat' dir='ltr'>penam</span> <span class='ocrx_word' id='word_1_93' title='bbox 573 1491 736 1548; x_wconf 90' lang='lat' dir='ltr'>incurrisse</span> <span class='ocrx_word' id='word_1_94' title='bbox 759 1496 789 1548; x_wconf 90' lang='lat' dir='ltr'>et</span> <span class='ocrx_word' id='word_1_95' title='bbox 812 1491 896 1564; x_wconf 91' lang='lat' dir='ltr'>ipsos</span> <span class='ocrx_word' id='word_1_96' title='bbox 919 1491 1201 1547; x_wconf 87' lang='lat' dir='ltr'>excommunicatos</span> <span class='ocrx_word' id='word_1_97' title='bbox 1217 1495 1246 1547; x_wconf 89' lang='lat' dir='ltr'>et</span> <span class='ocrx_word' id='word_1_98' title='bbox 1262 1490 1429 1564; x_wconf 84' lang='lat' dir='ltr'>sacrilegos</span> <span class='ocrx_word' id='word_1_99' title='bbox 1445 1490 1519 1558; x_wconf 80' lang='lat' dir='ltr'>fore.</span> 
     </span>
     <span class='ocr_line' id='line_1_12' title="bbox 258 1596 1521 1671; baseline -0.001 -15"><span class='ocrx_word' id='word_1_100' title='bbox 258 1604 289 1656; x_wconf 89' lang='lat' dir='ltr'>et</span> <span class='ocrx_word' id='word_1_101' title='bbox 311 1599 438 1670; x_wconf 88' lang='lat' dir='ltr'>insuper</span> <span class='ocrx_word' id='word_1_102' title='bbox 465 1597 706 1667; x_wconf 89' lang='lat' dir='ltr'>universitatem,</span> <span class='ocrx_word' id='word_1_103' title='bbox 738 1596 893 1670; x_wconf 93' lang='lat' dir='ltr'>populum</span> <span class='ocrx_word' id='word_1_104' title='bbox 924 1611 978 1653; x_wconf 90' lang='lat' dir='ltr'>seu</span> <span class='ocrx_word' id='word_1_105' title='bbox 1008 1611 1172 1653; x_wconf 91' lang='lat' dir='ltr'>commune</span> <span class='ocrx_word' id='word_1_106' title='bbox 1202 1601 1232 1652; x_wconf 90' lang='lat' dir='ltr'>et</span> <span class='ocrx_word' id='word_1_107' title='bbox 1263 1597 1368 1669; x_wconf 88' lang='lat' dir='ltr'>ipsum</span> <span class='ocrx_word' id='word_1_108' title='bbox 1391 1597 1521 1671; x_wconf 90' lang='lat' dir='ltr'>opidum</span> 
     </span>
     <span class='ocr_line' id='line_1_13' title="bbox 261 1701 1523 1773; baseline -0.001 -11"><span class='ocrx_word' id='word_1_109' title='bbox 261 1705 375 1762; x_wconf 90' lang='lat' dir='ltr'>montis</span> <span class='ocrx_word' id='word_1_110' title='bbox 398 1703 561 1762; x_wconf 89' lang='lat' dir='ltr'>Grecensis</span> <span class='ocrx_word' id='word_1_111' title='bbox 591 1702 806 1760; x_wconf 85' lang='lat' dir='ltr'>interdiximus</span> <span class='ocrx_word' id='word_1_112' title='bbox 836 1709 867 1760; x_wconf 91' lang='lat' dir='ltr'>et</span> <span class='ocrx_word' id='word_1_113' title='bbox 897 1702 1102 1759; x_wconf 87' lang='lat' dir='ltr'>ecclesiastico</span> <span class='ocrx_word' id='word_1_114' title='bbox 1133 1701 1295 1760; x_wconf 88' lang='lat' dir='ltr'>interdicto</span> <span class='ocrx_word' id='word_1_115' title='bbox 1326 1703 1523 1773; x_wconf 88' lang='lat' dir='ltr'>subiecimus,</span> 
     </span>
     <span class='ocr_line' id='line_1_14' title="bbox 259 1807 1523 1885; baseline -0.001 -17"><span class='ocrx_word' id='word_1_116' title='bbox 259 1815 354 1885; x_wconf 91' lang='lat' dir='ltr'>prout</span> <span class='ocrx_word' id='word_1_117' title='bbox 377 1810 433 1867; x_wconf 91' lang='lat' dir='ltr'>hec</span> <span class='ocrx_word' id='word_1_118' title='bbox 460 1810 564 1867; x_wconf 91' lang='lat' dir='ltr'>omnia</span> <span class='ocrx_word' id='word_1_119' title='bbox 587 1809 617 1866; x_wconf 93' lang='lat' dir='ltr'>in</span> <span class='ocrx_word' id='word_1_120' title='bbox 640 1809 716 1865; x_wconf 91' lang='lat' dir='ltr'>actis</span> <span class='ocrx_word' id='word_1_121' title='bbox 746 1814 849 1866; x_wconf 91' lang='lat' dir='ltr'>nostre</span> <span class='ocrx_word' id='word_1_122' title='bbox 880 1808 964 1865; x_wconf 90' lang='lat' dir='ltr'>curie</span> <span class='ocrx_word' id='word_1_123' title='bbox 995 1807 1139 1865; x_wconf 92' lang='lat' dir='ltr'>dicuntur</span> <span class='ocrx_word' id='word_1_124' title='bbox 1169 1809 1291 1881; x_wconf 90' lang='lat' dir='ltr'>plenius</span> <span class='ocrx_word' id='word_1_125' title='bbox 1314 1809 1463 1867; x_wconf 91' lang='lat' dir='ltr'>contineri</span> <span class='ocrx_word' id='word_1_126' title='bbox 1486 1825 1523 1867; x_wconf 90' lang='lat' dir='ltr'>ac</span> 
     </span>
     <span class='ocr_line' id='line_1_15' title="bbox 261 1914 1523 1989; baseline -0.001 -15"><span class='ocrx_word' id='word_1_127' title='bbox 261 1917 367 1975; x_wconf 93' lang='lat' dir='ltr'>lacius.</span> <span class='ocrx_word' id='word_1_128' title='bbox 391 1917 489 1974; x_wconf 89' lang='lat' dir='ltr'>Vobis</span> <span class='ocrx_word' id='word_1_129' title='bbox 512 1930 636 1989; x_wconf 90' lang='lat' dir='ltr'>quoque</span> <span class='ocrx_word' id='word_1_130' title='bbox 665 1915 817 1973; x_wconf 87' lang='lat' dir='ltr'>universis</span> <span class='ocrx_word' id='word_1_131' title='bbox 845 1920 875 1972; x_wconf 92' lang='lat' dir='ltr'>et</span> <span class='ocrx_word' id='word_1_132' title='bbox 904 1914 1034 1987; x_wconf 81' lang='lat' dir='ltr'>singulis</span> <span class='ocrx_word' id='word_1_133' title='bbox 1064 1914 1239 1985; x_wconf 85' lang='lat' dir='ltr'>abbatibus,</span> <span class='ocrx_word' id='word_1_134' title='bbox 1263 1915 1429 1988; x_wconf 88' lang='lat' dir='ltr'>prioribus,</span> <span class='ocrx_word' id='word_1_135' title='bbox 1453 1931 1523 1988; x_wconf 87' lang='lat' dir='ltr'>gar·</span> 
     </span>
     <span class='ocr_line' id='line_1_16' title="bbox 259 2019 1523 2096; baseline -0.001 -15"><span class='ocrx_word' id='word_1_136' title='bbox 259 2023 367 2094; x_wconf 89' lang='lat' dir='ltr'>dianis,</span> <span class='ocrx_word' id='word_1_137' title='bbox 391 2022 535 2096; x_wconf 85' lang='lat' dir='ltr'>plebanis</span> <span class='ocrx_word' id='word_1_138' title='bbox 558 2028 588 2079; x_wconf 91' lang='lat' dir='ltr'>et</span> <span class='ocrx_word' id='word_1_139' title='bbox 611 2021 810 2078; x_wconf 87' lang='lat' dir='ltr'>ecclesiarum</span> <span class='ocrx_word' id='word_1_140' title='bbox 832 2021 1003 2078; x_wconf 90' lang='lat' dir='ltr'>rectoribus</span> <span class='ocrx_word' id='word_1_141' title='bbox 1026 2019 1210 2092; x_wconf 90' lang='lat' dir='ltr'>supradictis</span> <span class='ocrx_word' id='word_1_142' title='bbox 1234 2036 1287 2077; x_wconf 89' lang='lat' dir='ltr'>seu</span> <span class='ocrx_word' id='word_1_143' title='bbox 1319 2036 1426 2079; x_wconf 90' lang='lat' dir='ltr'>eorum</span> <span class='ocrx_word' id='word_1_144' title='bbox 1455 2023 1523 2080; x_wconf 90' lang='lat' dir='ltr'>loca</span> 
     </span>
     <span class='ocr_line' id='line_1_17' title="bbox 258 2126 1522 2201; baseline -0.001 -14"><span class='ocrx_word' id='word_1_145' title='bbox 258 2129 433 2187; x_wconf 90' lang='lat' dir='ltr'>tenentibus</span> <span class='ocrx_word' id='word_1_146' title='bbox 456 2129 488 2186; x_wconf 92' lang='lat' dir='ltr'>in</span> <span class='ocrx_word' id='word_1_147' title='bbox 512 2129 625 2185; x_wconf 88' lang='lat' dir='ltr'>virtute</span> <span class='ocrx_word' id='word_1_148' title='bbox 649 2132 751 2184; x_wconf 89' lang='lat' dir='ltr'>sancte</span> <span class='ocrx_word' id='word_1_149' title='bbox 773 2126 951 2184; x_wconf 83' lang='lat' dir='ltr'>obediencie</span> <span class='ocrx_word' id='word_1_150' title='bbox 966 2131 996 2182; x_wconf 91' lang='lat' dir='ltr'>et</span> <span class='ocrx_word' id='word_1_151' title='bbox 1012 2127 1071 2183; x_wconf 90' lang='lat' dir='ltr'>sub</span> <span class='ocrx_word' id='word_1_152' title='bbox 1094 2127 1425 2186; x_wconf 85' lang='lat' dir='ltr'>excommunicacionis</span> <span class='ocrx_word' id='word_1_153' title='bbox 1441 2144 1522 2201; x_wconf 91' lang='lat' dir='ltr'>pena</span> 
     </span>
     <span class='ocr_line' id='line_1_18' title="bbox 259 2231 1522 2306; baseline -0.001 -15"><span class='ocrx_word' id='word_1_154' title='bbox 259 2233 398 2291; x_wconf 90' lang='lat' dir='ltr'>districte</span> <span class='ocrx_word' id='word_1_155' title='bbox 421 2232 621 2306; x_wconf 86' lang='lat' dir='ltr'>precipiendo</span> <span class='ocrx_word' id='word_1_156' title='bbox 643 2231 835 2300; x_wconf 80' lang='lat' dir='ltr'>mandamus,</span> <span class='ocrx_word' id='word_1_157' title='bbox 859 2236 1008 2303; x_wconf 88' lang='lat' dir='ltr'>quatenus</span> <span class='ocrx_word' id='word_1_158' title='bbox 1024 2231 1152 2303; x_wconf 86' lang='lat' dir='ltr'>siugulis</span> <span class='ocrx_word' id='word_1_159' title='bbox 1176 2231 1286 2288; x_wconf 90' lang='lat' dir='ltr'>diebus</span> <span class='ocrx_word' id='word_1_160' title='bbox 1306 2231 1469 2290; x_wconf 89' lang='lat' dir='ltr'>dominicis</span> <span class='ocrx_word' id='word_1_161' title='bbox 1485 2249 1522 2290; x_wconf 91' lang='lat' dir='ltr'>ac</span> 
     </span>
     <span class='ocr_line' id='line_1_19' title="bbox 258 2335 1524 2412; baseline 0 -16"><span class='ocrx_word' id='word_1_162' title='bbox 258 2338 377 2396; x_wconf 85' lang='lat' dir='ltr'>festivis</span> <span class='ocrx_word' id='word_1_163' title='bbox 401 2337 481 2395; x_wconf 88' lang='lat' dir='ltr'>infra</span> <span class='ocrx_word' id='word_1_164' title='bbox 503 2339 669 2394; x_wconf 90' lang='lat' dir='ltr'>missarum</span> <span class='ocrx_word' id='word_1_165' title='bbox 693 2337 879 2410; x_wconf 87' lang='lat' dir='ltr'>sollempnia</span> <span class='ocrx_word' id='word_1_166' title='bbox 909 2335 985 2393; x_wconf 91' lang='lat' dir='ltr'>dum</span> <span class='ocrx_word' id='word_1_167' title='bbox 1018 2335 1185 2394; x_wconf 90' lang='lat' dir='ltr'>multitudo</span> <span class='ocrx_word' id='word_1_168' title='bbox 1212 2338 1323 2412; x_wconf 93' lang='lat' dir='ltr'>populi</span> <span class='ocrx_word' id='word_1_169' title='bbox 1346 2341 1524 2397; x_wconf 88' lang='lat' dir='ltr'>convenerit</span> 
     </span>
     <span class='ocr_line' id='line_1_20' title="bbox 258 2442 1524 2516; baseline 0.001 -15"><span class='ocrx_word' id='word_1_170' title='bbox 258 2444 296 2501; x_wconf 94' lang='lat' dir='ltr'>ad</span> <span class='ocrx_word' id='word_1_171' title='bbox 321 2444 435 2514; x_wconf 86' lang='lat' dir='ltr'>divina,</span> <span class='ocrx_word' id='word_1_172' title='bbox 459 2445 542 2516; x_wconf 91' lang='lat' dir='ltr'>ipsos</span> <span class='ocrx_word' id='word_1_173' title='bbox 566 2442 778 2516; x_wconf 91' lang='lat' dir='ltr'>infrascriptos</span> <span class='ocrx_word' id='word_1_174' title='bbox 801 2444 884 2500; x_wconf 89' lang='lat' dir='ltr'>cives</span> <span class='ocrx_word' id='word_1_175' title='bbox 908 2443 938 2500; x_wconf 94' lang='lat' dir='ltr'>in</span> <span class='ocrx_word' id='word_1_176' title='bbox 960 2443 1096 2500; x_wconf 88' lang='lat' dir='ltr'>ecclesiis</span> <span class='ocrx_word' id='word_1_177' title='bbox 1111 2443 1223 2500; x_wconf 84' lang='lat' dir='ltr'>vestris</span> <span class='ocrx_word' id='word_1_178' title='bbox 1241 2445 1524 2503; x_wconf 90' lang='lat' dir='ltr'>excommunicatos</span> 
     </span>
     <span class='ocr_line' id='line_1_21' title="bbox 260 2548 1523 2624; baseline 0.001 -18"><span class='ocrx_word' id='word_1_179' title='bbox 260 2550 387 2624; x_wconf 90' lang='lat' dir='ltr'>publice</span> <span class='ocrx_word' id='word_1_180' title='bbox 409 2548 606 2619; x_wconf 86' lang='lat' dir='ltr'>denuncietis,</span> <span class='ocrx_word' id='word_1_181' title='bbox 642 2548 821 2606; x_wconf 86' lang='lat' dir='ltr'>mandantes</span> <span class='ocrx_word' id='word_1_182' title='bbox 851 2564 903 2606; x_wconf 93' lang='lat' dir='ltr'>eos</span> <span class='ocrx_word' id='word_1_183' title='bbox 934 2555 967 2605; x_wconf 89' lang='lat' dir='ltr'>ut</span> <span class='ocrx_word' id='word_1_184' title='bbox 997 2550 1285 2620; x_wconf 89' lang='lat' dir='ltr'>excommunicatos,</span> <span class='ocrx_word' id='word_1_185' title='bbox 1309 2550 1350 2607; x_wconf 92' lang='lat' dir='ltr'>ab</span> <span class='ocrx_word' id='word_1_186' title='bbox 1377 2552 1523 2609; x_wconf 92' lang='lat' dir='ltr'>omnibus</span> 
     </span>
     <span class='ocr_line' id='line_1_22' title="bbox 258 2654 1522 2730; baseline -0.002 -16"><span class='ocrx_word' id='word_1_187' title='bbox 258 2657 369 2714; x_wconf 87' lang='lat' dir='ltr'>evitari</span> <span class='ocrx_word' id='word_1_188' title='bbox 392 2655 490 2713; x_wconf 90' lang='lat' dir='ltr'>donec</span> <span class='ocrx_word' id='word_1_189' title='bbox 512 2655 681 2712; x_wconf 87' lang='lat' dir='ltr'>meruerint</span> <span class='ocrx_word' id='word_1_190' title='bbox 704 2656 839 2726; x_wconf 85' lang='lat' dir='ltr'>graciam</span> <span class='ocrx_word' id='word_1_191' title='bbox 863 2654 1071 2711; x_wconf 89' lang='lat' dir='ltr'>absolucionis</span> <span class='ocrx_word' id='word_1_192' title='bbox 1094 2655 1234 2712; x_wconf 90' lang='lat' dir='ltr'>obtineri.</span> <span class='ocrx_word' id='word_1_193' title='bbox 1263 2656 1391 2730; x_wconf 87' lang='lat' dir='ltr'>Insuper</span> <span class='ocrx_word' id='word_1_194' title='bbox 1414 2657 1522 2715; x_wconf 91' lang='lat' dir='ltr'>nullus</span> 
     </span>
     <span class='ocr_line' id='line_1_23' title="bbox 257 2759 1522 2836; baseline 0.001 -18"><span class='ocrx_word' id='word_1_195' title='bbox 257 2767 405 2831; x_wconf 89' lang='lat' dir='ltr'>uestrum,</span> <span class='ocrx_word' id='word_1_196' title='bbox 430 2776 530 2833; x_wconf 86' lang='lat' dir='ltr'>neque</span> <span class='ocrx_word' id='word_1_197' title='bbox 552 2759 665 2832; x_wconf 91' lang='lat' dir='ltr'>aliquis</span> <span class='ocrx_word' id='word_1_198' title='bbox 688 2760 768 2816; x_wconf 94' lang='lat' dir='ltr'>alius</span> <span class='ocrx_word' id='word_1_199' title='bbox 791 2761 993 2834; x_wconf 86' lang='lat' dir='ltr'>cappellanus</span> <span class='ocrx_word' id='word_1_200' title='bbox 1024 2776 1077 2816; x_wconf 91' lang='lat' dir='ltr'>seu</span> <span class='ocrx_word' id='word_1_201' title='bbox 1108 2759 1251 2818; x_wconf 86' lang='lat' dir='ltr'>sacerdos</span> <span class='ocrx_word' id='word_1_202' title='bbox 1281 2763 1311 2818; x_wconf 94' lang='lat' dir='ltr'>in</span> <span class='ocrx_word' id='word_1_203' title='bbox 1334 2762 1403 2836; x_wconf 92' lang='lat' dir='ltr'>ipso</span> <span class='ocrx_word' id='word_1_204' title='bbox 1426 2763 1522 2836; x_wconf 93' lang='lat' dir='ltr'>opido</span> 
     </span>
     <span class='ocr_line' id='line_1_24' title="bbox 258 2863 1520 2941; baseline 0.003 -19"><span class='ocrx_word' id='word_1_205' title='bbox 258 2867 372 2923; x_wconf 90' lang='lat' dir='ltr'>montis</span> <span class='ocrx_word' id='word_1_206' title='bbox 404 2863 567 2922; x_wconf 89' lang='lat' dir='ltr'>Grecensis</span> <span class='ocrx_word' id='word_1_207' title='bbox 598 2864 647 2921; x_wconf 90' lang='lat' dir='ltr'>vel</span> <span class='ocrx_word' id='word_1_208' title='bbox 679 2865 744 2922; x_wconf 87' lang='lat' dir='ltr'>eius</span> <span class='ocrx_word' id='word_1_209' title='bbox 776 2865 943 2924; x_wconf 80' lang='lat' dir='ltr'>suburbiis,</span> <span class='ocrx_word' id='word_1_210' title='bbox 975 2871 1123 2938; x_wconf 89' lang='lat' dir='ltr'>tanquam</span> <span class='ocrx_word' id='word_1_211' title='bbox 1157 2868 1326 2941; x_wconf 92' lang='lat' dir='ltr'>suppositis</span> <span class='ocrx_word' id='word_1_212' title='bbox 1348 2868 1520 2937; x_wconf 73' lang='lat' dir='ltr'>interdicto</span> 
     </span>
     <span class='ocr_line' id='line_1_25' title="bbox 258 2970 1521 3049; baseline 0.004 -21"><span class='ocrx_word' id='word_1_213' title='bbox 258 2971 368 3029; x_wconf 88' lang='lat' dir='ltr'>audeat</span> <span class='ocrx_word' id='word_1_214' title='bbox 390 2971 441 3028; x_wconf 88' lang='lat' dir='ltr'>vel</span> <span class='ocrx_word' id='word_1_215' title='bbox 465 2976 624 3044; x_wconf 89' lang='lat' dir='ltr'>presumat</span> <span class='ocrx_word' id='word_1_216' title='bbox 648 2970 753 3028; x_wconf 90' lang='lat' dir='ltr'>divina</span> <span class='ocrx_word' id='word_1_217' title='bbox 776 2971 951 3040; x_wconf 89' lang='lat' dir='ltr'>celebrare;</span> <span class='ocrx_word' id='word_1_218' title='bbox 974 2970 1013 3028; x_wconf 93' lang='lat' dir='ltr'>ad</span> <span class='ocrx_word' id='word_1_219' title='bbox 1036 2973 1180 3043; x_wconf 86' lang='lat' dir='ltr'>graviora</span> <span class='ocrx_word' id='word_1_220' title='bbox 1199 2974 1296 3031; x_wconf 90' lang='lat' dir='ltr'>eciam</span> <span class='ocrx_word' id='word_1_221' title='bbox 1313 2981 1418 3031; x_wconf 91' lang='lat' dir='ltr'>contra</span> <span class='ocrx_word' id='word_1_222' title='bbox 1435 2977 1521 3049; x_wconf 92' lang='lat' dir='ltr'>ipsos</span> 
     </span>
     <span class='ocr_line' id='line_1_26' title="bbox 259 3076 1524 3155; baseline 0.004 -22"><span class='ocrx_word' id='word_1_223' title='bbox 259 3077 469 3150; x_wconf 86' lang='lat' dir='ltr'>procedemus,</span> <span class='ocrx_word' id='word_1_224' title='bbox 494 3083 588 3150; x_wconf 90' lang='lat' dir='ltr'>prout</span> <span class='ocrx_word' id='word_1_225' title='bbox 610 3077 700 3134; x_wconf 93' lang='lat' dir='ltr'>nobis</span> <span class='ocrx_word' id='word_1_226' title='bbox 723 3076 881 3134; x_wconf 87' lang='lat' dir='ltr'>videbitur</span> <span class='ocrx_word' id='word_1_227' title='bbox 902 3077 1048 3150; x_wconf 89' lang='lat' dir='ltr'>expedire</span> <span class='ocrx_word' id='word_1_228' title='bbox 1078 3085 1107 3134; x_wconf 90' lang='lat' dir='ltr'>et</span> <span class='ocrx_word' id='word_1_229' title='bbox 1138 3083 1231 3151; x_wconf 93' lang='lat' dir='ltr'>prout</span> <span class='ocrx_word' id='word_1_230' title='bbox 1263 3079 1337 3136; x_wconf 91' lang='lat' dir='ltr'>iuris</span> <span class='ocrx_word' id='word_1_231' title='bbox 1361 3081 1444 3137; x_wconf 90' lang='lat' dir='ltr'>racio</span> <span class='ocrx_word' id='word_1_232' title='bbox 1470 3097 1524 3155; x_wconf 93' lang='lat' dir='ltr'>po-</span> 
     </span>
     <span class='ocr_line' id='line_1_27' title="bbox 258 3180 1521 3258; baseline 0.005 -20"><span class='ocrx_word' id='word_1_233' title='bbox 258 3183 338 3239; x_wconf 91' lang='lat' dir='ltr'>sulat</span> <span class='ocrx_word' id='word_1_234' title='bbox 362 3188 392 3238; x_wconf 91' lang='lat' dir='ltr'>et</span> <span class='ocrx_word' id='word_1_235' title='bbox 415 3183 552 3253; x_wconf 87' lang='lat' dir='ltr'>requirit.</span> <span class='ocrx_word' id='word_1_236' title='bbox 575 3182 691 3238; x_wconf 88' lang='lat' dir='ltr'>Datum</span> <span class='ocrx_word' id='word_1_237' title='bbox 715 3182 873 3253; x_wconf 82' lang='lat' dir='ltr'>Zagrabie,</span> <span class='ocrx_word' id='word_1_238' title='bbox 898 3180 974 3239; x_wconf 87' lang='lat' dir='ltr'>feria</span> <span class='ocrx_word' id='word_1_239' title='bbox 997 3182 1129 3239; x_wconf 89' lang='lat' dir='ltr'>secunda</span> <span class='ocrx_word' id='word_1_240' title='bbox 1152 3185 1295 3256; x_wconf 90' lang='lat' dir='ltr'>proxima</span> <span class='ocrx_word' id='word_1_241' title='bbox 1321 3191 1391 3258; x_wconf 92' lang='lat' dir='ltr'>post</span> <span class='ocrx_word' id='word_1_242' title='bbox 1408 3186 1521 3244; x_wconf 90' lang='lat' dir='ltr'>festum</span> 
     </span>
     <span class='ocr_line' id='line_1_28' title="bbox 260 3287 1520 3364; baseline 0.004 -20"><span class='ocrx_word' id='word_1_243' title='bbox 260 3288 431 3360; x_wconf 88' lang='lat' dir='ltr'>Epiphanie</span> <span class='ocrx_word' id='word_1_244' title='bbox 454 3287 579 3344; x_wconf 91' lang='lat' dir='ltr'>domini.</span> <span class='ocrx_word' id='word_1_245' title='bbox 604 3288 693 3344; x_wconf 83' lang='lat' dir='ltr'>Anno</span> <span class='ocrx_word' id='word_1_246' title='bbox 716 3287 853 3345; x_wconf 89' lang='lat' dir='ltr'>eiusdem</span> <span class='ocrx_word' id='word_1_247' title='bbox 887 3288 1055 3344; x_wconf 90' lang='lat' dir='ltr'>millesimo</span> <span class='ocrx_word' id='word_1_248' title='bbox 1082 3290 1295 3346; x_wconf 83' lang='lat' dir='ltr'>trecentesimo</span> <span class='ocrx_word' id='word_1_249' title='bbox 1319 3293 1520 3364; x_wconf 87' lang='lat' dir='ltr'>nonagesimo</span> 
     </span>
     <span class='ocr_line' id='line_1_29' title="bbox 259 3392 1522 3479; baseline 0.006 -31"><span class='ocrx_word' id='word_1_250' title='bbox 259 3393 399 3464; x_wconf 86' lang='lat' dir='ltr'>septimo</span> <span class='ocrx_word' id='word_1_251' title='bbox 424 3392 499 3448; x_wconf 91' lang='lat' dir='ltr'>ltem</span> <span class='ocrx_word' id='word_1_252' title='bbox 523 3394 635 3466; x_wconf 93' lang='lat' dir='ltr'>primo,</span> <span class='ocrx_word' id='word_1_253' title='bbox 660 3393 811 3462; x_wconf 87' lang='lat' dir='ltr'>Marchus,</span> <span class='ocrx_word' id='word_1_254' title='bbox 835 3393 918 3449; x_wconf 91' lang='lat' dir='ltr'>filius</span> <span class='ocrx_word' id='word_1_255' title='bbox 943 3394 1101 3464; x_wconf 89' lang='lat' dir='ltr'>Leonardi‚</span> <span class='ocrx_word' id='word_1_256' title='bbox 1126 3394 1224 3452; x_wconf 88' lang='lat' dir='ltr'>iudex.</span> <span class='ocrx_word' id='word_1_257' title='bbox 1257 3397 1342 3469; x_wconf 75' lang='lat' dir='ltr'>item,</span> <span class='ocrx_word' id='word_1_258' title='bbox 1364 3398 1522 3479; x_wconf 89' lang='lat' dir='ltr'>Johannes</span> 
     </span>
     <span class='ocr_line' id='line_1_30' title="bbox 258 3497 1523 3578; baseline 0.007 -25"><span class='ocrx_word' id='word_1_259' title='bbox 258 3513 354 3571; x_wconf 90' lang='lat' dir='ltr'>nepos</span> <span class='ocrx_word' id='word_1_260' title='bbox 379 3497 522 3568; x_wconf 91' lang='lat' dir='ltr'>custodis,</span> <span class='ocrx_word' id='word_1_261' title='bbox 553 3498 684 3555; x_wconf 91' lang='lat' dir='ltr'>condam</span> <span class='ocrx_word' id='word_1_262' title='bbox 715 3499 815 3556; x_wconf 87' lang='lat' dir='ltr'>iudex.</span> <span class='ocrx_word' id='word_1_263' title='bbox 847 3499 932 3570; x_wconf 91' lang='lat' dir='ltr'>Item,</span> <span class='ocrx_word' id='word_1_264' title='bbox 962 3499 1111 3566; x_wconf 77' lang='lat' dir='ltr'>NiclinuS,</span> <span class='ocrx_word' id='word_1_265' title='bbox 1141 3502 1273 3559; x_wconf 90' lang='lat' dir='ltr'>condam</span> <span class='ocrx_word' id='word_1_266' title='bbox 1309 3502 1409 3561; x_wconf 88' lang='lat' dir='ltr'>iudex.</span> <span class='ocrx_word' id='word_1_267' title='bbox 1434 3505 1523 3578; x_wconf 90' lang='lat' dir='ltr'>Item,</span> 
     </span>
     <span class='ocr_line' id='line_1_31' title="bbox 258 3602 1521 3688; baseline 0.009 -30"><span class='ocrx_word' id='word_1_268' title='bbox 258 3602 347 3659; x_wconf 87' lang='lat' dir='ltr'>Chun</span> <span class='ocrx_word' id='word_1_269' title='bbox 373 3602 411 3659; x_wconf 92' lang='lat' dir='ltr'>de</span> <span class='ocrx_word' id='word_1_270' title='bbox 435 3603 602 3674; x_wconf 81' lang='lat' dir='ltr'>Florencia,</span> <span class='ocrx_word' id='word_1_271' title='bbox 627 3610 779 3661; x_wconf 89' lang='lat' dir='ltr'>mercator</span> <span class='ocrx_word' id='word_1_272' title='bbox 801 3610 831 3661; x_wconf 90' lang='lat' dir='ltr'>et</span> <span class='ocrx_word' id='word_1_273' title='bbox 854 3605 1017 3662; x_wconf 86' lang='lat' dir='ltr'>vexillifer.</span> <span class='ocrx_word' id='word_1_274' title='bbox 1041 3606 1127 3676; x_wconf 90' lang='lat' dir='ltr'>Item,</span> <span class='ocrx_word' id='word_1_275' title='bbox 1150 3607 1312 3688; x_wconf 86' lang='lat' dir='ltr'>Johannes,</span> <span class='ocrx_word' id='word_1_276' title='bbox 1334 3608 1419 3667; x_wconf 92' lang='lat' dir='ltr'>filius</span> <span class='ocrx_word' id='word_1_277' title='bbox 1435 3609 1521 3682; x_wconf 88' lang='lat' dir='ltr'>Bole‚</span> 
     </span>
     <span class='ocr_line' id='line_1_32' title="bbox 258 3708 1520 3789; baseline 0.009 -25"><span class='ocrx_word' id='word_1_278' title='bbox 258 3708 388 3765; x_wconf 89' lang='lat' dir='ltr'>condam</span> <span class='ocrx_word' id='word_1_279' title='bbox 413 3709 514 3766; x_wconf 90' lang='lat' dir='ltr'>iudex.</span> <span class='ocrx_word' id='word_1_280' title='bbox 538 3711 622 3779; x_wconf 86' lang='lat' dir='ltr'>item,</span> <span class='ocrx_word' id='word_1_281' title='bbox 646 3710 832 3781; x_wconf 78' lang='lat' dir='ltr'>leonardus,</span> <span class='ocrx_word' id='word_1_282' title='bbox 856 3715 949 3768; x_wconf 90' lang='lat' dir='ltr'>sutor.</span> <span class='ocrx_word' id='word_1_283' title='bbox 973 3712 1059 3782; x_wconf 88' lang='lat' dir='ltr'>Item,</span> <span class='ocrx_word' id='word_1_284' title='bbox 1080 3713 1219 3784; x_wconf 90' lang='lat' dir='ltr'>Michael,</span> <span class='ocrx_word' id='word_1_285' title='bbox 1237 3714 1321 3772; x_wconf 89' lang='lat' dir='ltr'>filius</span> <span class='ocrx_word' id='word_1_286' title='bbox 1337 3714 1520 3789; x_wconf 80' lang='lat' dir='ltr'>Sebastiam,</span> 
     </span>
     <span class='ocr_line' id='line_1_33' title="bbox 256 3814 1524 3894; baseline 0.009 -24"><span class='ocrx_word' id='word_1_287' title='bbox 256 3815 381 3871; x_wconf 89' lang='lat' dir='ltr'>iuratus.</span> <span class='ocrx_word' id='word_1_288' title='bbox 406 3815 491 3884; x_wconf 86' lang='lat' dir='ltr'>item,</span> <span class='ocrx_word' id='word_1_289' title='bbox 516 3815 631 3886; x_wconf 86' lang='lat' dir='ltr'>Petrus,</span> <span class='ocrx_word' id='word_1_290' title='bbox 666 3815 749 3872; x_wconf 88' lang='lat' dir='ltr'>filius</span> <span class='ocrx_word' id='word_1_291' title='bbox 780 3814 934 3888; x_wconf 86' lang='lat' dir='ltr'>Stephani,</span> <span class='ocrx_word' id='word_1_292' title='bbox 966 3818 1079 3874; x_wconf 92' lang='lat' dir='ltr'>nobilis</span> <span class='ocrx_word' id='word_1_293' title='bbox 1109 3818 1147 3875; x_wconf 89' lang='lat' dir='ltr'>de</span> <span class='ocrx_word' id='word_1_294' title='bbox 1177 3835 1289 3893; x_wconf 88' lang='lat' dir='ltr'>campo</span> <span class='ocrx_word' id='word_1_295' title='bbox 1320 3823 1524 3894; x_wconf 87' lang='lat' dir='ltr'>zagrabiensi,</span> 
     </span>
     <span class='ocr_line' id='line_1_34' title="bbox 256 3919 1520 4002; baseline 0.009 -28"><span class='ocrx_word' id='word_1_296' title='bbox 256 3919 331 3975; x_wconf 89' lang='lat' dir='ltr'>civis</span> <span class='ocrx_word' id='word_1_297' title='bbox 355 3919 393 3976; x_wconf 91' lang='lat' dir='ltr'>de</span> <span class='ocrx_word' id='word_1_298' title='bbox 416 3920 492 3976; x_wconf 81' lang='lat' dir='ltr'>vico.</span> <span class='ocrx_word' id='word_1_299' title='bbox 525 3920 609 3990; x_wconf 90' lang='lat' dir='ltr'>item,</span> <span class='ocrx_word' id='word_1_300' title='bbox 640 3921 803 4002; x_wconf 85' lang='lat' dir='ltr'>Johannes,</span> <span class='ocrx_word' id='word_1_301' title='bbox 834 3921 918 3978; x_wconf 90' lang='lat' dir='ltr'>filius</span> <span class='ocrx_word' id='word_1_302' title='bbox 950 3921 1037 3992; x_wconf 90' lang='lat' dir='ltr'>Bozo,</span> <span class='ocrx_word' id='word_1_303' title='bbox 1069 3924 1192 3981; x_wconf 89' lang='lat' dir='ltr'>iuratus.</span> <span class='ocrx_word' id='word_1_304' title='bbox 1224 3926 1310 3997; x_wconf 89' lang='lat' dir='ltr'>Item,</span> <span class='ocrx_word' id='word_1_305' title='bbox 1345 3929 1520 3985; x_wconf 88' lang='lat' dir='ltr'>Anthonius</span> 
     </span>
     <span class='ocr_line' id='line_1_35' title="bbox 255 4022 1515 4108; baseline 0.011 -29"><span class='ocrx_word' id='word_1_306' title='bbox 255 4022 413 4093; x_wconf 87' lang='lat' dir='ltr'>Scitarich,</span> <span class='ocrx_word' id='word_1_307' title='bbox 437 4026 562 4082; x_wconf 86' lang='lat' dir='ltr'>iuratus.</span> <span class='ocrx_word' id='word_1_308' title='bbox 586 4026 662 4082; x_wconf 92' lang='lat' dir='ltr'>ltem</span> <span class='ocrx_word' id='word_1_309' title='bbox 685 4027 839 4108; x_wconf 88' lang='lat' dir='ltr'>Johannes</span> <span class='ocrx_word' id='word_1_310' title='bbox 863 4027 1014 4100; x_wconf 89' lang='lat' dir='ltr'>Grachyn.</span> <span class='ocrx_word' id='word_1_311' title='bbox 1044 4029 1129 4100; x_wconf 90' lang='lat' dir='ltr'>Item,</span> <span class='ocrx_word' id='word_1_312' title='bbox 1152 4031 1258 4088; x_wconf 84' lang='lat' dir='ltr'>Petrus</span> <span class='ocrx_word' id='word_1_313' title='bbox 1282 4049 1421 4106; x_wconf 84' lang='lat' dir='ltr'>magnus,</span> <span class='ocrx_word' id='word_1_314' title='bbox 1445 4052 1515 4093; x_wconf 93' lang='lat' dir='ltr'>con·</span> 
     </span>
     <span class='ocr_line' id='line_1_36' title="bbox 257 4125 1517 4212; baseline 0.012 -29"><span class='ocrx_word' id='word_1_315' title='bbox 257 4125 329 4184; x_wconf 92' lang='lat' dir='ltr'>dam</span> <span class='ocrx_word' id='word_1_316' title='bbox 352 4128 452 4185; x_wconf 90' lang='lat' dir='ltr'>iudex.</span> <span class='ocrx_word' id='word_1_317' title='bbox 476 4130 561 4199; x_wconf 90' lang='lat' dir='ltr'>Item,</span> <span class='ocrx_word' id='word_1_318' title='bbox 585 4129 713 4201; x_wconf 90' lang='lat' dir='ltr'>Gywan‚</span> <span class='ocrx_word' id='word_1_319' title='bbox 738 4130 867 4188; x_wconf 90' lang='lat' dir='ltr'>condam</span> <span class='ocrx_word' id='word_1_320' title='bbox 884 4132 984 4190; x_wconf 88' lang='lat' dir='ltr'>iudex.</span> <span class='ocrx_word' id='word_1_321' title='bbox 1014 4134 1098 4203; x_wconf 88' lang='lat' dir='ltr'>ltem,</span> <span class='ocrx_word' id='word_1_322' title='bbox 1116 4135 1224 4194; x_wconf 88' lang='lat' dir='ltr'>Petrus</span> <span class='ocrx_word' id='word_1_323' title='bbox 1240 4138 1413 4210; x_wconf 85' lang='lat' dir='ltr'>Hungarus.</span> <span class='ocrx_word' id='word_1_324' title='bbox 1430 4142 1517 4212; x_wconf 89' lang='lat' dir='ltr'>Item,</span> 
     </span>
     <span class='ocr_line' id='line_1_37' title="bbox 257 4230 1519 4313; baseline 0.013 -25"><span class='ocrx_word' id='word_1_325' title='bbox 257 4230 368 4289; x_wconf 89' lang='lat' dir='ltr'>Gallus</span> <span class='ocrx_word' id='word_1_326' title='bbox 392 4234 541 4305; x_wconf 86' lang='lat' dir='ltr'>Vngarus,</span> <span class='ocrx_word' id='word_1_327' title='bbox 565 4236 691 4292; x_wconf 91' lang='lat' dir='ltr'>iuratus.</span> <span class='ocrx_word' id='word_1_328' title='bbox 723 4236 809 4306; x_wconf 88' lang='lat' dir='ltr'>Item,</span> <span class='ocrx_word' id='word_1_329' title='bbox 840 4236 984 4306; x_wconf 83' lang='lat' dir='ltr'>Thomas,</span> <span class='ocrx_word' id='word_1_330' title='bbox 1009 4239 1185 4313; x_wconf 88' lang='lat' dir='ltr'>calcariper,</span> <span class='ocrx_word' id='word_1_331' title='bbox 1209 4243 1335 4313; x_wconf 86' lang='lat' dir='ltr'>iuratus,</span> <span class='ocrx_word' id='word_1_332' title='bbox 1367 4245 1405 4302; x_wconf 91' lang='lat' dir='ltr'>de</span> <span class='ocrx_word' id='word_1_333' title='bbox 1441 4248 1519 4305; x_wconf 92' lang='lat' dir='ltr'>vico.</span> 
     </span>
     <span class='ocr_line' id='line_1_38' title="bbox 258 4335 1520 4428; baseline 0.015 -36"><span class='ocrx_word' id='word_1_334' title='bbox 258 4335 345 4404; x_wconf 83' lang='lat' dir='ltr'>Item,</span> <span class='ocrx_word' id='word_1_335' title='bbox 369 4340 555 4396; x_wconf 90' lang='lat' dir='ltr'>Laurencius</span> <span class='ocrx_word' id='word_1_336' title='bbox 587 4340 625 4396; x_wconf 91' lang='lat' dir='ltr'>de</span> <span class='ocrx_word' id='word_1_337' title='bbox 650 4341 832 4413; x_wconf 87' lang='lat' dir='ltr'>Vrbowech,</span> <span class='ocrx_word' id='word_1_338' title='bbox 865 4351 958 4401; x_wconf 88' lang='lat' dir='ltr'>sutor.</span> <span class='ocrx_word' id='word_1_339' title='bbox 991 4345 1075 4414; x_wconf 88' lang='lat' dir='ltr'>Item,</span> <span class='ocrx_word' id='word_1_340' title='bbox 1105 4347 1268 4428; x_wconf 72' lang='lat' dir='ltr'>Johannes</span> <span class='ocrx_word' id='word_1_341' title='bbox 1292 4349 1392 4409; x_wconf 89' lang='lat' dir='ltr'>dictus</span> <span class='ocrx_word' id='word_1_342' title='bbox 1416 4352 1520 4423; x_wconf 83' lang='lat' dir='ltr'>Pazar‚</span> 
     </span>
     <span class='ocr_line' id='line_1_39' title="bbox 256 4440 1519 4529; baseline 0.014 -31"><span class='ocrx_word' id='word_1_343' title='bbox 256 4440 294 4497; x_wconf 91' lang='lat' dir='ltr'>de</span> <span class='ocrx_word' id='word_1_344' title='bbox 316 4444 393 4501; x_wconf 85' lang='lat' dir='ltr'>vico.</span> <span class='ocrx_word' id='word_1_345' title='bbox 419 4445 504 4513; x_wconf 86' lang='lat' dir='ltr'>item,</span> <span class='ocrx_word' id='word_1_346' title='bbox 528 4445 705 4517; x_wconf 84' lang='lat' dir='ltr'>Gregorius,</span> <span class='ocrx_word' id='word_1_347' title='bbox 737 4453 844 4517; x_wconf 90' lang='lat' dir='ltr'>sartor,</span> <span class='ocrx_word' id='word_1_348' title='bbox 877 4448 915 4504; x_wconf 91' lang='lat' dir='ltr'>de</span> <span class='ocrx_word' id='word_1_349' title='bbox 947 4449 1106 4508; x_wconf 89' lang='lat' dir='ltr'>Hudstich.</span> <span class='ocrx_word' id='word_1_350' title='bbox 1139 4453 1224 4524; x_wconf 88' lang='lat' dir='ltr'>Item,</span> <span class='ocrx_word' id='word_1_351' title='bbox 1253 4455 1406 4529; x_wconf 87' lang='lat' dir='ltr'>Georgius</span> <span class='ocrx_word' id='word_1_352' title='bbox 1429 4458 1519 4516; x_wconf 89' lang='lat' dir='ltr'>Blan-</span> 
     </span>
     <span class='ocr_line' id='line_1_40' title="bbox 256 4547 1522 4642; baseline 0.015 -39"><span class='ocrx_word' id='word_1_353' title='bbox 256 4547 352 4618; x_wconf 92' lang='lat' dir='ltr'>chich,</span> <span class='ocrx_word' id='word_1_354' title='bbox 387 4550 511 4606; x_wconf 88' lang='lat' dir='ltr'>iuratus.</span> <span class='ocrx_word' id='word_1_355' title='bbox 543 4551 627 4619; x_wconf 89' lang='lat' dir='ltr'>ltem,</span> <span class='ocrx_word' id='word_1_356' title='bbox 657 4550 819 4631; x_wconf 86' lang='lat' dir='ltr'>Johannes,</span> <span class='ocrx_word' id='word_1_357' title='bbox 850 4553 949 4610; x_wconf 91' lang='lat' dir='ltr'>dictus</span> <span class='ocrx_word' id='word_1_358' title='bbox 980 4555 1087 4612; x_wconf 87' lang='lat' dir='ltr'>Tolzti.</span> <span class='ocrx_word' id='word_1_359' title='bbox 1119 4557 1204 4629; x_wconf 91' lang='lat' dir='ltr'>Item,</span> <span class='ocrx_word' id='word_1_360' title='bbox 1237 4561 1376 4634; x_wconf 91' lang='lat' dir='ltr'>Mathias,</span> <span class='ocrx_word' id='word_1_361' title='bbox 1411 4572 1522 4642; x_wconf 40' lang='lat' dir='ltr'>sartor·</span> 
     </span>
     <span class='ocr_line' id='line_1_41' title="bbox 256 4651 1522 4745; baseline 0.017 -37"><span class='ocrx_word' id='word_1_362' title='bbox 256 4651 536 4745; x_wconf 49' lang='lat' dir='ltr'>stemrjfflijJ-el-lffi</span> <span class='ocrx_word' id='word_1_363' title='bbox 555 4658 780 4739; x_wconf 70' lang='lat' dir='ltr'>apotlrecarius.</span> <span class='ocrx_word' id='word_1_364' title='bbox 805 4660 890 4729; x_wconf 86' lang='lat' dir='ltr'>item,</span> <span class='ocrx_word' id='word_1_365' title='bbox 918 4661 1094 4719; x_wconf 89' lang='lat' dir='ltr'>Leonardus</span> <span class='ocrx_word' id='word_1_366' title='bbox 1118 4663 1296 4724; x_wconf 89' lang='lat' dir='ltr'>Sebastiani.</span> <span class='ocrx_word' id='word_1_367' title='bbox 1318 4669 1403 4740; x_wconf 88' lang='lat' dir='ltr'>Item,</span> <span class='ocrx_word' id='word_1_368' title='bbox 1422 4670 1522 4729; x_wconf 89' lang='lat' dir='ltr'>Geor·</span> 
     </span>
     <span class='ocr_line' id='line_1_42' title="bbox 255 4757 1523 4853; baseline 0.017 -40"><span class='ocrx_word' id='word_1_369' title='bbox 255 4757 323 4828; x_wconf 82' lang='lat' dir='ltr'>gius</span> <span class='ocrx_word' id='word_1_370' title='bbox 348 4758 385 4815; x_wconf 96' lang='lat' dir='ltr'>de</span> <span class='ocrx_word' id='word_1_371' title='bbox 410 4759 572 4833; x_wconf 89' lang='lat' dir='ltr'>Kaliozwz,</span> <span class='ocrx_word' id='word_1_372' title='bbox 597 4761 727 4819; x_wconf 94' lang='lat' dir='ltr'>condam</span> <span class='ocrx_word' id='word_1_373' title='bbox 751 4763 852 4836; x_wconf 90' lang='lat' dir='ltr'>iudex,</span> <span class='ocrx_word' id='word_1_374' title='bbox 876 4766 999 4824; x_wconf 90' lang='lat' dir='ltr'>iuratus.</span> <span class='ocrx_word' id='word_1_375' title='bbox 1023 4767 1107 4840; x_wconf 90' lang='lat' dir='ltr'>Item,</span> <span class='ocrx_word' id='word_1_376' title='bbox 1139 4770 1293 4842; x_wconf 92' lang='lat' dir='ltr'>Nicolaus,</span> <span class='ocrx_word' id='word_1_377' title='bbox 1323 4774 1425 4833; x_wconf 89' lang='lat' dir='ltr'>dictus</span> <span class='ocrx_word' id='word_1_378' title='bbox 1448 4776 1523 4853; x_wconf 88' lang='lat' dir='ltr'>Lip··</span> 
     </span>
    </p>
   </div>
   <div class='ocr_carea' id='block_1_3' title="bbox 0 0 1748 5242">
    <p class='ocr_par' dir='ltr' id='par_1_3' title="bbox 0 0 1748 5242">
     <span class='ocr_line' id='line_1_43' title="bbox 0 0 1748 5242; baseline 0 1"><span class='ocrx_word' id='word_1_379' title='bbox 0 0 1748 5242; x_wconf 95' lang='lat' dir='ltr'> </span> 
     </span>
    </p>
   </div>
  </div>
 </body>
</html>
