3480 5264
277 371 338 428 322

274 549 399 607 Detrico
430 549 544 619 Rubek‚
569 549 655 621 regni
685 550 781 606 nostri
812 548 974 607 Sclauonie
1001 551 1091 621 ban0,
1115 551 1247 608 salutem
1272 556 1302 608 et
1325 552 1470 624 graciam.
1494 552 1542 609 Ex

275 659 441 730 querulosa
464 657 690 729 significacione
709 656 851 714 fidelium
868 658 983 714 civium
999 663 1029 715 et
1046 659 1204 731 hospitum
1224 664 1401 715 nostrorum
1425 657 1464 715 de
1487 657 1542 715 Za·

274 764 382 835 grabia
406 764 495 821 nohis
520 762 599 820 facta
616 763 834 834 intelleximus,
852 763 1009 835 quomodo
1024 765 1207 821 honorabile
1224 765 1397 837 capitulum
1413 764 1542 829 ecclesie

274 871 480 941 zagrabiensis
505 871 587 942 ipsos
612 875 741 943 propter
764 868 1013 927 interfeccionem
1036 870 1196 926 cuiusdam
1214 870 1375 927 familiaris
1391 871 1541 944 ipsorum,

275 977 387 1032 notorii
412 975 629 1045 malefactoris
661 991 719 1048 pro
750 976 812 1032 suis
840 976 1015 1032 excessibus
1041 977 1070 1032 in
1095 976 1199 1033 medio
1223 977 1318 1050 ipsius
1342 978 1475 1033 civitatis
1498 977 1542 1033 le·

273 1083 394 1152 gittime
419 1080 540 1151 factam,
565 1083 661 1138 vestri
686 1083 715 1138 in
740 1082 930 1154 presenciam
943 1083 974 1138 in
991 1098 1113 1138 causam
1131 1083 1321 1152 atraxissent‚
1338 1089 1368 1139 et
1384 1098 1439 1139 vos
1456 1083 1541 1155 ipsos

274 1187 311 1244 ad
337 1203 444 1244 eorum
475 1188 688 1259 requisicionis
717 1188 897 1244 instanciam
925 1196 1027 1245 vestro
1058 1188 1172 1245 iudicio
1203 1195 1302 1245 astare
1326 1188 1481 1257 fecissetis,
1505 1205 1541 1245 ac

273 1311 367 1366 super
391 1294 470 1350 sacto
495 1295 634 1366 potencie
658 1299 764 1351 contra
788 1294 904 1351 dictum
926 1295 1098 1367 capitulum
1122 1295 1278 1351 convictos
1310 1294 1375 1350 fore
1406 1309 1541 1367 pronun·

275 1402 410 1457 classetis
434 1401 464 1456 in
482 1400 686 1472 preludicium
704 1401 779 1456 iuris
795 1402 934 1474 ipsorum
955 1407 1047 1472 atque
1064 1401 1249 1472 derogamen
1268 1400 1359 1457 valde
1376 1416 1524 1473 magnum
1534 1420 1541 1470 ;

274 1523 344 1563 cum
366 1513 468 1563 tamen
492 1506 585 1562 iidem
611 1507 694 1563 cives
718 1523 752 1563 ac
776 1507 914 1579 hospites
929 1508 1025 1564 nostri
1043 1508 1163 1564 racione
1180 1507 1332 1563 illacionis
1347 1507 1540 1575 iniuriarum,

274 1614 481 1685 dampnorum
513 1619 543 1669 et
574 1618 838 1682 nocumentorum‚
872 1629 931 1685 que
963 1629 1019 1684 per
1050 1614 1231 1686 quempiam
1260 1613 1302 1669 eis
1329 1613 1540 1686 inpinguntur,

273 1736 334 1776 non
366 1726 477 1787 vestm,
513 1718 566 1775 sed
598 1719 738 1789 magistri
771 1719 999 1775 tavarnicorum
1029 1719 1180 1789 regalium
1204 1718 1317 1775 iudicio
1340 1718 1539 1774 subiciantur.

274 1825 377 1897 Quare
410 1831 511 1881 vestre
542 1824 684 1881 fidelitati
719 1824 849 1881 firmiter
879 1825 1036 1893 edicimus,
1068 1830 1218 1896 quatenus
1242 1825 1316 1881 visis
1339 1825 1539 1897 presentibus

273 1937 371 1988 totum
395 1947 574 2004 processum
597 1930 667 1987 facti
684 1932 826 2003 premissi
843 1932 1009 1987 simulcum
1027 1931 1137 1987 litteris
1155 1930 1351 1987 iudicialibus
1367 1928 1540 2001 quomodo·

273 2054 406 2109 cumque
430 2053 520 2093 causa
545 2039 573 2093 in
598 2039 749 2110 premissa
773 2037 918 2093 consectis
942 2044 971 2092 et
994 2037 1151 2105 emanatis,
1169 2052 1245 2108 quas
1263 2051 1316 2092 nos
1333 2037 1443 2092 harum
1460 2035 1539 2092 serie

273 2143 418 2200 duximus
443 2144 631 2200 revocandas
655 2151 684 2200 et
705 2160 760 2216 per
776 2145 880 2199 omnia
897 2144 1017 2200 viribus
1033 2145 1190 2214 carituras
1208 2159 1360 2212 revocare,
1376 2144 1540 2215 ipsamque

272 2265 395 2305 causam
420 2256 499 2305 statu
525 2250 555 2306 in
578 2249 687 2305 eodem
711 2250 828 2321 absque
852 2250 936 2306 omni
956 2251 1137 2319 gravamine
1160 2249 1199 2305 ad
1223 2250 1413 2321 presenciam
1439 2249 1540 2321 ipsius

272 2357 413 2425 magistri
437 2356 687 2411 thavarnicorum
712 2361 888 2412 nostrorum
914 2357 1120 2412 transmittere
1143 2354 1281 2412 debeatis
1303 2371 1359 2428 per
1379 2355 1483 2427 ipsum
1500 2354 1539 2410 de

272 2478 353 2517 novo
378 2461 604 2517 discuciendam
636 2468 664 2517 et
688 2462 749 2517 fine
774 2461 879 2518 debito
900 2461 1174 2530 determinandam,
1193 2463 1313 2533 penitus
1330 2476 1385 2517 vos
1402 2461 1431 2517 in
1448 2460 1538 2517 nullo

272 2583 395 2623 causam
421 2567 458 2622 ad
484 2568 666 2638 premissam
700 2568 948 2652 intromittendo;
981 2575 1009 2624 et
1040 2567 1124 2623 aliud
1152 2583 1213 2623 non
1238 2566 1354 2623 facturi.
1380 2566 1539 2623 Presentes

272 2678 374 2729 autem
400 2680 467 2744 post
492 2673 641 2729 lecturam
666 2673 755 2729 reddi
780 2674 922 2729 iubemus
947 2674 1141 2745 presentanti.
1166 2674 1279 2729 Datum
1305 2674 1335 2729 in
1352 2647 1537 2744 Posegaiuar‚

272 2778 349 2834 seria
379 2786 487 2851 quarta
518 2780 660 2851 proxima
691 2786 760 2834 ante
796 2779 906 2835 festum
944 2780 1111 2835 nativitatis
1147 2780 1234 2834 beate
1270 2779 1364 2835 Marie
1400 2778 1537 2849 virginis

272 2887 361 2940 Anno
386 2884 502 2941 domini
529 2885 696 2940 millesimo
721 2885 933 2941 tercentesimo
958 2886 1156 2956 nonagesimo
1180 2886 1289 2957 primo,

361 3001 500 3065 Originale
521 3002 546 3049 in
566 3004 724 3057 membrana,
744 3001 862 3066 sigillum
884 3001 1048 3065 impressum.
1069 3002 1097 3050 Iu
1118 3002 1216 3050 archiv.
1237 3004 1253 3050 l.
1274 3018 1293 3050 r.
1314 3001 1362 3050 civ.
1383 3003 1488 3066 zagrab,

856 3199 946 3263 349.

376 3289 451 3334 Anno
475 3297 547 3347 1301.

270 3396 392 3452 Detrius
416 3397 512 3452 liubai·
534 3398 633 3456 hauns.
659 3397 825 3452 ›nondutmn
850 3394 1030 3466 Sigismmnli
1051 3397 1126 3464 regis
1149 3395 1181 3449 dc
1203 3396 1327 3451 sistenda
1349 3414 1436 3451 causo
1460 3397 1539 3453 inter
1573 3420 1577 3428 ·

270 3503 425 3573 episcopum
448 3504 563 3572 :agrale
587 3511 615 3557 rt
635 3504 708 3557 τίνω·
738 3502 909 3558 Greclu’nscs
927 3510 984 3572 pro
999 3503 1133 3556 calesium
1150 3511 1238 3573 pirric
1254 3503 1424 3558 ‹lacunarum
1452 3511 1535 3559 tran·

848 3607 953 3664 scribit.

358 3734 420 3789 Nos
444 3734 586 3789 lletricus
611 3733 724 3803 llubelr,
754 3734 839 3803 regni
871 3732 1032 3789 Selauonie
1067 3735 1171 3789 bonus.
1208 3734 1355 3788 llemoric
1379 3742 1556 3790 commen·

270 3840 379 3894 damus
412 3840 494 3910 quod
530 3856 608 3894 anno
639 3840 755 3895 domini
792 3840 959 3894 millesimo
996 3839 1072 3894 cttl‘.
1112 3840 1310 3909 nonagesimo
1342 3839 1453 3910 primo,
1487 3841 1536 3895 vir

271 3944 420 4015 providus
445 3945 608 4015 llylrllnus
633 3945 717 4000 filius
740 3946 888 4025 Johannis
911 3945 1040 4000 condam
1067 3944 1157 4000 iudex
1174 3945 1306 4000 civitatis
1327 3945 1439 3999 montis
1457 3942 1535 4000 Gre-

270 4052 367 4106 censis
400 4051 435 4106 ad
462 4057 598 4107 nostram
625 4053 825 4123 personaliter
857 4053 1007 4107 veniendo
1040 4053 1238 4123 presenciam,
1270 4067 1323 4106 sua
1357 4052 1439 4107 etin
1466 4067 1533 4122 per-

269 4172 342 4211 sona
366 4157 513 4237 Johannis
539 4156 594 4212 tilii
619 4158 737 4237 jacobi,
762 4158 834 4212 dicti
859 4158 940 4217 Bole.
959 4158 1075 4224 iudicis,
1093 4173 1207 4213 necnon
1227 4158 1396 4213 iuratorum
1422 4165 1451 4213 et
1467 4160 1534 4214 uni·

268 4278 429 4318 versorum
454 4263 568 4317 civium
593 4262 632 4318 de
656 4262 772 4331 eadem,
797 4264 935 4319 exhibuit
960 4271 989 4320 et
1010 4248 1199 4335 ¹presentavit
1223 4265 1312 4319 nobis
1338 4264 1454 4318 litteras
1478 4279 1533 4335 pa-

269 4373 366 4423 tentes
398 4366 515 4423 domini
539 4366 734 4438 Sigismundi.
745 4368 794 4425 dei
810 4370 912 4438 gracia
937 4371 1017 4440 regis
1038 4371 1202 4438 Hungarie,
1220 4371 1388 4438 Dalmacie‚
1405 4368 1533 4425 Croacie

268 4479 332 4537 etc,
358 4473 604 4544 marchionisque
630 4473 945 4545 llrandemburgensis
970 4485 1032 4543 etc,
1057 4475 1173 4532 domini
1192 4477 1286 4532 nostri
1304 4473 1460 4542 naturalis
1479 4489 1532 4545 pe·

269 4586 335 4635 tens
359 4597 413 4636 nos
437 4597 506 4637 cum
532 4581 678 4636 instancia
710 4585 742 4636 ut
775 4586 912 4636 tenorem
945 4582 1123 4637 earumdem
1149 4581 1186 4636 de
1214 4583 1310 4637 verbo
1335 4580 1373 4635 ad
1399 4581 1532 4637 verbum

269 4687 431 4743 transcribi
457 4685 626 4742 faceremus
650 4691 678 4742 et
703 4686 806 4755 sigillo
831 4695 936 4742 nostro
967 4689 1224 4757 consignaremus.
1257 4688 1351 4743 t'uius
1375 4702 1430 4742 nos
1454 4689 1532 4759 peti·

268 4792 407 4848 cionibus
431 4798 596 4848 annuentes
619 4791 825 4865 preallegatas
852 4791 970 4848 litteras
1002 4794 1090 4848 nobis
1122 4799 1309 4865 presentatus
1340 4791 1463 4847 easdem
1489 4792 1528 4850 de
