3488 5242
309 329 367 388 13²
727 311 800 367 Doc.
824 306 895 387 148.
923 342 959 351 -
981 307 1036 365 An.
1060 320 1149 384 1329.

571 418 575 422 .
594 416 641 421 —
654 415 707 421 ...—
891 412 1204 420 —-..-—-—-.
1211 412 1279 418 ..—-
1298 411 1401 418 ——-
1436 410 1513 415 ---—-
1521 409 1571 415 --

306 508 497 567 decimarum
521 508 656 565 habeant
679 523 737 581 pro
753 523 798 578 eo,
822 506 905 580 quod
921 507 1005 580 ipsas
1021 505 1156 563 decimas
1173 506 1291 577 integre
1307 503 1420 562 faciant
1435 502 1574 577 persolvi

306 631 363 689 per
385 614 526 672 subditos
550 613 748 680 eorumdem;
771 620 801 670 et
824 612 933 670 eodem
958 611 1052 670 modo
1076 616 1106 669 et
1128 613 1250 668 racione
1271 610 1385 683 singuli
1400 608 1521 667 nobiles
1537 607 1575 664 de

306 723 369 779 suis
392 723 526 779 habeant
550 720 682 777 subditis
706 729 735 777 et
759 720 857 778 villici
881 720 919 777 de
942 720 1059 777 civium
1090 718 1219 775 decimis
1238 717 1496 788 quibuscumque,
1520 730 1575 771 nec

307 829 445 900 aliquam
469 801 564 885 aliam
588 834 715 898 quotam
737 826 869 884 audeant
892 832 997 900 petere
1021 826 1072 882 vel
1092 826 1230 898 recipere
1249 824 1436 896 quicumque
1453 821 1491 878 de
1507 837 1576 895 pre-

309 933 420 1002 missis,
444 932 497 989 sed
521 948 557 989 ea
581 938 668 1005 parte
692 947 750 1004 pro
766 932 829 988 suis
845 931 984 988 serviciis
1000 931 1060 987 sint
1076 930 1216 987 contenti.
1234 929 1300 985 Hoc
1315 942 1470 1001 expresso,
1491 924 1575 998 quod

310 1039 334 1095 si
362 1054 419 1095 vos
442 1039 562 1096 nobiles
586 1038 638 1094 vel
662 1038 759 1095 villici
783 1053 843 1095 non
867 1037 1023 1094 solveritis
1047 1043 1075 1092 et
1100 1050 1159 1093 non
1183 1034 1316 1091 feceritis
1340 1033 1420 1102 solvi
1441 1032 1577 1089 decimas

308 1160 365 1218 per
387 1151 507 1201 vestros
531 1145 722 1218 tempestive,
746 1149 859 1200 extunc
890 1144 957 1216 ipsa
979 1141 1193 1210 sextadecima,
1223 1156 1283 1212 que
1307 1154 1364 1213 pro
1389 1139 1478 1196 vobis
1500 1138 1576 1196 exti-

309 1258 386 1307 terat
410 1250 566 1323 deputata,
592 1251 622 1306 in
646 1251 793 1306 comitatu
816 1250 954 1306 crisiensi
974 1264 1010 1305 eo
1041 1248 1100 1321 ipsi
1131 1246 1220 1304 cedat
1248 1246 1354 1303 comiti
1377 1246 1523 1315 crisiensi,
1548 1250 1578 1301 et

309 1355 418 1413 eodem
443 1356 537 1413 modo
561 1357 591 1413 in
615 1356 763 1413 comitatu
795 1355 986 1427 zagrabiensi
1017 1354 1123 1411 comiti
1154 1352 1293 1410 eiusdem
1316 1357 1344 1408 et
1369 1351 1412 1408 sic
1434 1351 1504 1408 aliis
1529 1365 1578 1407 co·

310 1463 436 1519 mitibus
460 1463 491 1519 in
513 1463 712 1519 comitatibus
736 1460 925 1518 eorumdem.
950 1459 1011 1531 Qui
1034 1460 1163 1517 comites
1186 1467 1297 1515 extunc
1319 1462 1479 1514 teneantur
1494 1471 1578 1513 com·

310 1568 427 1641 pellere
450 1568 570 1625 nobiles
594 1574 623 1624 et
647 1568 729 1624 cives
757 1567 795 1624 ad
827 1565 992 1623 solvendas
1021 1565 1157 1622 decimas
1188 1566 1305 1637 integre
1336 1562 1578 1620 decimatoribus

310 1674 491 1732 eorumdem
522 1681 551 1730 et
582 1675 799 1731 nichilominus
821 1674 939 1746 possint
967 1688 1025 1745 pro
1058 1689 1089 1729 se
1113 1671 1226 1729 iudicia
1254 1671 1400 1743 recipere,
1430 1677 1523 1744 prout
1547 1670 1578 1726 in

310 1781 380 1837 aliis
403 1781 515 1837 nostris
538 1780 636 1837 literis
669 1780 791 1853 plenius
821 1780 1000 1836 continetur.
1031 1779 1149 1835 Datum
1178 1777 1336 1850 Zagrabie.
1373 1776 1449 1833 feria
1484 1777 1578 1834 tercia

311 1892 382 1943 ante
406 1885 519 1944 testum
552 1886 765 1958 apostolorum
798 1884 942 1956 Symonis
973 1894 1002 1942 et
1031 1884 1117 1967 Jude.
1151 1886 1240 1940 Anno
1268 1881 1385 1939 domini
1410 1864 1579 1938 millesimo

311 1991 389 2050 CCC
414 1993 561 2050 vicesimo
584 1996 702 2050 octavo.

416 2128 440 2176 E
464 2127 536 2177 libro
562 2127 651 2192 privil.
672 2126 750 2192 episc.
771 2127 874 2192 zagrab,
897 2126 942 2176 iol.
966 2128 1004 2175 to.
1025 2132 1050 2174 et
1072 2136 1109 2188 19.
1129 2126 1210 2174 Extat
1228 2125 1256 2173 in
1277 2130 1442 2189 transumpto
1462 2123 1578 2173 eiusdem

312 2216 410 2282 Mykch
430 2215 490 2265 bani
510 2231 577 2264 anno
600 2224 673 2276 1334.
695 2215 723 2264 ln
743 2215 813 2264 arch.
834 2215 976 2279 archiepsc.
996 2213 1143 2263 Decimalia
1162 2212 1222 2262 fasc.
1247 2224 1266 2262 1.
1286 2228 1325 2262 nr.
1346 2223 1369 2271 3.

901 2410 986 2475 148.

419 2555 494 2601 Anno
518 2562 590 2613 1329,
612 2561 631 2600 1.
650 2550 772 2615 januarii.
790 2550 944 2615 Zagrabiae.

313 2680 470 2737 ladislaus
493 2682 636 2753 episcopus
664 2678 779 2752 aagrob.
803 2679 930 2753 officiatur
952 2679 1045 2734 cultus
1067 2678 1162 2732 divini
1182 2678 1318 2751 quatranio
1337 2679 1368 2733 in
1384 2680 1444 2735 eccl.
1462 2679 1578 2750 zagrub.

685 2787 740 2841 rite
761 2785 968 2842 observandum
987 2785 1032 2852 sit,
1049 2784 1209 2856 prescribit.

403 2929 572 2993 ladislaus,
596 2928 645 2984 dei
669 2935 698 2984 et
722 2928 890 3001 apostolice
920 2927 1001 2984 sedis
1031 2929 1143 3000 gracia,
1176 2929 1339 3000 episcopus
1363 2929 1578 3000 zagrabiensis.

313 3036 462 3092 Discretis
485 3035 560 3091 viris
585 3034 732 3090 tratribus
755 3034 818 3090 suis
842 3035 994 3090 canonicis
1014 3034 1143 3103 singulis
1160 3051 1213 3090 sue
1230 3035 1436 3106 zagrabiensis
1453 3035 1579 3092 ecclesie

314 3151 344 3199 et
369 3141 621 3214 procuratoribus
644 3140 821 3196 absencium
847 3155 884 3195 ex
909 3138 1024 3196 eisdem
1049 3140 1182 3195 salutem
1207 3147 1235 3196 et
1261 3147 1421 3211 paternam
1439 3141 1580 3198 benedic·

314 3248 441 3303 cionem.
473 3246 560 3301 luxta
593 3245 822 3301 ordinacionem
845 3250 875 3301 et
899 3246 1151 3302 constitucionem
1179 3247 1366 3303 venerabilis
1391 3248 1495 3318 patris,
1528 3248 1581 3304 do-

317 3353 392 3408 mini
425 3350 528 3407 fratris
562 3351 733 3421 Augustini,
767 3357 869 3406 sancte
901 3353 1050 3407 memorie
1081 3351 1307 3424 predecessoris
1329 3354 1433 3413 nostri.
1458 3353 1487 3409 in
1511 3355 1578 3425 ipsa

315 3465 419 3515 nostra
452 3457 580 3514 ecclesia
614 3456 783 3513 secundum
818 3457 958 3513 ordinem
1000 3457 1184 3529 dignitatum
1221 3464 1250 3513 et
1287 3466 1505 3530 personatuum
1546 3477 1581 3516 ac

317 3565 451 3622 aliorum
483 3580 520 3620 ex
549 3565 648 3633 vobis,
680 3563 808 3636 quidam
840 3564 869 3620 in
898 3547 1089 3632 sacerdotali,
1122 3563 1249 3634 quidam
1282 3565 1312 3619 in
1337 3563 1526 3634 dyaconatus
1550 3573 1578 3622 et

316 3671 413 3743 aliqui
437 3672 467 3726 in
492 3670 739 3741 subdyaconatus
764 3669 933 3738 ordinibus
962 3676 1054 3742 prout
1085 3675 1169 3741 patet
1199 3670 1349 3742 superius,
1381 3686 1508 3726 suorum
1540 3679 1581 3727 te-

318 3782 427 3833 nentur
450 3774 625 3831 officiorum
650 3775 811 3832 exsolvere
835 3775 947 3845 debita,
972 3791 1040 3847 que,
1064 3782 1097 3831 ut
1122 3776 1327 3848 percepimus,
1352 3775 1505 3833 interdum
1531 3793 1581 3833 ne-

316 3882 485 3954 gliguntur,
508 3882 537 3937 in
563 3880 750 3953 quibusdam
774 3889 804 3938 et
828 3883 919 3952 male,
943 3897 1013 3938 cum
1038 3881 1187 3938 beneficia
1212 3887 1340 3954 propter
1356 3881 1459 3938 officia
1476 3899 1581 3939 conce·

317 3988 429 4044 dantur
459 3986 627 4043 secundum
658 3989 803 4045 canonica
834 3989 978 4045 instituta.
1010 3988 1114 4059 Quare
1143 3988 1233 4044 vobis
1262 3986 1372 4044 damus
1396 3988 1526 4045 firmiter
1552 3991 1581 4045 in

318 4093 479 4165 preceptis,
512 4101 661 4163 quatenus
693 4099 795 4150 vestra
825 4093 928 4151 officia
959 4109 995 4150 eo
1025 4093 1126 4162 modo,
1150 4095 1228 4149 sicut
1252 4094 1450 4165 predecessor
1475 4111 1582 4168 supra·

318 4197 417 4255 dictus
440 4199 597 4255 constituit
620 4205 649 4254 et
674 4200 819 4272 precepit,
841 4216 897 4272 per
919 4216 975 4256 vos
999 4201 1083 4272 ipsos
1107 4205 1136 4256 et
1160 4200 1353 4271 quandoque,
1378 4216 1469 4257 causa
1485 4201 1581 4257 racio-

317 4304 414 4361 nabili
436 4310 607 4367 excusante,
639 4320 695 4376 per
727 4304 804 4361 alios
832 4305 967 4376 ydoneos
991 4305 1138 4362 studeatis
1162 4306 1294 4362 sollicite
1327 4306 1508 4379 adimplere,
1544 4324 1582 4363 nc

319 4409 429 4464 exinde
460 4407 598 4465 defectus
628 4415 777 4482 appareat
807 4411 959 4482 aliqualis.
995 4412 1030 4468 lit
1061 4418 1095 4468 ut
1127 4412 1230 4468 cultus
1260 4411 1383 4468 divinus
1413 4413 1442 4468 in
1474 4412 1582 4469 eadem

319 4520 422 4569 nostra
445 4515 573 4570 ecclesia
596 4525 743 4588 operante
765 4515 891 4574 domino
914 4522 1070 4589 augeatur,
1095 4518 1241 4574 volumus
1264 4524 1292 4574 et
1317 4517 1448 4574 firmiter
1472 4519 1501 4575 in
1520 4519 1582 4574 vir-

320 4626 383 4674 tute
406 4628 508 4676 sancte
532 4620 709 4677 obediencie
739 4623 928 4694 iniungimus
959 4623 1129 4693 statuenda,
1153 4629 1187 4680 ut
1210 4631 1349 4680 vestrum
1372 4625 1494 4695 singuli.
1519 4625 1581 4695 qui,

319 4724 350 4779 in
379 4723 663 4797 sollempnitatibus
696 4729 849 4785 consuetis
880 4730 910 4785 in
942 4734 1046 4786 nostra
1077 4730 1206 4787 ecclesia
1236 4730 1396 4787 observari
1430 4731 1480 4786 vel
1504 4731 1582 4787 alias
