3488 5242
281 355 339 417 192
706 339 780 399 Duc.
803 353 870 418 213.
898 375 935 383 -
961 341 1017 400 An.
1042 355 1129 421 1347.

274 538 382 610 glorie,
406 539 460 611 qui
484 553 540 595 sua
562 538 715 596 mundum
740 539 892 597 ineffabili
908 540 1049 599 claritate
1064 542 1229 613 illuminat,
1247 543 1298 616 pia
1314 548 1385 600 vota
1403 542 1544 600 fidelium

276 643 315 701 de
334 645 574 703 clementissima
592 646 751 702 maiestate
766 646 793 703 ei
810 647 1005 720 sperancium
1029 652 1101 705 tunc
1122 649 1269 722 precipue
1291 649 1424 721 benigno
1440 649 1547 707 favore

276 751 483 824 prosequitur,
497 767 569 809 cum
582 751 695 809 devota
707 752 847 825 ipsorum
859 753 1020 810 humilitas
1033 759 1209 812 sanctorum
1223 756 1341 812 meritis
1354 761 1384 812 et
1401 756 1547 829 precibus

275 856 447 915 adiuvetur.
465 857 632 932 Cupientes
655 859 749 931 igitur
772 864 806 916 ut
826 859 954 916 ecclesia
976 861 1044 916 sive
1060 862 1281 918 monasterium
1298 861 1387 918 beate
1403 862 1499 919 Marie
1516 862 1545 918 in

274 961 424 1035 Zagrabia
448 965 591 1036 congruis
607 965 778 1022 honoribus
802 963 1014 1037 frequentetur
1035 972 1065 1022 et
1087 981 1105 1021 a
1133 965 1248 1023 Christi
1264 966 1412 1023 fidelibus
1435 968 1548 1040 iugiter

276 1075 447 1140 veneretur,
470 1071 616 1127 omnibus
639 1086 712 1128 vere
740 1071 948 1144 penitentibus
964 1077 993 1128 et
1010 1071 1164 1142 confessis,
1182 1073 1235 1145 qui
1251 1072 1291 1130 ad
1315 1072 1430 1130 dictam
1451 1073 1547 1130 eccle-

274 1174 352 1232 siam
383 1175 414 1232 in
444 1176 573 1248 singulis
597 1177 686 1233 beate
710 1177 805 1234 Marie
837 1174 1058 1235 festivitatibus
1081 1184 1111 1235 et
1134 1179 1165 1234 in
1188 1179 1334 1236 omnibus
1357 1179 1427 1236 aliis
1451 1179 1545 1237 infra-

273 1281 405 1354 scriptis,
428 1281 588 1340 videlicet:
612 1282 724 1339 natalis
740 1282 866 1353 domini,
884 1283 1135 1353 circumcisionis,
1159 1284 1332 1357 epiphanie,
1354 1299 1544 1358 parasceves,

275 1388 396 1460 pasche,
410 1389 605 1457 ascensionis,
622 1394 822 1463 pentecostes
838 1389 992 1458 trinitatis
1010 1390 1150 1463 corporis
1165 1389 1291 1459 Christi,
1307 1391 1497 1447 invencionis
1513 1397 1542 1448 et

275 1493 474 1552 exaltacionis
497 1501 600 1551 sancte
624 1495 731 1565 crucis,
759 1495 919 1552 Michaelis
950 1495 1137 1566 archangeli,
1168 1501 1198 1551 et
1229 1495 1259 1552 in
1289 1496 1436 1553 omnibus
1460 1495 1545 1553 festis

274 1600 370 1657 sancti
380 1600 529 1683 Johannis
546 1601 690 1674 baptiste,
703 1601 865 1658 beatorum
878 1601 960 1658 Petri
979 1605 1009 1657 et
1025 1601 1114 1658 Pauli
1129 1601 1344 1675 apostolorum
1358 1607 1388 1660 et
1404 1603 1543 1659 onmium

274 1706 408 1764 aliorum
432 1706 648 1780 apostolorum
664 1713 695 1764 et
712 1707 991 1779 evangelistarum,
1015 1707 1045 1763 in
1069 1705 1147 1763 festo
1163 1707 1302 1764 omnium
1319 1714 1496 1765 sanctorum
1514 1714 1542 1765 et

275 1813 305 1870 in
322 1813 620 1870 commemoracione
643 1813 826 1883 animarum,
851 1817 880 1869 et
903 1811 1031 1869 indicte
1054 1812 1181 1869 ecclesie
1197 1812 1400 1881 dedicacione,
1425 1821 1543 1871 sancto·

277 1933 410 1990 rumque
425 1916 582 1992 Stephani,
599 1919 768 1987 Laurencii,
785 1916 920 1990 Georgii,
940 1917 1071 1986 Martini,
1088 1917 1238 1990 Nicholai,
1257 1918 1408 1992 Gregorii,
1425 1926 1543 1977 sancta·

274 2037 407 2097 rumque
431 2025 528 2082 Marie
551 2024 742 2097 Magdalene,
766 2025 920 2094 Katerine,
944 2026 1117 2098 llargarete
1140 2031 1171 2082 et
1185 2041 1243 2100 per
1258 2030 1383 2082 octavas
1399 2026 1540 2082 omnium

275 2129 476 2188 festivitatum
501 2130 710 2203 predictarum
734 2136 858 2188 octavas
882 2130 1076 2202 habencium,
1100 2132 1292 2204 singulisque
1315 2130 1426 2188 diebus
1443 2131 1543 2188 domi·

274 2236 351 2294 nicis
383 2252 474 2294 causa
505 2236 692 2304 devocionis,
723 2237 874 2295 oracionis
905 2242 958 2293 aut
982 2238 1242 2310 peregrinacionis
1265 2238 1464 2305 accesserint;
1487 2254 1539 2294 seu

274 2343 327 2414 qui
350 2343 461 2412 missis
485 2342 761 2417 predicacionibus,
785 2344 953 2413 matutinis,
977 2345 1116 2416 vesperis
1136 2350 1188 2400 aut
1203 2344 1273 2401 aliis
1289 2343 1402 2401 divinis
1418 2343 1540 2414 officiis,

272 2449 411 2521 exequiis
434 2454 463 2506 et
486 2454 681 2506 mortuorum
706 2450 875 2522 sepulturis
896 2449 1012 2506 ibidem
1036 2449 1245 2517 interfuerini;
1273 2455 1325 2506 aut
1348 2450 1402 2521 qui
1425 2466 1538 2522 corpus

272 2553 460 2624 Christivel
484 2555 587 2612 oleum
618 2571 739 2612 sacrum
775 2572 846 2612 cum
869 2555 1000 2612 infirmis
1025 2560 1194 2628 portentur,
1218 2556 1313 2612 secuti
1339 2554 1459 2624 suerint,
1486 2555 1536 2611 vel

272 2663 325 2735 qui
349 2663 380 2719 in
404 2663 537 2719 serotina
561 2663 738 2735 pulsacione
761 2677 911 2735 campane
936 2661 1021 2719 flexis
1044 2663 1175 2731 genibus
1199 2668 1261 2717 ter:
1286 2677 1343 2717 ave
1367 2661 1472 2729 Maria,
1489 2660 1535 2717 di-

272 2769 380 2835 xerint,
404 2783 521 2825 necnon
545 2770 596 2841 qui
621 2768 658 2825 ad
691 2768 850 2837 fabricam,
881 2769 1055 2837 luminaria,
1087 2776 1266 2825 ornamenta
1297 2767 1376 2824 dicte
1408 2768 1537 2823 ecclesie

271 2888 381 2931 manus
403 2873 567 2931 adiutrices
590 2875 791 2947 porrexerint,
816 2882 868 2930 aut
892 2875 944 2945 qui
968 2876 998 2930 in
1022 2889 1129 2931 eorum
1152 2875 1342 2930 testamentis
1366 2874 1416 2929 vel
1442 2879 1539 2941 extra,

271 2963 390 3051 aurum,
415 2988 585 3052 argentum,
610 2982 800 3050 vestimenta,
825 2982 932 3050 libros,
959 2982 1078 3049 calices,
1102 2980 1215 3049 oleum,
1240 2995 1351 3045 ceram,
1376 2978 1538 3051 lampades

270 3093 322 3143 aut
346 3088 455 3158 quevis
479 3087 540 3143 alia
563 3086 643 3143 dicte
667 3087 793 3143 ecclesie
816 3087 986 3143 necessaria
1006 3086 1197 3151 donaverint,
1215 3085 1383 3156 legaverint
1409 3090 1460 3141 aut
1484 3084 1537 3140 do-

269 3193 337 3250 nari
360 3193 411 3249 vel
434 3192 531 3263 legari
556 3194 799 3265 procuraverint,
826 3208 878 3249 seu
904 3194 956 3265 qui
980 3192 1094 3249 dictam
1119 3192 1280 3248 ecclesiam
1304 3198 1333 3247 et
1357 3192 1421 3248 eius
1445 3192 1530 3247 cimi-

271 3299 384 3356 terium
416 3314 473 3372 pro
506 3300 668 3356 animabus
700 3314 866 3371 corporum
899 3300 973 3356 inibi
1002 3300 1169 3356 iacencium
1198 3299 1403 3362 circuiverini‚
1427 3306 1455 3354 et
1480 3300 1532 3370 qui

271 3420 328 3477 pro
359 3405 472 3461 abbate
504 3403 584 3461 dicte
615 3405 742 3461 ecclesie
770 3405 835 3460 sive
859 3405 1036 3461 monasterii
1060 3405 1146 3462 istius
1170 3403 1363 3475 indulgencie
1388 3405 1534 3476 impetra·

271 3516 336 3568 tore
360 3511 483 3583 suisque
504 3511 683 3584 parentibus
714 3517 742 3567 et
773 3512 880 3568 amicis
908 3518 937 3567 et
961 3526 1018 3583 pro
1042 3511 1186 3567 omnibus
1211 3510 1292 3566 dicte
1316 3511 1444 3566 ecclesie
1468 3512 1533 3567 sive

270 3617 446 3674 monasterii
471 3616 720 3673 benefactoribus
745 3617 825 3674 vivis
849 3625 877 3673 et
903 3619 1033 3674 mortuis
1058 3618 1108 3688 pie
1131 3616 1222 3672 deum
1247 3618 1441 3674 exoraverint
1461 3633 1537 3689 quo·

270 3723 486 3793 cienscumque
517 3728 545 3779 et
578 3722 837 3795 quandocumque
868 3729 897 3779 et
932 3724 1121 3793 ubicumque
1152 3724 1302 3794 premissa
1336 3724 1385 3778 vel
1417 3721 1534 3794 aliquid

270 3830 492 3901 premissorum
515 3828 626 3886 devote
650 3828 776 3885 fecerint
800 3828 838 3885 de
861 3829 1080 3901 omnipotentis
1104 3827 1152 3885 dei
1178 3827 1387 3885 misericordia
1412 3836 1440 3884 et
1465 3829 1536 3884 bea·

270 3945 372 3992 torum
396 3936 478 3991 Petri
502 3941 530 3992 et
554 3935 640 3991 Pauli
676 3935 889 4009 apostolorum
921 3937 985 3991 eius
1009 3935 1188 3991 auctoritate
1212 3934 1317 3990 contisi
1342 3934 1455 4005 singuli
1480 3949 1533 3989 no-

269 4047 368 4098 strum
392 4041 453 4096 XL.
478 4041 543 4097 dies
568 4040 832 4113 indulgenciarum
861 4041 899 4097 de
927 4042 1068 4097 iniunctis
1093 4041 1136 4097 eis
1160 4041 1339 4112 penitenciis
1364 4041 1534 4096 misericor·

270 4145 349 4203 diter
371 4148 401 4203 in
426 4146 483 4203 deo
508 4148 692 4214 relaxamus,
717 4146 889 4203 dummodo
913 4146 1065 4202 diocesani
1090 4147 1233 4202 voluntas
1257 4146 1296 4201 ad
1321 4145 1350 4201 id
1374 4146 1534 4201 accesserit

269 4256 298 4307 et
322 4268 494 4310 consensus.
519 4253 550 4309 ln
574 4254 660 4309 cuius
684 4253 728 4308 rei
745 4254 956 4309 testimonium
973 4252 1075 4323 sigilla
1093 4257 1197 4308 nostra
1213 4251 1407 4323 presentibus
1424 4251 1535 4307 litteris

268 4360 478 4431 apposuimus.
503 4359 616 4415 Datum
642 4360 806 4426 Avinionii‚
832 4360 879 4415 ill.
896 4358 945 4414 die
969 4359 1081 4414 mensis
1106 4359 1291 4415 novembris
1311 4361 1398 4414 Anno
1416 4357 1533 4414 domini

269 4462 500 4534 MCCCXLVll,
531 4472 561 4521 et
586 4464 782 4537 pontificatus
814 4464 931 4520 domini
963 4464 1131 4520 Clementis
1155 4479 1235 4537 pape
1260 4462 1310 4530 Vl,
1335 4477 1413 4518 anno
1438 4469 1531 4518 sextu.

358 4616 497 4681 Originalc
524 4616 550 4666 in
570 4618 728 4674 membrana,
754 4617 844 4682 sigilla
868 4618 968 4667 desunt.
994 4617 1036 4666 Ex
1061 4617 1131 4666 arch.
1158 4632 1213 4666 ven.
1234 4616 1310 4680 capit.
1337 4615 1441 4679 zagrab.
1473 4619 1530 4664 Act.

268 4704 331 4769 Cap.
351 4707 409 4754 Ant
430 4703 490 4754 fasc.
511 4706 552 4755 88.
572 4721 610 4754 nr.
631 4714 671 4763 5ο.
