3488 5242
653 325 727 383 Dor.
751 340 797 383 12.
825 357 862 366 -
888 325 944 381 An.
969 336 1056 401 1235.
1471 343 1489 402 9

227 524 382 597 bernich
413 524 498 583 vadit
529 523 671 593 inferius,
703 526 756 581 ubi
788 525 849 581 exit
873 522 912 581 de
935 523 1090 596 bemich
1114 524 1228 583 Goiina
1251 525 1368 596 mlaca,
1400 529 1430 582 et
1452 523 1490 582 de

226 629 339 688 Goiina
362 631 463 688 mlaca
486 630 572 687 vadit
596 630 633 687 ad
658 629 827 700 caminam,
859 631 912 687 ubi
937 629 1019 689 cadit
1042 629 1155 688 Golina
1178 631 1279 688 mlaca
1302 632 1333 688 in
1356 630 1490 701 Zamam,

225 745 254 793 et
285 752 378 809 super
410 735 533 793 Zawnm
558 735 643 793 vadit
667 734 794 793 interius
818 735 871 792 ubi
896 736 957 793 exit
981 736 1131 793 Mortinca
1155 742 1257 809 strug‚
1288 744 1318 794 et
1341 737 1491 795 Mortiuca

224 852 311 916 strug
335 843 419 901 vadit
443 842 601 915 usquead
626 843 768 909 Ruscam,
797 841 896 898 Rusca
920 843 982 899 exit
1006 842 1044 900 de
1069 844 1218 901 Mortinca
1242 849 1330 916 strug
1353 850 1382 901 et
1406 844 1490 901 venit

225 952 254 1007 iu
286 949 419 1019 Odrnm,
451 958 480 1006 et
512 950 556 1007 sic
587 949 667 1006 redit
698 947 736 1005 ad
762 949 897 1021 priorem
923 955 1046 1006 metam.
1077 949 1141 1006 Hec
1165 955 1235 1007 sunt
1258 947 1383 1007 nomina
1406 964 1489 1007 cam·

222 1071 343 1130 porum,
367 1072 426 1129 que
449 1063 518 1112 sunt
543 1057 572 1113 in
597 1062 677 1112 terra
702 1054 855 1128 predicta:
882 1054 963 1124 Pola,
989 1055 1124 1127 Durnyc.
1142 1055 1270 1128 Lysnyc‚
1286 1055 1388 1127 Ruffa,
1405 1055 1489 1125 Pala,

224 1162 347 1232 Polam,
372 1162 487 1219 Crisna.

310 1315 426 1372 WenzeL
447 1315 515 1364 Mon.
536 1316 654 1380 Hungar.
675 1314 766 1364 histor.
788 1320 848 1364 tom.
869 1313 933 1363 XX.
954 1331 977 1380 p.
998 1324 1056 1364 221.

312 1674 359 1720 An.
383 1679 456 1728 1235.
475 1670 629 1736 Zagrabiae.
828 1617 883 1683 Μ’

225 1812 391 1887 Stephanus
416 1815 455 1872 lt
479 1813 627 1888 eprscopus
649 1813 868 1887 aagrabicnsis,
893 1816 1007 1890 confert
1027 1815 1152 1888 capitulo
1176 1814 1319 1872 terrulam
1341 1814 1489 1888 quandam

222 1921 255 1977 de
286 1921 452 1994 Porlgorrir,
485 1923 604 1979 serrau'o
634 1929 728 1979 tamen
751 1923 801 1978 illo
824 1929 944 1989 retento,
976 1931 1009 1980 ut
1033 1941 1052 1978 a
1075 1922 1201 1994 capitulo
1223 1922 1315 1979 alerem
1338 1920 1492 1978 chrismati

221 2044 317 2083 annuc
340 2027 528 2083 consecrando
550 2030 738 2085 necessarium
762 2028 886 2086 dimidia
919 2047 1019 2086 marca
1043 2030 1105 2098 cml,
1131 2027 1364 2103 Zagrabiumque
1390 2027 1489 2101 depor-

760 2136 824 2191 tari
844 2135 948 2192 debeat.

214 2287 216 2292 ⁴
314 2293 487 2369 Stephanus
510 2295 558 2353 dei
582 2297 685 2368 gracia
700 2298 907 2370 zagrabiensis
923 2299 1094 2371 episcopus.
1112 2297 1264 2356 Omnibus
1280 2295 1395 2354 Christi
1414 2295 1489 2354 fide·

223 2402 305 2459 libus
342 2408 406 2459 tam
440 2403 634 2475 presentibus
665 2418 759 2475 quam
790 2405 921 2477 posteris
960 2404 1078 2462 litteras
1110 2410 1267 2477 presentes
1297 2403 1488 2476 inspecturis,

223 2509 353 2565 salutem
386 2516 416 2565 et
445 2524 536 2566 omne
567 2510 692 2567 bonum.
725 2509 879 2583 Quoniam
903 2510 1048 2568 dominus
1071 2517 1163 2583 auget
1185 2524 1309 2584 semper
1331 2514 1361 2566 et
1383 2508 1490 2567 multi·

222 2614 317 2687 plicat
341 2615 421 2671 bona
455 2631 492 2672 ex
516 2615 629 2687 quibus
652 2614 772 2688 aliquid
795 2631 853 2689 pro
877 2618 943 2674 eius
967 2617 1091 2674 nomine
1116 2623 1276 2688 erogatur3
1300 2621 1489 2688 eapropter

222 2718 450 2778 considerantes
474 2720 639 2792 diiigenter
658 2722 755 2778 nostri
773 2722 901 2794 capituli
917 2722 1048 2779 nimiam
1065 2727 1281 2796 paupertatem
1298 2727 1328 2778 et
1343 2721 1489 2794 inopiam,

223 2824 366 2884 videlicet
398 2827 479 2899 quod
513 2826 723 2899 unusquisque
754 2831 885 2885 tratrum
919 2829 950 2885 in
980 2827 1133 2886 reditibus
1160 2843 1221 2885 non
1250 2835 1354 2900 posset
1376 2827 1490 2884 habere
1561 2816 1564 2822 ’

221 2933 293 3004 plus
316 2934 346 2990 in
371 2948 450 2989 anno
474 2934 532 2990 nisi
555 2934 662 2989 valens
684 2947 822 2990 marcam
846 2941 875 2991 et
899 2933 1071 3005 dimidiam,
1099 2941 1128 2991 et
1151 2949 1216 3005 nos,
1242 2946 1349 3006 ymmo
1372 2933 1490 3005 episco-

223 3045 313 3110 patus
345 3046 447 3096 noster
479 3054 534 3111 per
562 3040 782 3112 omnipotentis
812 3039 862 3097 dei
892 3041 1030 3112 graciam
1061 3038 1254 3098 habundaret
1284 3040 1315 3097 in
1343 3038 1489 3096 omuibus

222 3145 319 3214 bonis,
352 3144 389 3200 de
413 3144 528 3201 eisdem
554 3145 642 3201 bonis
666 3161 683 3201 a
707 3145 765 3202 deo
789 3147 879 3203 nobis
902 3146 1040 3217 collatis,
1070 3145 1218 3204 fratribus
1242 3145 1398 3203 rostribus
1419 3159 1489 3217 pre·

221 3247 310 3306 dictis
328 3265 385 3321 pro
401 3265 507 3307 eorum
525 3257 706 3324 paupertate
721 3252 921 3322 sublevanda,
936 3253 1086 3310 terrulam
1103 3251 1260 3325 quandam
1273 3251 1312 3309 de
1327 3250 1487 3324 Podgoria

223 3370 292 3410 cum
323 3356 449 3428 populis
480 3372 573 3429 super
606 3357 733 3414 eandem
767 3366 882 3416 terram
905 3359 1109 3416 existentibus
1131 3367 1161 3415 et
1184 3357 1365 3416 eorumdem
1389 3372 1489 3431 popu·

223 3460 324 3517 lorum
350 3460 477 3519 decimis
501 3471 530 3518 et
554 3464 732 3521 marturinis
755 3474 785 3521 et
808 3466 953 3522 omnibus
977 3465 1046 3522 aliis
1062 3464 1267 3537 pertinenciis,
1284 3464 1352 3521 solo
1369 3469 1487 3521 tautum

221 3567 278 3623 hoc
301 3567 432 3624 servicio
456 3576 582 3638 retento,
606 3568 688 3641 quod
715 3569 844 3642 singulis
860 3570 955 3641 annis,
976 3571 1054 3628 sicut
1073 3587 1111 3627 ex
1128 3571 1254 3642 antiqua
1269 3567 1488 3626 consuetudine

220 3679 360 3729 tenentur
398 3673 437 3729 ad
470 3675 733 3732 consecracionem
766 3675 919 3734 crismatis
959 3684 1095 3733 emerent
1133 3676 1238 3733 oleum
1269 3690 1327 3749 pro
1358 3672 1488 3732 dimidia

221 3792 323 3834 marca
346 3786 375 3834 et
399 3778 599 3851 deportarent
622 3782 706 3837 omni
730 3781 904 3838 occassione
927 3787 1047 3838 remota
1070 3782 1100 3839 iu
1123 3781 1172 3838 die
1195 3781 1290 3838 ramis
1306 3779 1486 3854 palmarum

219 3883 411 3955 Zagrabiam,
429 3887 615 3942 contulimus
632 3887 734 3958 quiete
750 3896 779 3944 et
796 3887 923 3961 pacifice
940 3895 1090 3962 perpetuo
1108 3887 1334 3961 possidendam.
1360 3887 1488 3959 insuper

219 3990 312 4046 etiam
347 3990 384 4046 ad
418 4007 506 4048 usum
542 3992 752 4065 predictorum
784 3992 915 4050 fratrum
947 4001 1123 4052 nostrorum
1151 3993 1339 4050 contulimus
1363 3992 1393 4050 in
1417 4007 1487 4064 per·

220 4103 348 4168 petuum
384 4096 520 4154 decimas
555 4100 719 4156 comitatus
747 4098 785 4156 de
816 4099 985 4173 Podgoria,
1020 4101 1157 4157 valentes
1188 4099 1346 4157 annuatim
1379 4098 1486 4155 decem

221 4217 347 4267 marcas,
382 4205 543 4276 presertim
577 4221 646 4261 cum
680 4205 762 4263 idem
795 4205 905 4263 fratres
938 4207 1034 4264 nostri
1075 4223 1128 4263 sue
1159 4204 1334 4279 paupertati
1358 4218 1485 4278 parcere

222 4308 375 4378 nolentes,
407 4310 554 4367 iuvissent
586 4327 640 4368 nos
671 4328 739 4368 cum
774 4313 987 4369 laboraremus
1018 4313 1153 4369 incuria
1176 4326 1304 4369 romana
1328 4325 1386 4384 pro
1409 4308 1485 4367 deli·

223 4414 358 4471 beranda
390 4416 518 4472 ecclesia
551 4427 653 4474 nostra
686 4426 790 4474 contra
819 4418 965 4474 abbatem
989 4419 1084 4475 sancti
1109 4418 1232 4475 Martini
1255 4417 1285 4473 iu
1309 4424 1431 4472 centum
1456 4423 1485 4470 et

222 4521 330 4591 viginti
348 4521 459 4577 marcis
479 4513 619 4594 argenti.¹
638 4523 678 4580 Ut
694 4523 790 4594 igitur
805 4538 822 4580 a
838 4523 927 4580 nobis
943 4529 973 4581 et
988 4524 1100 4581 nostris
1116 4522 1344 4580 successoribus
1360 4535 1486 4594 presens

310 4704 443 4756 ¹Couier:
463 4708 584 4757 Theiner.
606 4708 719 4759 Monum.
739 4710 826 4773 Hung.
848 4709 939 4760 histor.
960 4709 978 4759 1.
999 4726 1023 4774 p.
1045 4718 1085 4767 70,
1113 4719 1169 4768 105.
1192 4708 1304 4759 Farlatti
1329 4706 1398 4758 Illir.
1418 4721 1484 4762 sacr,

219 4801 280 4845 tom.
299 4795 330 4842 V.
352 4810 376 4859 p.
398 4796 455 4853 306.
475 4797 549 4861 Joan.
570 4796 685 4854 Tkaidid,
704 4797 772 4847 Mon.
791 4797 850 4847 hist.
871 4798 951 4862 episc.
971 4798 1075 4863 zagrab.
1095 4797 1115 4847 1.
1133 4813 1157 4862 p.
1180 4805 1219 4856 73.
