3488 5242
254 351 314 408 452

680 331 827 389 dilatanda.
855 367 890 374 —-
918 334 973 389 An.
999 330 1088 408 1346.

252 533 496 590 contradiccione
512 533 639 605 capituli
655 532 790 588 annotati
808 533 979 588 luculenter
996 532 1257 596 demonstrabant,
1277 532 1456 605 dictumque
1473 549 1524 590 ca·

252 639 387 711 pitulum
412 645 474 694 tam
510 646 650 710 tempore
681 638 860 694 statucionis
890 637 1027 693 eiusdem
1053 638 1254 710 possessionis
1278 636 1400 693 Cobilia
1424 653 1521 709 quam
1572 691 1575 696 .

252 744 414 801 concordie
445 749 605 816 prenotate
637 742 729 799 velud
763 743 806 799 nil
839 744 913 800 iuris
944 743 1050 814 nilque
1073 744 1273 824 proprietatis
1297 744 1326 800 in
1352 745 1523 816 possessio·

251 849 342 905 nibus
367 850 535 922 prenotatis
555 849 784 905 considerantes
807 865 839 904 se
862 849 985 911 habere,
1009 849 1115 920 aliquo
1139 849 1392 905 contradiccionis
1417 849 1524 906 obsta·

252 955 322 1010 culo
347 955 474 1010 minime
500 954 733 1026 reperiebantur
756 954 877 1010 civibus
900 960 930 1009 et
954 954 1129 1026 hospitibus
1153 953 1190 1010 de
1224 953 1324 1010 Grech
1350 956 1524 1025 prenotatis

252 1060 403 1128 obviasse,
426 1064 456 1117 e't
487 1076 525 1115 ex
549 1074 586 1115 eo
608 1060 691 1131 ipsas
720 1059 926 1130 possessiones
949 1059 1111 1115 admisisse
1134 1067 1163 1116 et
1187 1060 1374 1117 consensisse
1392 1067 1523 1134 propter

252 1167 298 1221 sui
324 1166 572 1234 taciturnitatem,
597 1165 682 1220 iuxta
705 1163 802 1220 illud:
827 1165 878 1236 qui
903 1171 983 1221 tacet
1006 1165 1176 1221 consentire
1193 1164 1325 1225 videtur,
1346 1171 1376 1222 et
1392 1172 1523 1239 propter

252 1271 405 1343 temporis
428 1270 661 1328 diuturnitatem
687 1270 763 1327 bene
787 1271 898 1327 merito
930 1276 1031 1343 potest
1054 1271 1202 1339 annotari,
1226 1271 1423 1342 litterrasque
1447 1287 1521 1345 pro·

253 1377 474 1446 testacionalcs,
500 1377 720 1449 prohibitorias
744 1383 773 1435 et
796 1377 873 1432 alias
896 1377 1060 1448 quaslibet.
1085 1393 1144 1448 que
1168 1377 1297 1433 alicuius
1319 1376 1458 1434 efficacie
1475 1379 1521 1435 vi·

253 1482 399 1539 derentur
423 1483 472 1538 vel
497 1483 645 1539 momenti
671 1483 700 1538 in
722 1484 780 1538 hoc
797 1482 877 1538 iacto
903 1482 997 1539 iidem
1015 1488 1229 1553 procuratores
1247 1483 1375 1555 capituli
1392 1484 1523 1540 ecclesie

251 1588 458 1656 zagrabiensis
481 1603 536 1660 per
560 1602 624 1656 nos,
647 1594 680 1642 ut
697 1595 802 1643 nostro
818 1589 977 1656 incumbit,
995 1588 1073 1643 trina
1096 1588 1162 1643 vice
1187 1588 1326 1660 requisiti
1351 1589 1523 1661 nequibant

252 1708 307 1748 nec
330 1694 585 1764 assumpmebant
609 1693 762 1748 exhibere.
787 1693 884 1764 Igitur
912 1708 966 1749 nos
990 1669 1122 1750 unacum
1146 1694 1316 1750 venerabili
1340 1695 1370 1750 in
1394 1694 1521 1752 Christo

252 1806 340 1871 patre
364 1798 491 1854 domino
516 1799 615 1867 Petro,
637 1799 685 1855 dei
710 1807 740 1854 et
763 1799 934 1870 apostolica
957 1800 1060 1870 gracia
1084 1801 1230 1872 episcopo
1253 1800 1425 1871 syrmiensi,
1442 1801 1521 1857 item

252 1904 425 1973 magnificis
442 1906 530 1961 viris:
548 1904 674 1961 domino
688 1904 815 1960 Nicolao
836 1905 973 1977 palatino
989 1910 1018 1961 et
1036 1904 1369 1972 iudiceComanorum,
1386 1905 1519 1975 limma,

252 2009 409 2081 quondam
443 2011 586 2081 voyvoda
611 2011 816 2078 transilvano;
849 2010 953 2078 Paulo,
971 2011 1119 2078 magistro
1143 2011 1372 2067 tavarnicorum
1397 2013 1518 2084 regina·

252 2117 345 2181 lium;
369 2116 498 2172 Nicolao
522 2116 605 2172 dicto
630 2115 767 2179 Treutul,
792 2117 904 2173 comite
932 2117 1125 2188 posoniensi;
1147 2117 1294 2197 johanne,
1319 2117 1385 2173 filio
1408 2116 1521 2186 Geleti‚

252 2223 364 2278 comite
395 2220 433 2278 de
464 2221 606 2281 Turuch:
636 2223 748 2277 comite
771 2222 870 2277 Deseu
905 2221 943 2277 de
976 2221 1046 2289 Pol,
1079 2222 1247 2277 viceiudice
1274 2222 1396 2279 comitis
1421 2221 1521 2290 Pauli,

252 2327 360 2384 iudicis
383 2328 467 2383 curie
490 2327 589 2398 regie3
612 2328 686 2383 item
708 2327 848 2383 diseretis
867 2328 939 2384 viris
957 2327 1092 2383 Ntcolao,
1109 2327 1191 2383 dicto
1208 2326 1289 2389 Biha.
1308 2327 1448 2384 eiusdem
1464 2327 1521 2384 do·

251 2433 328 2489 mini
352 2433 498 2504 palatini;
521 2432 604 2500 item,
630 2432 726 2487 Paulo
750 2431 788 2487 de
807 2432 895 2500 Vgal,
920 2432 1087 2488 castellano
1112 2431 1149 2487 de
1173 2432 1284 2490 Vama.
1308 2430 1382 2488 dicti
1398 2433 1522 2490 comitis

250 2537 339 2594 Pauli
364 2538 606 2611 prothonotariis
630 2544 658 2593 et
682 2538 752 2593 aliis
776 2538 1017 2609 quamplurimis
1047 2537 1206 2593 nobilibus
1239 2539 1325 2607 regni
1355 2537 1521 2596 nobiscum

251 2643 282 2699 in
306 2642 418 2699 iudicio
449 2641 685 2698 consedentibus
717 2642 814 2698 dictas
842 2643 1049 2713 possessiones
1072 2642 1195 2698 Cobilia
1219 2649 1248 2698 et
1272 2642 1440 2714 Scyuiblan
1464 2659 1521 2701 vo·

251 2755 334 2804 catas
357 2748 415 2803 sub
439 2747 554 2803 eisdem
588 2749 684 2815 metis,
716 2748 830 2819 quibus
857 2749 897 2803 ab
921 2748 1006 2817 olym
1032 2749 1090 2820 ipsi
1117 2748 1200 2804 cives
1224 2747 1345 2804 easdem
1378 2748 1519 2820 posside·

252 2860 332 2920 runt,
366 2852 405 2909 de
429 2852 620 2924 plenitudine
644 2860 746 2909 nostre
770 2853 928 2909 iudiciarie
952 2854 1111 2924 potestatis
1135 2853 1339 2909 adiudicando
1363 2855 1522 2926 prenomi-

251 2960 330 3015 natis
353 2958 474 3015 civibus
499 2966 528 3013 et
552 2959 726 3030 hospitibus
750 2958 787 3014 de
812 2958 912 3015 Grech
941 2957 1121 3026 dimitimus‚
1146 2958 1330 3029 reliquimus
1365 2964 1520 3031 perpetuo

252 3063 420 3135 possidere,
446 3069 547 3119 tenere
576 3070 604 3120 et
637 3065 750 3120 habere
780 3065 866 3135 regio
897 3065 1020 3120 nomine
1044 3064 1207 3131 mediante,
1232 3063 1410 3135 dictumque
1433 3066 1519 3137 capi·

252 3169 351 3223 tulum
385 3169 512 3224 ecclesie
540 3170 755 3236 zaerahiensis.
786 3169 867 3241 quod
903 3171 931 3225 in
963 3171 1131 3225 statucione
1163 3170 1363 3242 possessionis
1393 3169 1518 3227 Cobilia

252 3268 419 3350 (annotate)
451 3276 510 3329 sub
542 3276 716 3330 testimonio
748 3276 881 3331 hominis
911 3277 1049 3346 ipsorum
1082 3274 1171 3330 dictis
1195 3276 1322 3336 civibus.
1348 3276 1420 3331 item
1446 3291 1519 3333 con-

252 3379 356 3434 cordia
380 3395 474 3451 super
497 3380 586 3437 dictis
612 3382 855 3452 possessionibus
879 3381 1001 3436 Cobilia
1017 3389 1046 3435 et
1063 3380 1221 3437 Sciuiblan
1238 3382 1317 3437 inter
1334 3382 1417 3452 ipsos
1433 3383 1520 3439 cives

252 3492 280 3540 et
306 3486 442 3556 hospites
466 3487 507 3540 ab
531 3501 599 3547 una,
624 3487 697 3542 item
729 3487 886 3542 Matheum
911 3493 940 3542 et
965 3486 1144 3542 larianum
1173 3492 1259 3558 parte
1283 3488 1323 3542 ab
1346 3487 1444 3543 altera
1468 3502 1519 3543 co·

252 3605 318 3644 ram
344 3591 405 3645 iam
429 3590 511 3645 dicto
535 3591 742 3659 zagrabiensis
766 3592 892 3647 ecclesie
915 3592 1052 3663 capitulo
1076 3591 1284 3647 mediantibus
1306 3591 1443 3647 eiusdem
1469 3608 1519 3648 ca·

254 3695 343 3766 pituli
367 3696 477 3751 litteris
501 3696 589 3766 tacta,
605 3698 709 3768 aliqua
733 3712 793 3753 non
813 3698 959 3753 obviante
980 3697 1232 3766 contradiccione,
1249 3713 1430 3753 consensum
1449 3714 1520 3770 pre·

253 3802 355 3856 buisse
386 3809 414 3856 et
453 3816 610 3858 assensum
649 3803 818 3859 denotatur.
858 3804 954 3871 teitus
986 3804 1085 3875 ipsum
1122 3804 1292 3874 capitulum
1336 3803 1428 3859 velud
1472 3805 1519 3861 rei

252 3922 397 3962 consenso
428 3913 457 3962 et
488 3906 622 3963 admisse
654 3916 683 3963 et
716 3916 843 3980 propter
875 3909 1116 3964 taciturnitatem
1141 3916 1169 3964 et
1193 3909 1341 3981 temporis
1364 3908 1519 3966 diuturni-

253 4019 346 4066 tatem
370 4011 485 4067 eisdem
511 4013 685 4084 hospitibus
709 4015 793 4069 iuxta
817 4014 1052 4085 prescripcionis
1084 4013 1217 4070 sormam
1250 4021 1430 4085 perpetuate
1467 4031 1518 4071 su·

252 4118 427 4173 scitatorem
452 4118 482 4173 in
507 4117 586 4175 tacto
607 4119 784 4191 calumpnie
809 4134 940 4175 unacum
958 4120 1096 4189 prelatis.
1120 4120 1289 4175 baronibus
1312 4125 1341 4174 et
1358 4120 1520 4177 nobilibus

251 4224 337 4289 regni
361 4223 511 4278 annotatis
535 4232 655 4279 mature
679 4223 871 4280 decernendo
895 4225 1107 4280 commisimus
1132 4223 1197 4279 tore
1219 4224 1394 4281 convictum
1410 4232 1519 4282 contra

253 4328 389 4399 hospites
413 4327 450 4382 de
473 4329 574 4384 Grech
599 4336 783 4401 prenotatos.
807 4330 924 4385 Datum
948 4329 977 4383 in
1004 4329 1200 4400 Wyssegrad,
1225 4330 1375 4400 vigesimo
1392 4330 1441 4387 die
1458 4338 1520 4390 ter-

252 4433 326 4488 mini
352 4434 511 4504 prenotati.
538 4436 625 4490 Anno
650 4434 766 4491 domini
788 4434 954 4491 MCCCXL
977 4441 1070 4490 sexto

355 4568 431 4629 orig.
453 4568 478 4616 in
498 4569 617 4623 membr..
638 4569 687 4634 sig.
703 4571 784 4621 deest.
799 4572 828 4619 Iu
843 4570 943 4619 archiv.
960 4570 1018 4620 Lib.
1034 4587 1089 4636 reg.
1104 4572 1154 4621 civ.
1170 4572 1274 4636 zagrab.
1289 4573 1318 4621 ln
1332 4573 1390 4622 doc.
1403 4576 1519 4633 204‚ad·

252 4655 661 4719 duximusexcerptiietenorem
674 4658 911 4709 huiussententiae.
928 4673 995 4720 quae
1009 4666 1064 4708 tota
1078 4659 1158 4708 ferme
1170 4660 1259 4708 verbis
1274 4667 1451 4725 competenter
1462 4678 1520 4712 mu·

252 4743 321 4801 tatis,
339 4743 472 4793 invenitur
485 4745 512 4793 in
525 4747 582 4794 doc.
597 4757 656 4807 242.
671 4751 803 4798 Coaevum
817 4755 897 4797 trans.
911 4753 996 4796 exstat
1007 4747 1034 4794 in
1047 4748 1146 4802 archiv.
1160 4748 1241 4797 Acad.
1255 4748 1350 4800 Scient.
1364 4750 1435 4800 Slav.
1449 4765 1517 4801 mer.
