3488 5242
655 373 728 429 Dec.
751 367 824 448 248.
848 406 889 413 -
912 372 968 429 An.
994 368 1084 449 1366.
1440 391 1499 449 233

234 575 305 631 liter
328 574 495 631 observare
519 574 549 630 in
574 579 702 642 tantum,
725 578 759 629 ut
775 588 867 629 nemo
884 574 1102 630 canonicorum
1127 575 1224 647 ipsius
1247 575 1375 631 ecclesie
1391 581 1503 643 nostre,

236 681 289 753 qui
312 696 371 737 non
396 686 441 736 est
465 680 493 736 in
518 679 614 735 sacris
637 677 818 735 admittatur
836 678 865 735 in
883 679 1056 748 consilium,
1079 686 1205 749 secreta,
1221 678 1356 752 agendis,
1373 679 1504 752 disposi-

237 789 356 843 cionem
374 785 424 841 vel
442 785 585 856 quamvis
602 783 831 841 ordinacionem
855 785 917 841 iam
941 784 1089 843 nominati
1106 785 1234 859 capituli
1253 784 1381 842 ecclesie
1401 790 1503 842 nostre

236 892 333 949 verbo
351 892 401 948 vel
419 891 530 947 litteris
548 889 712 960 iniendam,
732 906 786 946 nec
802 891 846 947 hii
865 891 1050 963 sigillacioni
1071 892 1122 948 vel
1138 892 1267 949 leccioni
1284 892 1457 949 litterarum
1475 898 1504 948 et

237 998 511 1055 instrumentorum
546 996 673 1070 propria
705 997 801 1069 ipsius
825 996 955 1070 capituli
986 997 1037 1054 vel
1070 1009 1247 1055 exterorum
1281 999 1347 1055 iura
1380 1004 1504 1069 tangen-

237 1103 328 1172 cium,
352 1102 470 1175 possint
494 1103 648 1171 interesse,
673 1118 728 1159 nec
753 1101 870 1159 fructus
901 1108 931 1159 et
962 1101 1101 1159 redditus
1125 1118 1162 1160 ex
1192 1102 1369 1161 huiusmodi
1393 1104 1505 1160 litteris

238 1208 452 1280 provenientes
476 1206 668 1280 percipiendi
699 1207 834 1264 habeant
866 1207 1053 1265 facultatem.
1087 1207 1173 1281 Quos
1203 1209 1321 1267 scilicet
1344 1209 1505 1266 canonicos

236 1329 297 1370 non
320 1313 500 1370 constitutos
525 1313 555 1369 in
577 1313 672 1369 sacris
703 1312 864 1371 ordinibus
898 1319 928 1370 et
958 1329 1021 1385 nos,
1053 1316 1233 1372 auctoritate
1258 1315 1421 1386 ordinaria,
1447 1316 1505 1372 hiis

237 1420 390 1489 omnibus,
416 1418 575 1476 videlicet:
601 1419 730 1476 consilio
766 1425 795 1476 et
826 1420 1043 1476 communione
1066 1421 1194 1493 capituli
1219 1422 1324 1492 nostri,
1349 1420 1505 1478 fructuum

238 1533 266 1582 et
290 1524 466 1582 reddituum
491 1524 645 1581 dictarum
668 1524 930 1598 fideidignitatum
953 1531 982 1582 et
1007 1525 1182 1583 litterarum
1212 1527 1389 1601 superbiis
1412 1526 1505 1584 confi-

238 1631 417 1687 ciendarum
441 1639 471 1687 et
494 1631 572 1701 aliis,
597 1630 711 1702 quibus
726 1645 829 1703 supra,
847 1631 1008 1703 privamus
1024 1632 1174 1705 presentis
1198 1633 1306 1706 scripti
1330 1632 1506 1706 patrocinio

237 1736 398 1793 mediante.
428 1736 559 1793 Proinde
588 1735 777 1808 precipimus
808 1736 940 1794 firmiter
967 1736 1178 1795 obtinentibus
1207 1744 1237 1795 et
1270 1739 1442 1796 obtenturis
1476 1738 1506 1796 in

237 1842 376 1900 futurum
400 1843 430 1899 in
456 1842 537 1899 dicta
570 1842 699 1899 ecclesia
731 1848 835 1899 nostra
866 1842 1039 1915 dignitates,
1070 1850 1260 1916 personatus,
1294 1844 1444 1903 beneficia
1475 1850 1505 1902 et

239 1949 350 2021 officia,
375 1951 404 2007 in
430 1951 543 2006 virtute
567 1954 668 2006 sancte
699 1948 878 2007 obediencie
909 1955 939 2007 et
969 1951 1028 2007 sub
1060 1952 1392 2009 excommunicacionis
1416 1968 1504 2025 pena,

239 2071 333 2128 quam
358 2056 389 2112 in
412 2056 601 2113 contrarium
625 2055 789 2126 venientes,
813 2057 985 2113 monicione
1016 2057 1160 2114 canonica
1191 2058 1352 2130 premissa,
1378 2057 1508 2115 ferimus

239 2163 269 2219 in
294 2162 352 2219 hiis
385 2161 516 2234 scriptis,
548 2160 630 2233 quod
664 2161 849 2234 premissam
881 2162 1135 2219 constitucionem
1167 2169 1305 2220 nostram
1339 2171 1401 2221 tarn
1426 2164 1508 2221 salu-

241 2268 339 2325 briter
363 2268 480 2338 initam,
505 2268 606 2324 iurent
628 2266 668 2323 ad
699 2276 820 2324 sanctos
848 2267 898 2324 dei
928 2274 1027 2326 ratam
1059 2269 1173 2326 habere
1205 2269 1235 2326 in
1269 2276 1454 2342 perpetuum
1478 2275 1509 2327 et

241 2375 376 2430 totaliter
399 2373 437 2430 ad
462 2389 570 2430 omnes
593 2374 641 2431 sui
663 2373 819 2430 clausulas
842 2373 966 2430 effectui
990 2374 1166 2447 mancipare
1182 2375 1247 2432 sine
1263 2374 1508 2433 contradiccione
1600 2432 1601 2435 ,

241 2481 388 2553 qualibet,
413 2480 477 2537 sine
509 2479 624 2538 fraude.
653 2480 699 2536 Tu
733 2496 808 2537 vero
832 2484 945 2549 custos,
978 2480 1105 2537 ecclesie
1134 2487 1237 2538 nostre
1268 2481 1414 2555 predicte,
1441 2464 1509 2555 press

240 2594 357 2644 sentem
384 2587 635 2643 constitucionem
660 2587 738 2643 inter
769 2587 830 2643 alia
860 2587 988 2644 ecclesie
1019 2593 1123 2644 nostre
1153 2593 1267 2645 statuta
1293 2589 1508 2661 compositam,

241 2692 366 2749 studeas
389 2693 448 2748 sub
473 2693 553 2748 bona
576 2691 715 2750 custodia
738 2708 929 2763 conservare,
960 2699 992 2750 ut
1019 2693 1043 2750 si
1070 2693 1148 2750 forte
1171 2694 1268 2766 aliqui
1292 2701 1379 2751 extra
1405 2710 1509 2753 sacros

241 2798 365 2855 ordines
388 2799 543 2856 constituti
568 2799 732 2871 inportune
763 2815 795 2855 se
826 2799 965 2871 ingerere
997 2801 1249 2873 presumpserint,
1278 2800 1372 2857 iidem
1399 2800 1509 2858 iratres

242 2905 338 2961 nostri
363 2904 401 2961 de
425 2904 562 2977 capitulo
585 2905 636 2960 vel
660 2904 739 2961 alter
763 2918 871 2960 eorum
895 2904 951 2961 hos
975 2905 1080 2977 vigore
1112 2905 1222 2963 harum
1251 2906 1510 2964 constitucionum

241 3026 364 3083 semper
387 3026 548 3067 removere
572 3011 631 3066 sub
655 3027 733 3083 pena
757 3010 1088 3068 excommunicacionis
1113 3011 1251 3084 predicta
1279 3017 1444 3070 teneantur.
1476 3012 1509 3070 ln

242 3116 327 3172 cuius
351 3117 580 3173 constitucionis
604 3126 633 3172 et
657 3116 868 3173 innovacionis
890 3133 926 3173 ac
950 3118 1137 3190 privacionis
1162 3118 1346 3175 memoriam
1379 3119 1510 3176 firmita-

242 3227 366 3292 temque
391 3226 571 3294 perpetuam
605 3227 761 3294 presentes
793 3227 898 3279 nostro
929 3223 1034 3294 sigillo
1064 3225 1184 3280 anulari
1218 3231 1336 3281 secreto
1363 3224 1510 3282 duximus

242 3325 472 3397 consignandas.
504 3327 619 3383 Datum
643 3327 784 3399 Chasme,
813 3329 842 3385 in
876 3327 953 3385 festo
984 3329 1190 3401 deposicionis
1220 3331 1316 3386 sancti
1349 3331 1430 3402 regis
1453 3331 1509 3387 La·

243 3430 342 3488 dizlai.
368 3434 457 3488 Anno
480 3431 597 3489 domini
623 3434 792 3490 millesimo
816 3435 1031 3493 trecentesimo
1054 3436 1246 3508 sexagesimo
1270 3443 1388 3508 quarto.

331 3567 352 3615 E
373 3572 537 3631 transumpto
556 3570 627 3631 quod
648 3575 720 3618 extat
741 3570 766 3618 in
787 3571 937 3620 membrana
959 3570 984 3619 in
1003 3570 1151 3636 appendice
1171 3572 1335 3622 Statutorum
1355 3587 1411 3621 ven.
1431 3573 1509 3636 capit.

243 3654 362 3716 zagrab,
383 3654 408 3702 in
428 3654 537 3703 archivo
556 3655 679 3704 eiusdem.
702 3657 819 3707 Farlatti.
841 3658 918 3724 illyr.
940 3659 1010 3709 Sacr.
1031 3659 1062 3707 V.
1082 3675 1107 3723 p.
1127 3667 1186 3720 437.
1207 3657 1288 3724 Feje'r.
1309 3659 1357 3709 IX.
1378 3669 1401 3718 3.
1420 3669 1479 3720 443.

350 4085 425 4131 rinno
448 4084 521 4140 1366,
542 4095 581 4144 29.
602 4082 724 4147 Augusti.
745 4083 773 4132 ln
792 4082 929 4148 Visegrad.

245 4228 408 4285 Ltnloot'cns
433 4230 609 4302 Huugurr'ae
630 4237 677 4285 etc.
701 4249 763 4299 rex,
786 4231 987 4288 tricesimatori
999 4249 1050 4287 suo
1067 4229 1223 4299 Saracena,
1242 4249 1277 4286 ne
1295 4231 1329 4286 de
1352 4231 1427 4299 vino,
1434 4231 1507 4305 sru-

292 4335 375 4407 gt'bus
397 4342 425 4391 et
445 4335 506 4391 sale
528 4354 547 4390 ιι
570 4336 677 4392 civibus
707 4335 913 4394 Grecleensious
935 4336 1105 4392 tricesimum
1122 4343 1297 4410 extorqueat,
1312 4336 1453 4409 prohibet.

334 4497 507 4553 Lodouicus
531 4498 580 4554 dei
603 4499 706 4570 gracia
738 4515 792 4556 rex
826 4499 991 4571 ilungarie.
1023 4497 1123 4555 Fideli
1152 4512 1209 4555 suo
1242 4498 1390 4570 magistro
1423 4496 1511 4556 Sara·

245 4603 350 4673 cheno,
375 4603 591 4662 tricesimatori
613 4611 719 4663 nostro
744 4621 800 4680 per
825 4610 925 4662 totum
949 4619 1080 4676 regnum
1104 4611 1244 4662 nostrum
1272 4604 1438 4661 constituto
1460 4604 1510 4661 vel

246 4709 529 4766 vicetricesimatori
553 4709 691 4768 eiusdem
715 4711 753 4768 de
776 4711 936 4783 Zagrabia,
960 4709 1092 4767 salutem
1109 4716 1139 4768 et
1153 4710 1299 4782 graciam.
1323 4710 1357 4767 ln
1372 4711 1512 4785 personis

246 4813 387 4871 fidelium
402 4815 516 4872 civium
534 4821 564 4873 et
580 4816 740 4890 hospitum
755 4821 935 4874 nostrorum
950 4815 989 4873 de
1005 4815 1134 4889 Greech,
1150 4814 1407 4889 zagrabiensium,
1423 4816 1513 4873 uobis
