<?xml version="1.0" encoding="UTF-8"?>
<!DOCTYPE html PUBLIC "-//W3C//DTD XHTML 1.0 Transitional//EN"
    "http://www.w3.org/TR/xhtml1/DTD/xhtml1-transitional.dtd">
<html xmlns="http://www.w3.org/1999/xhtml" xml:lang="en" lang="en">
 <head>
  <title>
</title>
<meta http-equiv="Content-Type" content="text/html;charset=utf-8" />
  <meta name='ocr-system' content='tesseract 3.04.00' />
  <meta name='ocr-capabilities' content='ocr_page ocr_carea ocr_par ocr_line ocrx_word'/>
</head>
<body>
  <div class='ocr_page' id='page_1' title='image "./monumentahistor11laszgoog_0458.png"; bbox 0 0 3488 5242; ppageno 0'>
   <div class='ocr_carea' id='block_1_1' title="bbox 204 532 1476 3047">
    <p class='ocr_par' dir='ltr' id='par_1_1' title="bbox 204 532 1476 3047">
     <span class='ocr_line' id='line_1_1' title="bbox 204 532 1471 611; baseline -0.004 -15"><span class='ocrx_word' id='word_1_1' title='bbox 204 544 319 596; x_wconf 88' lang='lat' dir='ltr'>terram</span> <span class='ocrx_word' id='word_1_2' title='bbox 343 536 481 596; x_wconf 88' lang='lat' dir='ltr'>eiusdem</span> <span class='ocrx_word' id='word_1_3' title='bbox 506 537 634 611; x_wconf 88' lang='lat' dir='ltr'>capituli</span> <span class='ocrx_word' id='word_1_4' title='bbox 654 536 798 594; x_wconf 89' lang='lat' dir='ltr'>similiter</span> <span class='ocrx_word' id='word_1_5' title='bbox 814 533 937 592; x_wconf 89' lang='lat' dir='ltr'>Cobilia</span> <span class='ocrx_word' id='word_1_6' title='bbox 959 532 1074 591; x_wconf 88' lang='lat' dir='ltr'>dictam</span> <span class='ocrx_word' id='word_1_7' title='bbox 1098 549 1133 591; x_wconf 90' lang='lat' dir='ltr'>ac</span> <span class='ocrx_word' id='word_1_8' title='bbox 1149 535 1375 609; x_wconf 90' lang='lat' dir='ltr'>possessionem</span> <span class='ocrx_word' id='word_1_9' title='bbox 1394 534 1471 592; x_wconf 87' lang='lat' dir='ltr'>Cru-</span> 
     </span>
     <span class='ocr_line' id='line_1_2' title="bbox 205 638 1470 714; baseline -0.003 -13"><span class='ocrx_word' id='word_1_10' title='bbox 205 643 374 702; x_wconf 84' lang='lat' dir='ltr'>ciferorum</span> <span class='ocrx_word' id='word_1_11' title='bbox 391 642 430 700; x_wconf 91' lang='lat' dir='ltr'>de</span> <span class='ocrx_word' id='word_1_12' title='bbox 445 650 550 700; x_wconf 91' lang='lat' dir='ltr'>sancto</span> <span class='ocrx_word' id='word_1_13' title='bbox 567 643 699 700; x_wconf 87' lang='lat' dir='ltr'>Martino</span> <span class='ocrx_word' id='word_1_14' title='bbox 715 641 897 698; x_wconf 87' lang='lat' dir='ltr'>existentem</span> <span class='ocrx_word' id='word_1_15' title='bbox 914 638 1043 714; x_wconf 85' lang='lat' dir='ltr'>prelatis</span> <span class='ocrx_word' id='word_1_16' title='bbox 1059 640 1181 698; x_wconf 84' lang='lat' dir='ltr'>civibus</span> <span class='ocrx_word' id='word_1_17' title='bbox 1197 640 1470 713; x_wconf 84' lang='lat' dir='ltr'>permagnificum</span> 
     </span>
     <span class='ocr_line' id='line_1_3' title="bbox 206 745 1471 821; baseline -0.004 -14"><span class='ocrx_word' id='word_1_18' title='bbox 206 750 311 807; x_wconf 86' lang='lat' dir='ltr'>virum</span> <span class='ocrx_word' id='word_1_19' title='bbox 333 747 524 821; x_wconf 80' lang='lat' dir='ltr'><strong>Stephanum</strong></span> <span class='ocrx_word' id='word_1_20' title='bbox 546 748 664 806; x_wconf 91' lang='lat' dir='ltr'>banum</span> <span class='ocrx_word' id='word_1_21' title='bbox 696 747 794 804; x_wconf 93' lang='lat' dir='ltr'>tocius</span> <span class='ocrx_word' id='word_1_22' title='bbox 825 745 988 804; x_wconf 90' lang='lat' dir='ltr'>Sclauonie</span> <span class='ocrx_word' id='word_1_23' title='bbox 1019 761 1057 802; x_wconf 90' lang='lat' dir='ltr'>ex</span> <span class='ocrx_word' id='word_1_24' title='bbox 1088 752 1235 819; x_wconf 87' lang='lat' dir='ltr'>precepto</span> <span class='ocrx_word' id='word_1_25' title='bbox 1269 751 1299 803; x_wconf 91' lang='lat' dir='ltr'>et</span> <span class='ocrx_word' id='word_1_26' title='bbox 1324 745 1471 808; x_wconf 90' lang='lat' dir='ltr'>mandato</span> 
     </span>
     <span class='ocr_line' id='line_1_4' title="bbox 205 851 1472 925; baseline -0.002 -12"><span class='ocrx_word' id='word_1_27' title='bbox 205 855 324 913; x_wconf 92' lang='lat' dir='ltr'>domini</span> <span class='ocrx_word' id='word_1_28' title='bbox 347 855 456 912; x_wconf 91' lang='lat' dir='ltr'>Karoli</span> <span class='ocrx_word' id='word_1_29' title='bbox 479 854 609 912; x_wconf 90' lang='lat' dir='ltr'>illustris</span> <span class='ocrx_word' id='word_1_30' title='bbox 632 853 713 925; x_wconf 85' lang='lat' dir='ltr'>regis</span> <span class='ocrx_word' id='word_1_31' title='bbox 743 852 909 924; x_wconf 82' lang='lat' dir='ltr'>Hungarie,</span> <span class='ocrx_word' id='word_1_32' title='bbox 940 851 1096 909; x_wconf 83' lang='lat' dir='ltr'>mediante</span> <span class='ocrx_word' id='word_1_33' title='bbox 1125 852 1300 909; x_wconf 90' lang='lat' dir='ltr'>testimonio</span> <span class='ocrx_word' id='word_1_34' title='bbox 1324 852 1398 909; x_wconf 90' lang='lat' dir='ltr'>dicti</span> <span class='ocrx_word' id='word_1_35' title='bbox 1424 868 1472 910; x_wconf 89' lang='lat' dir='ltr'>ca·</span> 
     </span>
     <span class='ocr_line' id='line_1_5' title="bbox 205 957 1472 1033; baseline -0.002 -16"><span class='ocrx_word' id='word_1_36' title='bbox 205 961 299 1033; x_wconf 92' lang='lat' dir='ltr'>pituli</span> <span class='ocrx_word' id='word_1_37' title='bbox 322 959 514 1032; x_wconf 85' lang='lat' dir='ltr'>assignanda,</span> <span class='ocrx_word' id='word_1_38' title='bbox 538 958 746 1017; x_wconf 84' lang='lat' dir='ltr'>contradictor</span> <span class='ocrx_word' id='word_1_39' title='bbox 776 957 934 1027; x_wconf 85' lang='lat' dir='ltr'>extitisset,</span> <span class='ocrx_word' id='word_1_40' title='bbox 965 972 1103 1015; x_wconf 90' lang='lat' dir='ltr'>asserens</span> <span class='ocrx_word' id='word_1_41' title='bbox 1132 974 1164 1014; x_wconf 91' lang='lat' dir='ltr'>se</span> <span class='ocrx_word' id='word_1_42' title='bbox 1195 958 1225 1015; x_wconf 93' lang='lat' dir='ltr'>in</span> <span class='ocrx_word' id='word_1_43' title='bbox 1257 958 1325 1031; x_wconf 90' lang='lat' dir='ltr'>ipsa</span> <span class='ocrx_word' id='word_1_44' title='bbox 1353 973 1472 1032; x_wconf 91' lang='lat' dir='ltr'>posses·</span> 
     </span>
     <span class='ocr_line' id='line_1_6' title="bbox 206 1063 1472 1139; baseline -0.001 -16"><span class='ocrx_word' id='word_1_45' title='bbox 206 1067 291 1124; x_wconf 91' lang='lat' dir='ltr'>sione</span> <span class='ocrx_word' id='word_1_46' title='bbox 314 1067 362 1123; x_wconf 92' lang='lat' dir='ltr'>ius</span> <span class='ocrx_word' id='word_1_47' title='bbox 386 1065 500 1123; x_wconf 89' lang='lat' dir='ltr'>habere</span> <span class='ocrx_word' id='word_1_48' title='bbox 523 1081 576 1122; x_wconf 89' lang='lat' dir='ltr'>seu</span> <span class='ocrx_word' id='word_1_49' title='bbox 600 1064 639 1122; x_wconf 89' lang='lat' dir='ltr'>ad</span> <span class='ocrx_word' id='word_1_50' title='bbox 664 1065 767 1139; x_wconf 88' lang='lat' dir='ltr'>ipsum</span> <span class='ocrx_word' id='word_1_51' title='bbox 784 1079 822 1121; x_wconf 91' lang='lat' dir='ltr'>ex</span> <span class='ocrx_word' id='word_1_52' title='bbox 838 1063 1007 1120; x_wconf 87' lang='lat' dir='ltr'>collacione</span> <span class='ocrx_word' id='word_1_53' title='bbox 1027 1064 1112 1135; x_wconf 86' lang='lat' dir='ltr'>regia</span> <span class='ocrx_word' id='word_1_54' title='bbox 1128 1065 1290 1137; x_wconf 91' lang='lat' dir='ltr'>pertinere,</span> <span class='ocrx_word' id='word_1_55' title='bbox 1307 1065 1472 1138; x_wconf 92' lang='lat' dir='ltr'>ipsumque</span> 
     </span>
     <span class='ocr_line' id='line_1_7' title="bbox 206 1168 1472 1245; baseline -0.001 -16"><span class='ocrx_word' id='word_1_56' title='bbox 206 1173 369 1244; x_wconf 85' lang='lat' dir='ltr'>negocium</span> <span class='ocrx_word' id='word_1_57' title='bbox 401 1172 430 1229; x_wconf 92' lang='lat' dir='ltr'>in</span> <span class='ocrx_word' id='word_1_58' title='bbox 464 1171 623 1245; x_wconf 85' lang='lat' dir='ltr'>presencia</span> <span class='ocrx_word' id='word_1_59' title='bbox 645 1169 762 1227; x_wconf 91' lang='lat' dir='ltr'>domini</span> <span class='ocrx_word' id='word_1_60' title='bbox 794 1168 941 1242; x_wconf 89' lang='lat' dir='ltr'>Stephani</span> <span class='ocrx_word' id='word_1_61' title='bbox 973 1169 1045 1226; x_wconf 84' lang='lat' dir='ltr'>bani</span> <span class='ocrx_word' id='word_1_62' title='bbox 1076 1169 1197 1227; x_wconf 88' lang='lat' dir='ltr'>diucius</span> <span class='ocrx_word' id='word_1_63' title='bbox 1226 1171 1362 1229; x_wconf 89' lang='lat' dir='ltr'>extiterit</span> <span class='ocrx_word' id='word_1_64' title='bbox 1394 1172 1472 1228; x_wconf 89' lang='lat' dir='ltr'>inter</span> 
     </span>
     <span class='ocr_line' id='line_1_8' title="bbox 207 1275 1470 1352; baseline -0.001 -17"><span class='ocrx_word' id='word_1_65' title='bbox 207 1284 311 1352; x_wconf 86' lang='lat' dir='ltr'>partes</span> <span class='ocrx_word' id='word_1_66' title='bbox 336 1278 536 1346; x_wconf 90' lang='lat' dir='ltr'>ventilatum;</span> <span class='ocrx_word' id='word_1_67' title='bbox 561 1276 686 1334; x_wconf 91' lang='lat' dir='ltr'>tandem</span> <span class='ocrx_word' id='word_1_68' title='bbox 710 1276 792 1333; x_wconf 89' lang='lat' dir='ltr'>idern</span> <span class='ocrx_word' id='word_1_69' title='bbox 815 1290 919 1332; x_wconf 90' lang='lat' dir='ltr'>comes</span> <span class='ocrx_word' id='word_1_70' title='bbox 942 1275 1106 1332; x_wconf 89' lang='lat' dir='ltr'>Farlrasius</span> <span class='ocrx_word' id='word_1_71' title='bbox 1129 1290 1316 1348; x_wconf 86' lang='lat' dir='ltr'>cognoscens</span> <span class='ocrx_word' id='word_1_72' title='bbox 1332 1276 1470 1351; x_wconf 88' lang='lat' dir='ltr'>prefatos</span> 
     </span>
     <span class='ocr_line' id='line_1_9' title="bbox 207 1381 1472 1454; baseline 0.002 -15"><span class='ocrx_word' id='word_1_73' title='bbox 207 1384 290 1441; x_wconf 89' lang='lat' dir='ltr'>cives</span> <span class='ocrx_word' id='word_1_74' title='bbox 313 1383 503 1442; x_wconf 89' lang='lat' dir='ltr'>Grechenses</span> <span class='ocrx_word' id='word_1_75' title='bbox 527 1384 558 1440; x_wconf 92' lang='lat' dir='ltr'>in</span> <span class='ocrx_word' id='word_1_76' title='bbox 581 1387 752 1440; x_wconf 88' lang='lat' dir='ltr'>memorata</span> <span class='ocrx_word' id='word_1_77' title='bbox 776 1382 968 1454; x_wconf 90' lang='lat' dir='ltr'>possessione</span> <span class='ocrx_word' id='word_1_78' title='bbox 991 1381 1038 1438; x_wconf 90' lang='lat' dir='ltr'>ius</span> <span class='ocrx_word' id='word_1_79' title='bbox 1062 1381 1214 1453; x_wconf 87' lang='lat' dir='ltr'>integrum</span> <span class='ocrx_word' id='word_1_80' title='bbox 1239 1383 1362 1452; x_wconf 89' lang='lat' dir='ltr'>habere,</span> <span class='ocrx_word' id='word_1_81' title='bbox 1386 1384 1472 1441; x_wconf 91' lang='lat' dir='ltr'>omni</span> 
     </span>
     <span class='ocr_line' id='line_1_10' title="bbox 209 1487 1472 1563; baseline 0 -17"><span class='ocrx_word' id='word_1_82' title='bbox 209 1490 268 1546; x_wconf 92' lang='lat' dir='ltr'>iuri</span> <span class='ocrx_word' id='word_1_83' title='bbox 291 1504 355 1559; x_wconf 90' lang='lat' dir='ltr'>su0,</span> <span class='ocrx_word' id='word_1_84' title='bbox 379 1488 626 1557; x_wconf 90' lang='lat' dir='ltr'>contradiccioni,</span> <span class='ocrx_word' id='word_1_85' title='bbox 649 1488 697 1545; x_wconf 90' lang='lat' dir='ltr'>liti</span> <span class='ocrx_word' id='word_1_86' title='bbox 717 1487 767 1544; x_wconf 92' lang='lat' dir='ltr'>vel</span> <span class='ocrx_word' id='word_1_87' title='bbox 786 1487 913 1544; x_wconf 89' lang='lat' dir='ltr'>materie</span> <span class='ocrx_word' id='word_1_88' title='bbox 928 1487 1093 1544; x_wconf 87' lang='lat' dir='ltr'>cuiuslibet</span> <span class='ocrx_word' id='word_1_89' title='bbox 1109 1489 1278 1560; x_wconf 89' lang='lat' dir='ltr'>questionis</span> <span class='ocrx_word' id='word_1_90' title='bbox 1293 1505 1387 1562; x_wconf 88' lang='lat' dir='ltr'>super</span> <span class='ocrx_word' id='word_1_91' title='bbox 1405 1506 1472 1563; x_wconf 89' lang='lat' dir='ltr'>pre·</span> 
     </span>
     <span class='ocr_line' id='line_1_11' title="bbox 209 1591 1473 1669; baseline 0.001 -18"><span class='ocrx_word' id='word_1_92' title='bbox 209 1593 272 1653; x_wconf 87' lang='lat' dir='ltr'>lata</span> <span class='ocrx_word' id='word_1_93' title='bbox 295 1596 487 1669; x_wconf 87' lang='lat' dir='ltr'>possessione</span> <span class='ocrx_word' id='word_1_94' title='bbox 517 1594 640 1652; x_wconf 88' lang='lat' dir='ltr'>Cobilia</span> <span class='ocrx_word' id='word_1_95' title='bbox 671 1594 752 1651; x_wconf 88' lang='lat' dir='ltr'>dicta</span> <span class='ocrx_word' id='word_1_96' title='bbox 782 1598 888 1651; x_wconf 90' lang='lat' dir='ltr'>contra</span> <span class='ocrx_word' id='word_1_97' title='bbox 920 1591 1056 1666; x_wconf 87' lang='lat' dir='ltr'>prelatos</span> <span class='ocrx_word' id='word_1_98' title='bbox 1086 1594 1169 1650; x_wconf 83' lang='lat' dir='ltr'>cives</span> <span class='ocrx_word' id='word_1_99' title='bbox 1192 1594 1354 1651; x_wconf 88' lang='lat' dir='ltr'>suscitatas</span> <span class='ocrx_word' id='word_1_100' title='bbox 1384 1599 1414 1651; x_wconf 92' lang='lat' dir='ltr'>et</span> <span class='ocrx_word' id='word_1_101' title='bbox 1442 1596 1473 1652; x_wconf 93' lang='lat' dir='ltr'>in</span> 
     </span>
     <span class='ocr_line' id='line_1_12' title="bbox 209 1698 1469 1774; baseline 0 -16"><span class='ocrx_word' id='word_1_102' title='bbox 209 1709 368 1774; x_wconf 86' lang='lat' dir='ltr'>posterum</span> <span class='ocrx_word' id='word_1_103' title='bbox 394 1701 592 1770; x_wconf 85' lang='lat' dir='ltr'>suscitandas,</span> <span class='ocrx_word' id='word_1_104' title='bbox 617 1715 721 1758; x_wconf 90' lang='lat' dir='ltr'>coram</span> <span class='ocrx_word' id='word_1_105' title='bbox 745 1698 883 1774; x_wconf 93' lang='lat' dir='ltr'>capitulo</span> <span class='ocrx_word' id='word_1_106' title='bbox 905 1714 962 1770; x_wconf 92' lang='lat' dir='ltr'>per</span> <span class='ocrx_word' id='word_1_107' title='bbox 985 1715 1017 1755; x_wconf 91' lang='lat' dir='ltr'>se</span> <span class='ocrx_word' id='word_1_108' title='bbox 1043 1703 1074 1755; x_wconf 89' lang='lat' dir='ltr'>et</span> <span class='ocrx_word' id='word_1_109' title='bbox 1105 1715 1161 1772; x_wconf 87' lang='lat' dir='ltr'>per</span> <span class='ocrx_word' id='word_1_110' title='bbox 1182 1715 1254 1757; x_wconf 91' lang='lat' dir='ltr'>suos</span> <span class='ocrx_word' id='word_1_111' title='bbox 1277 1715 1469 1758; x_wconf 86' lang='lat' dir='ltr'>successores</span> 
     </span>
     <span class='ocr_line' id='line_1_13' title="bbox 207 1804 1473 1880; baseline 0.001 -17"><span class='ocrx_word' id='word_1_112' title='bbox 207 1807 330 1863; x_wconf 92' lang='lat' dir='ltr'>liniaies</span> <span class='ocrx_word' id='word_1_113' title='bbox 353 1807 559 1869; x_wconf 89' lang='lat' dir='ltr'>renunciasset</span> <span class='ocrx_word' id='word_1_114' title='bbox 584 1822 660 1880; x_wconf 86' lang='lat' dir='ltr'>pure</span> <span class='ocrx_word' id='word_1_115' title='bbox 683 1819 713 1863; x_wconf 89' lang='lat' dir='ltr'>et</span> <span class='ocrx_word' id='word_1_116' title='bbox 735 1807 765 1863; x_wconf 90' lang='lat' dir='ltr'>in</span> <span class='ocrx_word' id='word_1_117' title='bbox 797 1813 870 1874; x_wconf 85' lang='lat' dir='ltr'>totu,</span> <span class='ocrx_word' id='word_1_118' title='bbox 902 1804 1031 1862; x_wconf 88' lang='lat' dir='ltr'>eandem</span> <span class='ocrx_word' id='word_1_119' title='bbox 1059 1807 1284 1878; x_wconf 87' lang='lat' dir='ltr'>possessionem</span> <span class='ocrx_word' id='word_1_120' title='bbox 1313 1823 1385 1864; x_wconf 89' lang='lat' dir='ltr'>cum</span> <span class='ocrx_word' id='word_1_121' title='bbox 1408 1808 1473 1864; x_wconf 90' lang='lat' dir='ltr'>suis</span> 
     </span>
     <span class='ocr_line' id='line_1_14' title="bbox 208 1911 1470 1985; baseline 0.001 -16"><span class='ocrx_word' id='word_1_122' title='bbox 208 1913 387 1983; x_wconf 73' lang='lat' dir='ltr'>attinenciis</span> <span class='ocrx_word' id='word_1_123' title='bbox 411 1919 504 1985; x_wconf 92' lang='lat' dir='ltr'>prout</span> <span class='ocrx_word' id='word_1_124' title='bbox 527 1911 674 1985; x_wconf 82' lang='lat' dir='ltr'>sepatatis</span> <span class='ocrx_word' id='word_1_125' title='bbox 697 1912 818 1968; x_wconf 90' lang='lat' dir='ltr'>civibus</span> <span class='ocrx_word' id='word_1_126' title='bbox 841 1927 878 1967; x_wconf 91' lang='lat' dir='ltr'>ex</span> <span class='ocrx_word' id='word_1_127' title='bbox 906 1912 1011 1982; x_wconf 81' lang='lat' dir='ltr'>gracia</span> <span class='ocrx_word' id='word_1_128' title='bbox 1040 1911 1154 1983; x_wconf 85' lang='lat' dir='ltr'>regalis</span> <span class='ocrx_word' id='word_1_129' title='bbox 1181 1911 1372 1970; x_wconf 87' lang='lat' dir='ltr'>celsitudinis</span> <span class='ocrx_word' id='word_1_130' title='bbox 1395 1914 1470 1970; x_wconf 90' lang='lat' dir='ltr'>exti-</span> 
     </span>
     <span class='ocr_line' id='line_1_15' title="bbox 207 2017 1472 2092; baseline 0.001 -17"><span class='ocrx_word' id='word_1_131' title='bbox 207 2025 285 2075; x_wconf 89' lang='lat' dir='ltr'>terat</span> <span class='ocrx_word' id='word_1_132' title='bbox 300 2018 423 2084; x_wconf 85' lang='lat' dir='ltr'>collata,</span> <span class='ocrx_word' id='word_1_133' title='bbox 439 2018 567 2092; x_wconf 88' lang='lat' dir='ltr'>pacifice</span> <span class='ocrx_word' id='word_1_134' title='bbox 586 2017 804 2091; x_wconf 89' lang='lat' dir='ltr'>possidendam</span> <span class='ocrx_word' id='word_1_135' title='bbox 823 2017 1034 2089; x_wconf 89' lang='lat' dir='ltr'>relinquendo,</span> <span class='ocrx_word' id='word_1_136' title='bbox 1053 2017 1170 2075; x_wconf 90' lang='lat' dir='ltr'>litteras</span> <span class='ocrx_word' id='word_1_137' title='bbox 1186 2018 1339 2091; x_wconf 89' lang='lat' dir='ltr'>siquidem</span> <span class='ocrx_word' id='word_1_138' title='bbox 1358 2020 1472 2077; x_wconf 88' lang='lat' dir='ltr'>instru-</span> 
     </span>
     <span class='ocr_line' id='line_1_16' title="bbox 210 2123 1473 2198; baseline 0.001 -17"><span class='ocrx_word' id='word_1_139' title='bbox 210 2131 320 2194; x_wconf 89' lang='lat' dir='ltr'>menta,</span> <span class='ocrx_word' id='word_1_140' title='bbox 338 2125 363 2181; x_wconf 91' lang='lat' dir='ltr'>si</span> <span class='ocrx_word' id='word_1_141' title='bbox 387 2140 448 2197; x_wconf 89' lang='lat' dir='ltr'>qua</span> <span class='ocrx_word' id='word_1_142' title='bbox 466 2141 560 2198; x_wconf 90' lang='lat' dir='ltr'>super</span> <span class='ocrx_word' id='word_1_143' title='bbox 576 2125 643 2197; x_wconf 93' lang='lat' dir='ltr'>ipsa</span> <span class='ocrx_word' id='word_1_144' title='bbox 660 2124 850 2197; x_wconf 89' lang='lat' dir='ltr'>possessione</span> <span class='ocrx_word' id='word_1_145' title='bbox 871 2123 1000 2180; x_wconf 88' lang='lat' dir='ltr'>haberet</span> <span class='ocrx_word' id='word_1_146' title='bbox 1023 2124 1245 2196; x_wconf 88' lang='lat' dir='ltr'>quoquomodo</span> <span class='ocrx_word' id='word_1_147' title='bbox 1268 2130 1402 2198; x_wconf 88' lang='lat' dir='ltr'>optenta,</span> <span class='ocrx_word' id='word_1_148' title='bbox 1419 2124 1473 2182; x_wconf 83' lang='lat' dir='ltr'>fri·</span> 
     </span>
     <span class='ocr_line' id='line_1_17' title="bbox 210 2228 1474 2304; baseline 0.002 -18"><span class='ocrx_word' id='word_1_149' title='bbox 210 2230 283 2287; x_wconf 89' lang='lat' dir='ltr'>vola</span> <span class='ocrx_word' id='word_1_150' title='bbox 306 2231 413 2288; x_wconf 90' lang='lat' dir='ltr'>haberi</span> <span class='ocrx_word' id='word_1_151' title='bbox 437 2231 585 2288; x_wconf 89' lang='lat' dir='ltr'>voluisset</span> <span class='ocrx_word' id='word_1_152' title='bbox 609 2236 639 2287; x_wconf 90' lang='lat' dir='ltr'>et</span> <span class='ocrx_word' id='word_1_153' title='bbox 661 2230 778 2287; x_wconf 93' lang='lat' dir='ltr'>nullius</span> <span class='ocrx_word' id='word_1_154' title='bbox 802 2228 938 2286; x_wconf 78' lang='lat' dir='ltr'>efficacie</span> <span class='ocrx_word' id='word_1_155' title='bbox 962 2230 1013 2287; x_wconf 90' lang='lat' dir='ltr'>vel</span> <span class='ocrx_word' id='word_1_156' title='bbox 1037 2231 1194 2291; x_wconf 88' lang='lat' dir='ltr'>momenti.</span> <span class='ocrx_word' id='word_1_157' title='bbox 1215 2231 1474 2304; x_wconf 89' lang='lat' dir='ltr'>quandocumque</span> 
     </span>
     <span class='ocr_line' id='line_1_18' title="bbox 210 2335 1473 2410; baseline 0.002 -18"><span class='ocrx_word' id='word_1_158' title='bbox 210 2336 240 2392; x_wconf 95' lang='lat' dir='ltr'>in</span> <span class='ocrx_word' id='word_1_159' title='bbox 264 2337 452 2393; x_wconf 90' lang='lat' dir='ltr'>contrarium</span> <span class='ocrx_word' id='word_1_160' title='bbox 477 2336 687 2410; x_wconf 90' lang='lat' dir='ltr'>predictorum</span> <span class='ocrx_word' id='word_1_161' title='bbox 718 2336 834 2394; x_wconf 91' lang='lat' dir='ltr'>civium</span> <span class='ocrx_word' id='word_1_162' title='bbox 866 2352 922 2409; x_wconf 92' lang='lat' dir='ltr'>per</span> <span class='ocrx_word' id='word_1_163' title='bbox 952 2337 1133 2410; x_wconf 86' lang='lat' dir='ltr'>quempiam</span> <span class='ocrx_word' id='word_1_164' title='bbox 1166 2335 1267 2394; x_wconf 82' lang='lat' dir='ltr'>forent</span> <span class='ocrx_word' id='word_1_165' title='bbox 1290 2344 1473 2410; x_wconf 83' lang='lat' dir='ltr'>presentata.</span> 
     </span>
     <span class='ocr_line' id='line_1_19' title="bbox 212 2442 1474 2517; baseline 0.002 -19"><span class='ocrx_word' id='word_1_166' title='bbox 212 2442 328 2499; x_wconf 88' lang='lat' dir='ltr'>Verum</span> <span class='ocrx_word' id='word_1_167' title='bbox 352 2443 425 2514; x_wconf 89' lang='lat' dir='ltr'>quia</span> <span class='ocrx_word' id='word_1_168' title='bbox 448 2442 529 2499; x_wconf 93' lang='lat' dir='ltr'>idem</span> <span class='ocrx_word' id='word_1_169' title='bbox 555 2443 703 2514; x_wconf 85' lang='lat' dir='ltr'>magister</span> <span class='ocrx_word' id='word_1_170' title='bbox 732 2442 919 2499; x_wconf 89' lang='lat' dir='ltr'>Laurencius</span> <span class='ocrx_word' id='word_1_171' title='bbox 951 2442 1011 2499; x_wconf 90' lang='lat' dir='ltr'>hiis</span> <span class='ocrx_word' id='word_1_172' title='bbox 1037 2443 1112 2500; x_wconf 92' lang='lat' dir='ltr'>visis</span> <span class='ocrx_word' id='word_1_173' title='bbox 1135 2443 1225 2501; x_wconf 89' lang='lat' dir='ltr'>etad</span> <span class='ocrx_word' id='word_1_174' title='bbox 1251 2444 1379 2517; x_wconf 89' lang='lat' dir='ltr'>plenum</span> <span class='ocrx_word' id='word_1_175' title='bbox 1403 2459 1474 2517; x_wconf 88' lang='lat' dir='ltr'>par-</span> 
     </span>
     <span class='ocr_line' id='line_1_20' title="bbox 210 2547 1474 2630; baseline 0.003 -26"><span class='ocrx_word' id='word_1_176' title='bbox 210 2548 293 2605; x_wconf 92' lang='lat' dir='ltr'>tibus</span> <span class='ocrx_word' id='word_1_177' title='bbox 317 2549 472 2621; x_wconf 72' lang='lat' dir='ltr'>expositis</span> <span class='ocrx_word' id='word_1_178' title='bbox 497 2549 579 2606; x_wconf 92' lang='lat' dir='ltr'>idern</span> <span class='ocrx_word' id='word_1_179' title='bbox 603 2547 747 2606; x_wconf 89' lang='lat' dir='ltr'>Nikoleth</span> <span class='ocrx_word' id='word_1_180' title='bbox 772 2553 803 2605; x_wconf 90' lang='lat' dir='ltr'>et</span> <span class='ocrx_word' id='word_1_181' title='bbox 824 2547 902 2630; x_wconf 84' lang='lat' dir='ltr'>Jaxa</span> <span class='ocrx_word' id='word_1_182' title='bbox 923 2554 1024 2606; x_wconf 87' lang='lat' dir='ltr'>suaet</span> <span class='ocrx_word' id='word_1_183' title='bbox 1040 2549 1237 2622; x_wconf 90' lang='lat' dir='ltr'>cohospitum</span> <span class='ocrx_word' id='word_1_184' title='bbox 1261 2566 1388 2608; x_wconf 91' lang='lat' dir='ltr'>suorum</span> <span class='ocrx_word' id='word_1_185' title='bbox 1405 2567 1474 2625; x_wconf 91' lang='lat' dir='ltr'>pre·</span> 
     </span>
     <span class='ocr_line' id='line_1_21' title="bbox 210 2653 1475 2729; baseline 0.003 -19"><span class='ocrx_word' id='word_1_186' title='bbox 210 2653 363 2711; x_wconf 88' lang='lat' dir='ltr'>dictorum</span> <span class='ocrx_word' id='word_1_187' title='bbox 396 2655 426 2712; x_wconf 93' lang='lat' dir='ltr'>in</span> <span class='ocrx_word' id='word_1_188' title='bbox 455 2670 587 2728; x_wconf 91' lang='lat' dir='ltr'>persona</span> <span class='ocrx_word' id='word_1_189' title='bbox 617 2653 655 2711; x_wconf 94' lang='lat' dir='ltr'>de</span> <span class='ocrx_word' id='word_1_190' title='bbox 686 2655 874 2727; x_wconf 89' lang='lat' dir='ltr'>transcripto</span> <span class='ocrx_word' id='word_1_191' title='bbox 904 2655 1001 2728; x_wconf 92' lang='lat' dir='ltr'>ipsius</span> <span class='ocrx_word' id='word_1_192' title='bbox 1032 2656 1161 2729; x_wconf 91' lang='lat' dir='ltr'>capituli</span> <span class='ocrx_word' id='word_1_193' title='bbox 1188 2656 1315 2714; x_wconf 90' lang='lat' dir='ltr'>ecclesie</span> <span class='ocrx_word' id='word_1_194' title='bbox 1338 2657 1475 2714; x_wconf 88' lang='lat' dir='ltr'>albensis</span> 
     </span>
     <span class='ocr_line' id='line_1_22' title="bbox 211 2760 1474 2835; baseline 0.004 -19"><span class='ocrx_word' id='word_1_195' title='bbox 211 2775 272 2817; x_wconf 92' lang='lat' dir='ltr'>non</span> <span class='ocrx_word' id='word_1_196' title='bbox 295 2761 436 2830; x_wconf 91' lang='lat' dir='ltr'>contenti,</span> <span class='ocrx_word' id='word_1_197' title='bbox 461 2760 611 2833; x_wconf 84' lang='lat' dir='ltr'>originale</span> <span class='ocrx_word' id='word_1_198' title='bbox 635 2760 772 2817; x_wconf 89' lang='lat' dir='ltr'>eiusdem</span> <span class='ocrx_word' id='word_1_199' title='bbox 796 2776 852 2833; x_wconf 92' lang='lat' dir='ltr'>per</span> <span class='ocrx_word' id='word_1_200' title='bbox 867 2761 951 2833; x_wconf 88' lang='lat' dir='ltr'>ipsos</span> <span class='ocrx_word' id='word_1_201' title='bbox 966 2762 1133 2833; x_wconf 85' lang='lat' dir='ltr'>magistros</span> <span class='ocrx_word' id='word_1_202' title='bbox 1150 2762 1343 2820; x_wconf 83' lang='lat' dir='ltr'>Demetrium</span> <span class='ocrx_word' id='word_1_203' title='bbox 1366 2764 1474 2835; x_wconf 88' lang='lat' dir='ltr'>archy-</span> 
     </span>
     <span class='ocr_line' id='line_1_23' title="bbox 211 2865 1476 2941; baseline 0.003 -19"><span class='ocrx_word' id='word_1_204' title='bbox 211 2865 375 2923; x_wconf 89' lang='lat' dir='ltr'>diaconum</span> <span class='ocrx_word' id='word_1_205' title='bbox 400 2873 429 2923; x_wconf 89' lang='lat' dir='ltr'>et</span> <span class='ocrx_word' id='word_1_206' title='bbox 452 2866 638 2938; x_wconf 89' lang='lat' dir='ltr'>Dyonisium</span> <span class='ocrx_word' id='word_1_207' title='bbox 662 2873 878 2939; x_wconf 87' lang='lat' dir='ltr'>procuratores</span> <span class='ocrx_word' id='word_1_208' title='bbox 901 2867 1029 2941; x_wconf 88' lang='lat' dir='ltr'>capituli</span> <span class='ocrx_word' id='word_1_209' title='bbox 1059 2869 1196 2925; x_wconf 92' lang='lat' dir='ltr'>annotati</span> <span class='ocrx_word' id='word_1_210' title='bbox 1221 2869 1368 2926; x_wconf 88' lang='lat' dir='ltr'>instanter</span> <span class='ocrx_word' id='word_1_211' title='bbox 1391 2869 1476 2926; x_wconf 91' lang='lat' dir='ltr'>exhi·</span> 
     </span>
     <span class='ocr_line' id='line_1_24' title="bbox 212 2972 1475 3047; baseline 0.003 -19"><span class='ocrx_word' id='word_1_212' title='bbox 212 2973 285 3029; x_wconf 90' lang='lat' dir='ltr'>bere</span> <span class='ocrx_word' id='word_1_213' title='bbox 308 2972 515 3045; x_wconf 89' lang='lat' dir='ltr'>postulassent</span> <span class='ocrx_word' id='word_1_214' title='bbox 539 2978 569 3029; x_wconf 96' lang='lat' dir='ltr'>et</span> <span class='ocrx_word' id='word_1_215' title='bbox 592 2973 674 3029; x_wconf 92' lang='lat' dir='ltr'>velle</span> <span class='ocrx_word' id='word_1_216' title='bbox 699 2972 804 3029; x_wconf 89' lang='lat' dir='ltr'>videre</span> <span class='ocrx_word' id='word_1_217' title='bbox 830 2989 861 3029; x_wconf 93' lang='lat' dir='ltr'>se</span> <span class='ocrx_word' id='word_1_218' title='bbox 884 2978 914 3030; x_wconf 92' lang='lat' dir='ltr'>et</span> <span class='ocrx_word' id='word_1_219' title='bbox 936 2974 1074 3046; x_wconf 91' lang='lat' dir='ltr'>hospites</span> <span class='ocrx_word' id='word_1_220' title='bbox 1098 2975 1475 3047; x_wconf 89' lang='lat' dir='ltr'>prenotatosquotitu10,</span> 
     </span>
    </p>
   </div>
   <div class='ocr_carea' id='block_1_2' title="bbox 212 3183 1481 4846">
    <p class='ocr_par' dir='ltr' id='par_1_2' title="bbox 212 3183 1481 4846">
     <span class='ocr_line' id='line_1_25' title="bbox 212 3183 1476 3258; baseline 0.002 -19"><span class='ocrx_word' id='word_1_221' title='bbox 212 3199 283 3239; x_wconf 89' lang='lat' dir='ltr'>rum</span> <span class='ocrx_word' id='word_1_222' title='bbox 306 3183 390 3240; x_wconf 93' lang='lat' dir='ltr'>dicto</span> <span class='ocrx_word' id='word_1_223' title='bbox 413 3185 550 3257; x_wconf 88' lang='lat' dir='ltr'>capitulo</span> <span class='ocrx_word' id='word_1_224' title='bbox 574 3183 645 3240; x_wconf 90' lang='lat' dir='ltr'>data</span> <span class='ocrx_word' id='word_1_225' title='bbox 668 3183 761 3241; x_wconf 85' lang='lat' dir='ltr'>fuerit</span> <span class='ocrx_word' id='word_1_226' title='bbox 786 3200 842 3258; x_wconf 89' lang='lat' dir='ltr'>per</span> <span class='ocrx_word' id='word_1_227' title='bbox 864 3183 999 3251; x_wconf 89' lang='lat' dir='ltr'>eosdem,</span> <span class='ocrx_word' id='word_1_228' title='bbox 1023 3191 1053 3241; x_wconf 90' lang='lat' dir='ltr'>et</span> <span class='ocrx_word' id='word_1_229' title='bbox 1076 3200 1138 3257; x_wconf 91' lang='lat' dir='ltr'>quo</span> <span class='ocrx_word' id='word_1_230' title='bbox 1161 3186 1285 3243; x_wconf 91' lang='lat' dir='ltr'>homine</span> <span class='ocrx_word' id='word_1_231' title='bbox 1309 3186 1394 3258; x_wconf 86' lang='lat' dir='ltr'>regio</span> <span class='ocrx_word' id='word_1_232' title='bbox 1421 3202 1476 3242; x_wconf 88' lang='lat' dir='ltr'>seu</span> 
     </span>
     <span class='ocr_line' id='line_1_26' title="bbox 214 3290 1476 3364; baseline 0.002 -17"><span class='ocrx_word' id='word_1_233' title='bbox 214 3290 372 3363; x_wconf 89' lang='lat' dir='ltr'>prestaldo</span> <span class='ocrx_word' id='word_1_234' title='bbox 398 3298 428 3347; x_wconf 89' lang='lat' dir='ltr'>et</span> <span class='ocrx_word' id='word_1_235' title='bbox 451 3291 509 3347; x_wconf 90' lang='lat' dir='ltr'>sub</span> <span class='ocrx_word' id='word_1_236' title='bbox 534 3291 708 3347; x_wconf 91' lang='lat' dir='ltr'>testimonio</span> <span class='ocrx_word' id='word_1_237' title='bbox 731 3291 817 3347; x_wconf 91' lang='lat' dir='ltr'>cuius</span> <span class='ocrx_word' id='word_1_238' title='bbox 840 3290 966 3363; x_wconf 89' lang='lat' dir='ltr'>capituli</span> <span class='ocrx_word' id='word_1_239' title='bbox 991 3291 1042 3348; x_wconf 87' lang='lat' dir='ltr'>vel</span> <span class='ocrx_word' id='word_1_240' title='bbox 1059 3296 1237 3362; x_wconf 88' lang='lat' dir='ltr'>conventus,</span> <span class='ocrx_word' id='word_1_241' title='bbox 1253 3297 1287 3349; x_wconf 92' lang='lat' dir='ltr'>ut</span> <span class='ocrx_word' id='word_1_242' title='bbox 1302 3293 1389 3364; x_wconf 86' lang='lat' dir='ltr'>regni</span> <span class='ocrx_word' id='word_1_243' title='bbox 1405 3307 1476 3349; x_wconf 90' lang='lat' dir='ltr'>con·</span> 
     </span>
     <span class='ocr_line' id='line_1_27' title="bbox 213 3396 1478 3470; baseline 0.002 -16"><span class='ocrx_word' id='word_1_244' title='bbox 213 3397 344 3454; x_wconf 82' lang='lat' dir='ltr'>suetudo</span> <span class='ocrx_word' id='word_1_245' title='bbox 368 3398 463 3469; x_wconf 84' lang='lat' dir='ltr'>exigit</span> <span class='ocrx_word' id='word_1_246' title='bbox 485 3397 526 3453; x_wconf 90' lang='lat' dir='ltr'>ab</span> <span class='ocrx_word' id='word_1_247' title='bbox 549 3398 684 3470; x_wconf 82' lang='lat' dir='ltr'>antiqua,</span> <span class='ocrx_word' id='word_1_248' title='bbox 708 3402 780 3470; x_wconf 91' lang='lat' dir='ltr'>post</span> <span class='ocrx_word' id='word_1_249' title='bbox 798 3396 1001 3454; x_wconf 89' lang='lat' dir='ltr'>collacionem</span> <span class='ocrx_word' id='word_1_250' title='bbox 1017 3397 1082 3454; x_wconf 91' lang='lat' dir='ltr'>eius</span> <span class='ocrx_word' id='word_1_251' title='bbox 1107 3396 1228 3468; x_wconf 83' lang='lat' dir='ltr'>factam,</span> <span class='ocrx_word' id='word_1_252' title='bbox 1252 3398 1423 3455; x_wconf 90' lang='lat' dir='ltr'>introierint</span> <span class='ocrx_word' id='word_1_253' title='bbox 1447 3399 1478 3456; x_wconf 93' lang='lat' dir='ltr'>in</span> 
     </span>
     <span class='ocr_line' id='line_1_28' title="bbox 214 3502 1478 3577; baseline 0.002 -17"><span class='ocrx_word' id='word_1_254' title='bbox 214 3503 353 3564; x_wconf 86' lang='lat' dir='ltr'>eandem.</span> <span class='ocrx_word' id='word_1_255' title='bbox 385 3509 414 3560; x_wconf 89' lang='lat' dir='ltr'>et</span> <span class='ocrx_word' id='word_1_256' title='bbox 445 3504 471 3560; x_wconf 90' lang='lat' dir='ltr'>si</span> <span class='ocrx_word' id='word_1_257' title='bbox 503 3504 620 3561; x_wconf 89' lang='lat' dir='ltr'>litteras</span> <span class='ocrx_word' id='word_1_258' title='bbox 653 3504 881 3577; x_wconf 89' lang='lat' dir='ltr'>prohibitorias,</span> <span class='ocrx_word' id='word_1_259' title='bbox 913 3502 1170 3575; x_wconf 90' lang='lat' dir='ltr'>inquisicionales‚</span> <span class='ocrx_word' id='word_1_260' title='bbox 1206 3505 1478 3577; x_wconf 85' lang='lat' dir='ltr'>protestacionales</span> 
     </span>
     <span class='ocr_line' id='line_1_29' title="bbox 213 3609 1478 3681; baseline 0.002 -17"><span class='ocrx_word' id='word_1_261' title='bbox 213 3615 266 3665; x_wconf 95' lang='lat' dir='ltr'>aut</span> <span class='ocrx_word' id='word_1_262' title='bbox 289 3609 410 3681; x_wconf 88' lang='lat' dir='ltr'>aliquas</span> <span class='ocrx_word' id='word_1_263' title='bbox 433 3609 510 3666; x_wconf 88' lang='lat' dir='ltr'>alias</span> <span class='ocrx_word' id='word_1_264' title='bbox 533 3609 678 3667; x_wconf 88' lang='lat' dir='ltr'>iuridicas</span> <span class='ocrx_word' id='word_1_265' title='bbox 699 3609 859 3666; x_wconf 90' lang='lat' dir='ltr'>cauciones</span> <span class='ocrx_word' id='word_1_266' title='bbox 881 3624 900 3664; x_wconf 88' lang='lat' dir='ltr'>a</span> <span class='ocrx_word' id='word_1_267' title='bbox 923 3616 1064 3681; x_wconf 89' lang='lat' dir='ltr'>tempore</span> <span class='ocrx_word' id='word_1_268' title='bbox 1090 3610 1355 3681; x_wconf 85' lang='lat' dir='ltr'>preallegatorum</span> <span class='ocrx_word' id='word_1_269' title='bbox 1379 3609 1478 3667; x_wconf 89' lang='lat' dir='ltr'>dorni·</span> 
     </span>
     <span class='ocr_line' id='line_1_30' title="bbox 213 3713 1478 3788; baseline 0.002 -18"><span class='ocrx_word' id='word_1_270' title='bbox 213 3729 324 3771; x_wconf 87' lang='lat' dir='ltr'>norum</span> <span class='ocrx_word' id='word_1_271' title='bbox 349 3713 498 3788; x_wconf 86' lang='lat' dir='ltr'>Stephani</span> <span class='ocrx_word' id='word_1_272' title='bbox 522 3723 551 3772; x_wconf 92' lang='lat' dir='ltr'>et</span> <span class='ocrx_word' id='word_1_273' title='bbox 576 3714 710 3772; x_wconf 88' lang='lat' dir='ltr'>Ladislai</span> <span class='ocrx_word' id='word_1_274' title='bbox 734 3714 866 3772; x_wconf 90' lang='lat' dir='ltr'>condam</span> <span class='ocrx_word' id='word_1_275' title='bbox 886 3714 1056 3771; x_wconf 90' lang='lat' dir='ltr'>illustrium</span> <span class='ocrx_word' id='word_1_276' title='bbox 1072 3729 1182 3787; x_wconf 85' lang='lat' dir='ltr'>regum</span> <span class='ocrx_word' id='word_1_277' title='bbox 1200 3716 1366 3788; x_wconf 86' lang='lat' dir='ltr'>Hungarie,</span> <span class='ocrx_word' id='word_1_278' title='bbox 1383 3731 1478 3788; x_wconf 91' lang='lat' dir='ltr'>aquo</span> 
     </span>
     <span class='ocr_line' id='line_1_31' title="bbox 216 3819 1480 3894; baseline 0.002 -18"><span class='ocrx_word' id='word_1_279' title='bbox 216 3821 434 3891; x_wconf 86' lang='lat' dir='ltr'>prememorati</span> <span class='ocrx_word' id='word_1_280' title='bbox 448 3819 624 3877; x_wconf 89' lang='lat' dir='ltr'>Demetrius</span> <span class='ocrx_word' id='word_1_281' title='bbox 635 3819 878 3892; x_wconf 89' lang='lat' dir='ltr'>archydiaconus</span> <span class='ocrx_word' id='word_1_282' title='bbox 891 3827 921 3876; x_wconf 92' lang='lat' dir='ltr'>et</span> <span class='ocrx_word' id='word_1_283' title='bbox 933 3819 1100 3891; x_wconf 89' lang='lat' dir='ltr'>Dyonisius</span> <span class='ocrx_word' id='word_1_284' title='bbox 1112 3821 1259 3894; x_wconf 84' lang='lat' dir='ltr'>magister</span> <span class='ocrx_word' id='word_1_285' title='bbox 1272 3836 1327 3878; x_wconf 88' lang='lat' dir='ltr'>sua</span> <span class='ocrx_word' id='word_1_286' title='bbox 1338 3826 1368 3878; x_wconf 92' lang='lat' dir='ltr'>et</span> <span class='ocrx_word' id='word_1_287' title='bbox 1383 3821 1480 3894; x_wconf 92' lang='lat' dir='ltr'>ipsius</span> 
     </span>
     <span class='ocr_line' id='line_1_32' title="bbox 216 3926 1480 4000; baseline 0.002 -19"><span class='ocrx_word' id='word_1_288' title='bbox 216 3926 343 3998; x_wconf 88' lang='lat' dir='ltr'>capituli</span> <span class='ocrx_word' id='word_1_289' title='bbox 375 3927 403 3982; x_wconf 92' lang='lat' dir='ltr'>in</span> <span class='ocrx_word' id='word_1_290' title='bbox 437 3941 576 3999; x_wconf 88' lang='lat' dir='ltr'>persona,</span> <span class='ocrx_word' id='word_1_291' title='bbox 607 3926 732 3983; x_wconf 88' lang='lat' dir='ltr'>eosdem</span> <span class='ocrx_word' id='word_1_292' title='bbox 763 3927 846 3984; x_wconf 84' lang='lat' dir='ltr'>cives</span> <span class='ocrx_word' id='word_1_293' title='bbox 874 3933 904 3983; x_wconf 92' lang='lat' dir='ltr'>et</span> <span class='ocrx_word' id='word_1_294' title='bbox 936 3926 1072 4000; x_wconf 89' lang='lat' dir='ltr'>hospites</span> <span class='ocrx_word' id='word_1_295' title='bbox 1102 3926 1140 3984; x_wconf 87' lang='lat' dir='ltr'>de</span> <span class='ocrx_word' id='word_1_296' title='bbox 1176 3926 1276 3985; x_wconf 90' lang='lat' dir='ltr'>Grech</span> <span class='ocrx_word' id='word_1_297' title='bbox 1304 3926 1480 3999; x_wconf 89' lang='lat' dir='ltr'>possedisse</span> 
     </span>
     <span class='ocr_line' id='line_1_33' title="bbox 216 4031 1478 4106; baseline 0.003 -21"><span class='ocrx_word' id='word_1_298' title='bbox 216 4031 315 4103; x_wconf 87' lang='lat' dir='ltr'>ipsam</span> <span class='ocrx_word' id='word_1_299' title='bbox 341 4033 563 4103; x_wconf 82' lang='lat' dir='ltr'>possessionem</span> <span class='ocrx_word' id='word_1_300' title='bbox 588 4032 711 4089; x_wconf 84' lang='lat' dir='ltr'>Cobilia</span> <span class='ocrx_word' id='word_1_301' title='bbox 735 4037 876 4089; x_wconf 91' lang='lat' dir='ltr'>vocatam</span> <span class='ocrx_word' id='word_1_302' title='bbox 907 4038 936 4089; x_wconf 91' lang='lat' dir='ltr'>et</span> <span class='ocrx_word' id='word_1_303' title='bbox 967 4033 997 4089; x_wconf 91' lang='lat' dir='ltr'>in</span> <span class='ocrx_word' id='word_1_304' title='bbox 1021 4032 1129 4090; x_wconf 91' lang='lat' dir='ltr'>eadem</span> <span class='ocrx_word' id='word_1_305' title='bbox 1154 4032 1248 4090; x_wconf 85' lang='lat' dir='ltr'>fuisse</span> <span class='ocrx_word' id='word_1_306' title='bbox 1272 4033 1401 4106; x_wconf 92' lang='lat' dir='ltr'>proprio</span> <span class='ocrx_word' id='word_1_307' title='bbox 1425 4047 1478 4089; x_wconf 94' lang='lat' dir='ltr'>ore</span> 
     </span>
     <span class='ocr_line' id='line_1_34' title="bbox 217 4134 1480 4212; baseline 0.003 -21"><span class='ocrx_word' id='word_1_308' title='bbox 217 4134 289 4192; x_wconf 87' lang='lat' dir='ltr'>fassi</span> <span class='ocrx_word' id='word_1_309' title='bbox 315 4136 449 4206; x_wconf 84' lang='lat' dir='ltr'>luissent,</span> <span class='ocrx_word' id='word_1_310' title='bbox 474 4144 503 4195; x_wconf 87' lang='lat' dir='ltr'>et</span> <span class='ocrx_word' id='word_1_311' title='bbox 526 4138 551 4194; x_wconf 90' lang='lat' dir='ltr'>si</span> <span class='ocrx_word' id='word_1_312' title='bbox 575 4153 593 4194; x_wconf 95' lang='lat' dir='ltr'>a</span> <span class='ocrx_word' id='word_1_313' title='bbox 615 4144 756 4211; x_wconf 89' lang='lat' dir='ltr'>tempore</span> <span class='ocrx_word' id='word_1_314' title='bbox 783 4137 852 4194; x_wconf 79' lang='lat' dir='ltr'>liele</span> <span class='ocrx_word' id='word_1_315' title='bbox 875 4138 959 4210; x_wconf 83' lang='lat' dir='ltr'>regis</span> <span class='ocrx_word' id='word_1_316' title='bbox 980 4138 1095 4210; x_wconf 86' lang='lat' dir='ltr'>aliquis</span> <span class='ocrx_word' id='word_1_317' title='bbox 1110 4147 1216 4195; x_wconf 89' lang='lat' dir='ltr'>contra</span> <span class='ocrx_word' id='word_1_318' title='bbox 1236 4139 1319 4211; x_wconf 93' lang='lat' dir='ltr'>ipsos</span> <span class='ocrx_word' id='word_1_319' title='bbox 1343 4138 1480 4212; x_wconf 91' lang='lat' dir='ltr'>hospites</span> 
     </span>
     <span class='ocr_line' id='line_1_35' title="bbox 217 4239 1480 4316; baseline 0.003 -19"><span class='ocrx_word' id='word_1_320' title='bbox 217 4239 256 4298; x_wconf 90' lang='lat' dir='ltr'>de</span> <span class='ocrx_word' id='word_1_321' title='bbox 280 4240 380 4298; x_wconf 90' lang='lat' dir='ltr'>Grech</span> <span class='ocrx_word' id='word_1_322' title='bbox 407 4244 435 4300; x_wconf 92' lang='lat' dir='ltr'>in</span> <span class='ocrx_word' id='word_1_323' title='bbox 460 4244 508 4300; x_wconf 93' lang='lat' dir='ltr'>sui</span> <span class='ocrx_word' id='word_1_324' title='bbox 530 4244 605 4300; x_wconf 92' lang='lat' dir='ltr'>iuris</span> <span class='ocrx_word' id='word_1_325' title='bbox 628 4244 834 4316; x_wconf 85' lang='lat' dir='ltr'>patrocinium</span> <span class='ocrx_word' id='word_1_326' title='bbox 858 4251 888 4299; x_wconf 91' lang='lat' dir='ltr'>et</span> <span class='ocrx_word' id='word_1_327' title='bbox 911 4242 1130 4313; x_wconf 83' lang='lat' dir='ltr'>defensionem,</span> <span class='ocrx_word' id='word_1_328' title='bbox 1155 4243 1237 4316; x_wconf 93' lang='lat' dir='ltr'>quod</span> <span class='ocrx_word' id='word_1_329' title='bbox 1256 4245 1285 4301; x_wconf 93' lang='lat' dir='ltr'>in</span> <span class='ocrx_word' id='word_1_330' title='bbox 1302 4244 1410 4301; x_wconf 89' lang='lat' dir='ltr'>eadem</span> <span class='ocrx_word' id='word_1_331' title='bbox 1427 4244 1480 4301; x_wconf 93' lang='lat' dir='ltr'>ha·</span> 
     </span>
     <span class='ocr_line' id='line_1_36' title="bbox 217 4347 1480 4423; baseline 0.003 -21"><span class='ocrx_word' id='word_1_332' title='bbox 217 4347 290 4404; x_wconf 89' lang='lat' dir='ltr'>bere</span> <span class='ocrx_word' id='word_1_333' title='bbox 314 4364 346 4404; x_wconf 90' lang='lat' dir='ltr'>se</span> <span class='ocrx_word' id='word_1_334' title='bbox 369 4356 552 4420; x_wconf 88' lang='lat' dir='ltr'>sperassent,</span> <span class='ocrx_word' id='word_1_335' title='bbox 584 4356 614 4406; x_wconf 91' lang='lat' dir='ltr'>et</span> <span class='ocrx_word' id='word_1_336' title='bbox 644 4350 669 4406; x_wconf 94' lang='lat' dir='ltr'>si</span> <span class='ocrx_word' id='word_1_337' title='bbox 700 4349 860 4406; x_wconf 86' lang='lat' dir='ltr'>obstacula</span> <span class='ocrx_word' id='word_1_338' title='bbox 892 4349 1097 4422; x_wconf 92' lang='lat' dir='ltr'>prohibitoria</span> <span class='ocrx_word' id='word_1_339' title='bbox 1130 4355 1270 4423; x_wconf 90' lang='lat' dir='ltr'>tempore</span> <span class='ocrx_word' id='word_1_340' title='bbox 1301 4350 1480 4407; x_wconf 90' lang='lat' dir='ltr'>statucionis</span> 
     </span>
     <span class='ocr_line' id='line_1_37' title="bbox 216 4453 1481 4528; baseline 0.004 -20"><span class='ocrx_word' id='word_1_341' title='bbox 216 4453 312 4524; x_wconf 85' lang='lat' dir='ltr'>ipsius</span> <span class='ocrx_word' id='word_1_342' title='bbox 336 4454 537 4526; x_wconf 88' lang='lat' dir='ltr'>possessionis</span> <span class='ocrx_word' id='word_1_343' title='bbox 562 4471 617 4528; x_wconf 89' lang='lat' dir='ltr'>per</span> <span class='ocrx_word' id='word_1_344' title='bbox 641 4454 835 4527; x_wconf 88' lang='lat' dir='ltr'>prestaldum</span> <span class='ocrx_word' id='word_1_345' title='bbox 852 4453 1041 4512; x_wconf 91' lang='lat' dir='ltr'>antedictum</span> <span class='ocrx_word' id='word_1_346' title='bbox 1064 4455 1124 4512; x_wconf 90' lang='lat' dir='ltr'>sub</span> <span class='ocrx_word' id='word_1_347' title='bbox 1147 4455 1322 4512; x_wconf 90' lang='lat' dir='ltr'>testimonio</span> <span class='ocrx_word' id='word_1_348' title='bbox 1347 4456 1481 4513; x_wconf 92' lang='lat' dir='ltr'>hominis</span> 
     </span>
     <span class='ocr_line' id='line_1_38' title="bbox 216 4556 1479 4634; baseline 0.005 -21"><span class='ocrx_word' id='word_1_349' title='bbox 216 4556 290 4614; x_wconf 92' lang='lat' dir='ltr'>dicti</span> <span class='ocrx_word' id='word_1_350' title='bbox 315 4560 442 4631; x_wconf 89' lang='lat' dir='ltr'>capituli</span> <span class='ocrx_word' id='word_1_351' title='bbox 468 4560 642 4633; x_wconf 86' lang='lat' dir='ltr'>hospitibus</span> <span class='ocrx_word' id='word_1_352' title='bbox 666 4559 705 4617; x_wconf 92' lang='lat' dir='ltr'>de</span> <span class='ocrx_word' id='word_1_353' title='bbox 728 4559 829 4618; x_wconf 89' lang='lat' dir='ltr'>Grech</span> <span class='ocrx_word' id='word_1_354' title='bbox 854 4561 1006 4617; x_wconf 89' lang='lat' dir='ltr'>annotatis</span> <span class='ocrx_word' id='word_1_355' title='bbox 1030 4559 1117 4631; x_wconf 86' lang='lat' dir='ltr'>lacte,</span> <span class='ocrx_word' id='word_1_356' title='bbox 1141 4561 1221 4618; x_wconf 92' lang='lat' dir='ltr'>etsi</span> <span class='ocrx_word' id='word_1_357' title='bbox 1245 4567 1385 4634; x_wconf 88' lang='lat' dir='ltr'>ternpore</span> <span class='ocrx_word' id='word_1_358' title='bbox 1408 4576 1479 4619; x_wconf 87' lang='lat' dir='ltr'>con·</span> 
     </span>
     <span class='ocr_line' id='line_1_39' title="bbox 216 4663 1480 4740; baseline 0.002 -20"><span class='ocrx_word' id='word_1_359' title='bbox 216 4663 328 4732; x_wconf 91' lang='lat' dir='ltr'>cordie,</span> <span class='ocrx_word' id='word_1_360' title='bbox 352 4681 446 4736; x_wconf 91' lang='lat' dir='ltr'>quarn</span> <span class='ocrx_word' id='word_1_361' title='bbox 470 4680 541 4721; x_wconf 89' lang='lat' dir='ltr'>cum</span> <span class='ocrx_word' id='word_1_362' title='bbox 565 4666 764 4738; x_wconf 81' lang='lat' dir='ltr'>preailegatis</span> <span class='ocrx_word' id='word_1_363' title='bbox 788 4666 908 4723; x_wconf 88' lang='lat' dir='ltr'>Mathee</span> <span class='ocrx_word' id='word_1_364' title='bbox 930 4671 959 4722; x_wconf 91' lang='lat' dir='ltr'>et</span> <span class='ocrx_word' id='word_1_365' title='bbox 983 4665 1129 4723; x_wconf 87' lang='lat' dir='ltr'>Farkasio</span> <span class='ocrx_word' id='word_1_366' title='bbox 1152 4681 1246 4740; x_wconf 87' lang='lat' dir='ltr'>super</span> <span class='ocrx_word' id='word_1_367' title='bbox 1269 4667 1344 4739; x_wconf 90' lang='lat' dir='ltr'>ipsis</span> <span class='ocrx_word' id='word_1_368' title='bbox 1360 4681 1480 4740; x_wconf 88' lang='lat' dir='ltr'>posses-</span> 
     </span>
     <span class='ocr_line' id='line_1_40' title="bbox 216 4764 1481 4846; baseline 0.002 -20"><span class='ocrx_word' id='word_1_369' title='bbox 216 4770 355 4827; x_wconf 90' lang='lat' dir='ltr'>sionibus</span> <span class='ocrx_word' id='word_1_370' title='bbox 378 4764 498 4828; x_wconf 86' lang='lat' dir='ltr'>Cobilia</span> <span class='ocrx_word' id='word_1_371' title='bbox 522 4779 552 4828; x_wconf 89' lang='lat' dir='ltr'>et</span> <span class='ocrx_word' id='word_1_372' title='bbox 574 4770 739 4829; x_wconf 87' lang='lat' dir='ltr'>Scuiblaan</span> <span class='ocrx_word' id='word_1_373' title='bbox 764 4771 881 4829; x_wconf 85' lang='lat' dir='ltr'>vocatis</span> <span class='ocrx_word' id='word_1_374' title='bbox 897 4769 1024 4829; x_wconf 80' lang='lat' dir='ltr'>iecerint</span> <span class='ocrx_word' id='word_1_375' title='bbox 1040 4773 1176 4846; x_wconf 86' lang='lat' dir='ltr'>hospites</span> <span class='ocrx_word' id='word_1_376' title='bbox 1193 4773 1346 4845; x_wconf 89' lang='lat' dir='ltr'>prenotati</span> <span class='ocrx_word' id='word_1_377' title='bbox 1372 4787 1481 4845; x_wconf 86' lang='lat' dir='ltr'>coram</span> 
     </span>
    </p>
   </div>
   <div class='ocr_carea' id='block_1_3' title="bbox 0 0 1761 5242">
    <p class='ocr_par' dir='ltr' id='par_1_3' title="bbox 0 0 1761 5242">
     <span class='ocr_line' id='line_1_41' title="bbox 0 0 1761 5242; baseline 0 0"><span class='ocrx_word' id='word_1_378' title='bbox 0 0 1761 5242; x_wconf 95' lang='lat' dir='ltr'> </span> 
     </span>
    </p>
   </div>
  </div>
 </body>
</html>
