3488 5242
679 318 751 374 Doc.
770 314 825 393 58.
853 351 889 359 —
916 319 971 375 An.
995 332 1081 396 1275.
1474 340 1511 395 51

249 516 366 572 litteras
390 514 526 588 duplicis
549 515 644 587 sigilli
669 517 765 573 nostri
788 517 958 575 munimine
981 519 1149 576 roboratas.
1184 519 1300 577 Datum
1323 535 1380 592 per
1401 535 1512 577 manus

249 621 389 693 magistri
412 619 576 683 Benedicti.
593 621 763 679 orodiensis
779 623 906 679 ecclesie
923 625 1081 697 prepositi,
1105 625 1175 682 aule
1199 630 1301 683 nostre
1326 624 1513 683 vicecancel-

248 728 326 795 larii,
356 726 461 783 dilecti
485 734 513 783 et
546 727 647 785 tidelis
677 729 781 786 nostri.
813 731 902 787 Anno
933 729 1051 787 domini
1082 730 1250 798 MCCLXX
1282 732 1383 789 tercio.
1416 731 1515 804 Regni

248 839 351 889 autem
379 834 476 890 nostri
508 849 587 890 anno
618 834 759 891 secundo.
793 836 1019 909 Metropolitica
1050 835 1121 893 sede
1152 837 1346 908 strigoniensi
1378 844 1513 907 vacante,

248 939 478 996 venerabilibus
502 940 643 1012 patribus
667 939 822 1013 Stephano
846 942 999 998 colocensi
1022 949 1051 997 et
1073 942 1212 1023 Johanne
1228 943 1396 1014 spalatensi
1412 943 1511 1000 archi·

247 1045 408 1118 episcopis,
434 1046 599 1118 Lamperto
631 1046 771 1116 agriensi,
803 1045 920 1104 Briccio
951 1046 1155 1118 chanadiensi,
1186 1049 1247 1131 Job
1277 1049 1510 1122 quinqueeccle·

247 1151 345 1218 siensi‚
371 1150 467 1207 Paulo
491 1152 724 1224 wesprimiensi,
748 1151 818 1208 aule
841 1160 943 1209 nostre
966 1153 1160 1222 cancellario
1185 1154 1333 1227 Philippo
1357 1154 1508 1224 waciensi,

246 1256 315 1312 aule
339 1255 463 1313 domine
487 1257 599 1328 regine,
621 1258 769 1313 consortis
792 1266 895 1314 nostre
911 1257 1080 1322 karissime.
1098 1258 1291 1328 cancellario,
1308 1261 1421 1317 comite
1437 1275 1510 1317 neu·

245 1361 407 1432 gradiensi,
431 1362 615 1420 Lodomerio
640 1363 831 1431 waradiensi,
855 1362 1041 1421 Thimotheo
1064 1364 1263 1436 zagrabiensi‚
1279 1365 1428 1436 Dyonisio
1444 1363 1510 1439 jau·

246 1467 338 1525 riensi
361 1474 390 1525 et
414 1469 503 1524 Petro
528 1469 735 1539 transylvan0‚
759 1470 912 1542 episcopis
935 1470 1079 1526 ecclesias
1103 1469 1152 1526 dei
1177 1469 1307 1527 feliciter
1334 1472 1506 1543 gubernan-

246 1574 335 1630 tibus.
360 1574 501 1632 Rolando
525 1575 670 1646 palatino,
694 1576 826 1632 ilenrico
851 1576 931 1632 bano
955 1576 1052 1632 tocius
1076 1573 1247 1645 Sclauonie‚
1271 1576 1400 1633 Nicolao
1423 1591 1507 1648 woy-

246 1679 336 1736 woda
360 1680 567 1750 transylvano,
591 1681 703 1737 comite
727 1680 765 1737 de
788 1680 920 1749 Zonuch,
941 1681 1121 1763 Jowachino
1145 1683 1292 1753 magistro
1315 1683 1508 1739 thavernico·

246 1800 316 1841 rum
333 1794 518 1845 nostrorum.
543 1787 655 1844 comite
677 1787 715 1844 de
739 1787 810 1855 Piis,
836 1786 944 1859 Egidio
962 1787 1040 1843 bano
1064 1786 1102 1843 de
1124 1789 1264 1845 Machow
1286 1794 1315 1844 et
1338 1787 1377 1844 de
1401 1786 1510 1859 Bozna,

247 1891 343 1948 Paulo
367 1891 448 1948 bano
472 1892 510 1949 de
541 1890 696 1963 Sceurin0‚
727 1891 868 1950 Renoldo
901 1893 1047 1964 magistro
1079 1892 1291 1966 dapiferorum
1323 1899 1508 1964 nostrorum,

246 1999 358 2055 comite
374 1997 624 2070 zalgageuriensi,
640 1999 756 2071 Vgrino
772 1999 920 2069 magistro
932 2013 1102 2069 agazonum
1118 2006 1302 2068 nostrorum,
1316 2001 1429 2057 comite
1444 2014 1510 2071 syr·

245 2104 362 2172 miensi‚
387 2104 555 2161 Laurentio
581 2106 727 2174 magistro
749 2105 965 2177 pincernarum
983 2112 1168 2174 nostrorum,
1185 2106 1297 2162 comite
1313 2104 1351 2162 de
1367 2105 1463 2162 Kewe
1479 2110 1508 2161 et

245 2208 283 2265 de
307 2209 462 2278 Krassow,
485 2210 623 2292 Johanne
640 2212 752 2267 comite
768 2209 971 2283 supruniensi,
992 2210 1143 2279 Gregorio
1160 2210 1273 2267 comite
1292 2210 1384 2267 castri
1408 2209 1508 2280 ferrei,

244 2315 331 2385 Moys
360 2316 471 2372 comite
496 2317 683 2386 symigiensi,
708 2315 828 2372 Dedalo
859 2316 971 2372 comite
1001 2315 1175 2384 zaladiensi,
1206 2312 1365 2388 Mychaele
1395 2316 1509 2373 comite

245 2421 383 2478 nitriensi
409 2430 437 2477 et
461 2422 529 2478 aliis
554 2437 647 2493 quam
673 2421 816 2494 pluribus
840 2421 1003 2478 comitatus
1030 2427 1059 2477 et
1083 2421 1214 2478 honores
1236 2422 1324 2493 regni
1346 2422 1507 2479 tenetibus.

330 2538 351 2586 E
365 2544 529 2602 transumpto
545 2539 622 2602 capii.
637 2537 826 2599 strigoniensis.
841 2537 870 2586 In
884 2538 1042 2586 membrana.
1057 2537 1110 2602 sig.
1125 2537 1247 2602 deperiit.
1260 2537 1344 2586 —Ex
1361 2537 1431 2587 arch.
1449 2552 1506 2587 ven.

243 2626 319 2690 capit.
341 2627 444 2690 zagrab.
466 2626 584 2675 Farlatti.
605 2626 671 2674 lllir.
692 2627 761 2676 Sacr.
782 2634 799 2675 t.
820 2626 849 2674 V.
865 2641 889 2691 p.
904 2625 962 2684 376.
981 2626 1056 2691 Joan.
1071 2624 1238 2690 Kukuljevih.
1252 2625 1339 2675 Arkiv
1352 2639 1381 2674 za
1403 2625 1508 2690 poviest

239 2716 334 2779 jugosl.
355 2714 401 2764 111.
421 2731 445 2779 p.
465 2716 505 2765 80.
525 2716 599 2779 Joan.
619 2714 735 2764 Ttattie.
756 2714 823 2764 lion.
845 2713 903 2764 hist.
923 2715 1001 2778 episc.
1021 2715 1127 2778 zagrab.
1148 2719 1208 2763 tom.
1223 2712 1242 2762 1.
1264 2730 1288 2779 p.
1312 2713 1369 2764 168.

846 2891 907 2956 58.

347 3034 422 3081 Anno
444 3040 516 3089 1275.
537 3042 577 3081 21.
597 3031 698 3096 aprilis.
718 3031 871 3097 Zagrabiae.

289 3142 451 3198 Timotheus
475 3143 616 3215 episcopus
639 3144 669 3198 m
693 3142 856 3199 cathedrali
877 3143 990 3198 ccclesia
1012 3142 1128 3213 zogrob.
1152 3147 1298 3198 consecrat
1317 3143 1412 3198 altore
1433 3143 1464 3198 in

529 3249 662 3305 honorem
684 3267 718 3305 ss.
742 3248 941 3322 Apostolorum
965 3248 1050 3304 Petri
1068 3255 1097 3304 et
1118 3247 1216 3304 Pauli.

328 3392 417 3448 Anno
441 3392 559 3450 domini
582 3391 787 3454 llCCLXXV.
813 3392 853 3448 Xl
878 3391 1025 3449 kalendas
1048 3392 1130 3460 maii,
1154 3395 1366 3448 consecratum
1390 3396 1434 3447 est
1461 3391 1505 3448 al·

240 3507 304 3554 tare
335 3499 364 3554 in
396 3500 535 3556 sacristia
565 3500 753 3570 zagrahiensi
784 3514 801 3555 a
832 3498 1002 3555 venerabili
1033 3502 1121 3570 patre
1151 3496 1278 3554 domino
1310 3495 1505 3568 Thymotheo

239 3605 386 3677 episcopo
402 3606 592 3675 zagrahiensi
609 3605 648 3661 ad
665 3606 814 3662 honorem
831 3609 1007 3661 sanctorum
1023 3603 1238 3676 apostolorum
1264 3602 1342 3659 Petri
1359 3609 1389 3659 et
1406 3602 1502 3660 Pauli.

239 3710 271 3766 ln
304 3726 364 3781 quo
396 3712 590 3768 continentur
621 3711 677 3767 iste
708 3710 848 3781 reliquie,
884 3709 1043 3766 videlicet:
1075 3708 1257 3766 eorumdem
1290 3708 1504 3781 apostolorum

238 3816 319 3873 Petri
343 3823 372 3873 et
392 3817 488 3887 Pauli,
511 3817 645 3888 gloriose
670 3817 798 3887 virginis
822 3815 926 3884 Marie,
950 3815 1046 3871 sancti
1068 3815 1216 3896 Johannis
1239 3814 1382 3887 baptiste,
1407 3814 1504 3871 sancti

237 3922 385 4003 Johannis
409 3923 615 3994 ewangeliste,
647 3923 742 3979 sancti
775 3921 981 3978 Bartholomei
1013 3921 1154 3994 apostoli,
1189 3922 1283 3976 sancti
1307 3920 1415 4002 Jacobi
1439 3934 1503 3976 ma·

238 4029 311 4085 ioris
334 4036 363 4085 et
388 4030 524 4098 minoris,
548 4034 724 4085 sanctorum
747 4026 890 4099 Symonis
914 4031 943 4083 et
965 4025 1053 4109 Jude‚
1077 4027 1173 4084 sancti
1197 4026 1277 4082 Luce
1293 4025 1500 4097 ewangeliste,

237 4136 332 4193 sancti
357 4134 498 4192 Silvestri
521 4151 610 4208 pape,
635 4136 731 4192 sancti
751 4134 830 4192 Sixti
853 4150 933 4207 pape
957 4141 986 4191 et
1010 4134 1154 4203 martiris
1178 4133 1273 4189 saneti
1291 4131 1411 4188 Nicolai
1434 4132 1498 4205 epi·

237 4243 322 4315 scopi
346 4248 375 4298 et
399 4241 591 4310 contessoris,
616 4243 710 4299 sancti
743 4241 896 4299 Francisci
927 4239 1117 4297 confessoris.
1140 4239 1236 4295 sancti
1258 4238 1409 4318 Jeronimi
1433 4252 1503 4295 con·

238 4346 370 4416 sessoris,
394 4348 490 4404 sancti
511 4348 665 4405 Dominici
683 4347 874 4415 confessoris,
891 4347 988 4403 sancti
1003 4344 1151 4419 Stephani
1167 4345 1248 4417 regis
1264 4349 1293 4400 et
1310 4342 1502 4409 confessoris,

236 4455 331 4510 sancti
356 4453 489 4510 Ladizlai
514 4454 595 4525 regis
620 4461 648 4510 et
673 4452 865 4522 confessoris,
889 4453 986 4510 sancti
1002 4451 1127 4508 Emirici
1151 4452 1233 4522 regis
1256 4457 1285 4506 et
1308 4448 1500 4518 confessoris,

236 4567 337 4617 sancte
362 4561 456 4617 Marie
481 4559 671 4630 Magdalene,
695 4565 797 4616 sancte
822 4558 997 4630 Elyzabeth.

325 4676 393 4724 Nota
414 4675 440 4724 in
459 4677 574 4737 quodam
594 4676 761 4725 membraneo
781 4673 929 4739 fragmento
948 4673 1100 4739 perantiqui
1119 4671 1248 4722 breviarii
1268 4672 1330 4721 eccl.
1351 4669 1499 4736 zagrab.1n

236 4763 345 4814 archivo
364 4778 420 4812 ven.
442 4763 519 4828 capit.
539 4764 643 4829 zagrab.
662 4765 737 4829 Joan.
757 4761 872 4813 Tkaliic'.
893 4763 956 4813 hlon
975 4763 1034 4812 hist.
1053 4761 1133 4827 episc.
1152 4761 1258 4826 zagrab.
1277 4759 1297 4809 1.
1317 4775 1342 4824 p.
1365 4767 1421 4819 175.

1381 4864 1397 4894 h
