3488 5242
662 314 735 370 Doc.
760 310 810 390 64.
838 348 874 356 -
899 315 955 372 An.
980 310 1070 390 1278.
1302 380 1305 386 ,
1461 332 1499 387 55

238 512 355 571 eisdem
377 513 564 583 contulisset,
588 528 643 570 suo
666 513 764 585 regali
787 513 954 587 privilegio
978 514 1198 573 confirmando
1222 515 1286 573 Nos
1308 516 1412 588 itaque
1432 530 1503 588 pre-

235 620 331 692 ceptis
355 618 472 675 domini
495 620 592 676 nostri
615 619 696 690 regis
720 619 977 691 obtemperantes
1010 628 1043 678 ut
1075 620 1232 691 debemus,
1260 621 1402 679 misimus
1431 621 1502 679 Inus

234 725 379 782 comitem
403 729 543 781 nostrum
558 725 789 795 zagrabiensem
806 724 844 781 ad
863 724 973 782 faciem
991 725 1071 783 dicte
1087 732 1176 796 terre,
1192 734 1225 784 ut
1243 726 1374 784 eandam
1391 727 1502 784 villam

234 832 367 902 Kobyla,
391 831 485 887 simul
507 846 579 887 cum
603 838 684 887 terra
707 847 763 886 sua
787 831 1035 888 rehambulando
1059 848 1115 904 per
1139 838 1258 890 veteres
1283 838 1380 890 metas
1403 839 1433 890 et
1449 848 1501 890 an·

234 939 343 1009 tiquas,
367 944 513 994 statueret
536 943 565 993 et
589 938 758 1008 assignaret
781 936 909 1010 prefatis
940 938 1061 995 civibus
1094 946 1245 1012 perpetuo
1274 937 1501 1012 possidendam

234 1043 294 1115 Qui
318 1042 444 1099 demum
468 1049 573 1100 nostro
597 1042 743 1099 mandato
768 1043 994 1115 obtemperans,
1019 1049 1052 1100 ut
1076 1049 1203 1113 tenetur,
1220 1042 1374 1116 prefatam
1390 1043 1501 1101 villam

235 1149 360 1220 Kobyla
384 1165 454 1205 cnm
479 1150 623 1206 omnibus
646 1149 841 1221 pertinenciis
865 1155 894 1205 et
920 1149 1162 1206 circumstanciis
1194 1147 1419 1233 reambulando
1445 1165 1502 1222 per

234 1256 375 1327 antiquas
399 1254 621 1325 distinccioneS,
645 1254 840 1327 presentibus
868 1255 1013 1310 omnibus
1037 1254 1253 1325 iobagionibus
1281 1255 1374 1312 castri
1395 1271 1501 1327 zagra-

236 1361 357 1420 biensis.
390 1361 565 1417 convocatis
595 1361 704 1417 vicinis
734 1367 764 1416 et
794 1360 1021 1431 commetaneis,
1053 1365 1146 1432 prout
1176 1358 1260 1417 idem
1299 1375 1402 1417 comes
1431 1360 1501 1418 Inus

234 1467 436 1539 personaliter
460 1466 548 1523 nobis
571 1466 720 1535 recitavit,
745 1466 850 1521 statuit
882 1473 911 1521 et
942 1465 1111 1537 assignavit
1141 1464 1258 1522 eisdem
1286 1466 1407 1523 civibus
1431 1483 1500 1540 per·

233 1580 328 1646 petuo
351 1572 578 1646 possidendam.
605 1570 667 1628 Nec
690 1587 726 1628 eo
751 1587 805 1628 nos
829 1571 971 1641 contenti,
1001 1570 1129 1628 fecimus
1160 1572 1250 1629 nobis
1274 1572 1415 1629 exhiberi
1438 1573 1500 1645 pri·

233 1680 384 1752 vilegium
415 1678 530 1735 domini
564 1678 658 1734 nostri
690 1678 770 1749 regis
802 1692 896 1751 super
926 1677 1096 1734 collacione
1127 1676 1246 1751 prefate
1277 1683 1356 1735 terre
1384 1677 1499 1735 Kobila

233 1784 415 1854 confectum,
447 1800 509 1857 quo
541 1785 676 1857 perlecto
707 1798 812 1839 coram
843 1783 995 1840 universis
1027 1782 1242 1855 iobagionibus
1274 1784 1367 1840 castri
1395 1798 1500 1856 zagra·

235 1892 347 1949 biensis
371 1905 400 1947 et
424 1891 544 1963 plenius
568 1890 732 1960 intellecto,
757 1890 830 1961 quia
853 1889 1062 1962 comperimus
1086 1889 1116 1946 in
1141 1888 1259 1960 eodem,
1290 1888 1375 1961 quod
1398 1889 1499 1963 ipsam

235 1999 345 2055 villam
369 1998 494 2068 Kobyla
516 1996 659 2053 dominus
683 2011 737 2052 rex
760 1994 799 2051 de
823 2010 972 2053 consensu
1003 1996 1145 2052 omnium
1176 1995 1348 2052 barronum
1370 2011 1499 2053 suorum

234 2102 361 2177 prefatis
377 2104 498 2160 civibus
516 2110 665 2175 perpetuo
683 2102 847 2158 contulerit
863 2100 1089 2174 possidendam.
1114 2100 1177 2158 Nos
1193 2101 1356 2158 collacioni
1380 2100 1499 2160 domini

234 2211 328 2267 nostri
351 2211 433 2280 regis
456 2210 682 2266 consencientes
705 2215 734 2265 et
757 2207 959 2264 assencientes
983 2206 1022 2263 ad
1047 2208 1183 2280 plenum,
1207 2204 1362 2280 prefatam
1386 2207 1498 2265 villam

235 2317 367 2388 Kobyla
392 2316 463 2387 quia
487 2330 577 2371 nemo
602 2314 639 2370 de
656 2314 872 2384 iobagionibus
889 2314 981 2369 castri
996 2312 1203 2370 contradictor
1223 2313 1333 2382 extitit,
1357 2313 1397 2369 ab
1413 2314 1499 2370 omni

234 2421 445 2479 iurisdiccione
469 2422 560 2478 castri
583 2421 789 2492 zagrabiensis
819 2424 981 2491 exceptam
1013 2419 1135 2491 penitus
1159 2425 1189 2475 et
1212 2424 1399 2491 exemptam,
1426 2432 1498 2476 cum

234 2529 378 2586 omnibus
402 2528 588 2585 utilitatibus
611 2527 674 2582 suis
704 2533 735 2582 et
764 2525 961 2598 pertinenciis
992 2524 1177 2598 supradictis
1208 2524 1328 2581 civibus
1349 2525 1499 2597 assignari

235 2636 362 2692 lecimus
386 2643 416 2691 et
439 2631 623 2704 assignando
646 2631 830 2703 reliquimus
862 2632 927 2689 iure
960 2637 1110 2705 perpetuo
1140 2629 1368 2704 possidendam.
1392 2631 1498 2689 Retra-

233 2740 333 2798 hendo
357 2756 466 2797 manus
488 2746 608 2796 nostras
631 2754 684 2795 sen
708 2737 829 2794 comitis
851 2737 958 2805 nostri,
990 2737 1030 2793 ab
1062 2737 1146 2793 omni
1169 2736 1383 2795 iurisdiccione
1406 2747 1498 2810 atque

233 2849 306 2916 iure,
332 2863 393 2918 quo
417 2845 535 2915 exinde,
559 2845 681 2901 racione
705 2844 835 2900 banatus
858 2845 963 2912 nostri,
980 2844 1070 2901 nobis
1090 2843 1308 2901 dinoscebatur
1323 2844 1498 2917 provenire,

233 2954 380 3022 volentes,
405 2951 487 3024 quod
512 2951 550 3008 de
574 2958 675 3007 cetero
698 2949 793 3007 iidem
815 2950 898 3007 cives
929 2966 964 3006 ac
997 2965 1189 3007 successores
1212 2965 1321 3006 eorum
1343 2947 1498 3022 prefatam

233 3059 342 3115 villam
367 3057 494 3131 pacifice
518 3066 547 3114 et
570 3058 635 3114 sine
658 3056 881 3128 inquietacione
905 3057 1045 3129 qualibet
1078 3056 1202 3113 valeant
1225 3062 1377 3128 perpetuo
1400 3055 1498 3129 possi·

233 3164 313 3222 dere.
338 3165 370 3220 In
394 3165 480 3221 cuius
504 3165 547 3220 rei
571 3163 755 3219 memoriam
778 3170 809 3219 et
831 3169 1015 3236 perpetuam
1038 3161 1220 3218 firmitatem
1244 3168 1400 3235 presentes
1426 3177 1497 3218 con·

233 3271 380 3327 cessimus
404 3271 522 3327 litteras
545 3269 641 3340 sigilli
665 3268 761 3326 nostri
792 3269 962 3326 munimine
993 3268 1161 3325 roboratas.
1194 3266 1310 3323 Datum
1339 3264 1497 3338 Zagrabie.

235 3379 322 3433 Anno
346 3375 463 3433 domini
488 3374 570 3431 MCC
594 3374 821 3449 septuagesimo
845 3374 961 3446 quinto.

320 3530 460 3594 (triginalc
478 3529 506 3576 in
526 3528 677 3576 membrana
701 3527 778 3575 valde
804 3541 948 3584 corrosum,
971 3525 1091 3591 sigillum
1117 3532 1142 3575 et
1166 3540 1229 3574 zona
1249 3526 1349 3574 desunt.
1373 3523 1403 3573 In
1425 3523 1495 3572 arch.

233 3620 313 3667 Acad.
334 3617 428 3668 Scicnt.
449 3618 518 3666 Slax.
538 3615 630 3665 merid.
651 3615 744 3663 Exstat
762 3614 789 3663 in
813 3621 977 3679 transumpto
1003 3615 1094 3664 Caroli
1120 3614 1192 3679 regis
1217 3613 1305 3678 liung.
1326 3613 1399 3662 dea.
1423 3621 1496 3671 1317.

233 3708 262 3757 ln
281 3707 379 3756 archiv.
400 3708 416 3754 l.
436 3721 457 3754 r.
477 3705 527 3758 civ.
546 3705 650 3769 zagrab.

827 3916 891 3982 64.

337 4063 413 4108 Anno
436 4060 509 4117 1278,
529 4069 552 4117 3.
571 4059 693 4124 januarii.
713 4059 811 4108 Budae.

291 4189 449 4245 Ladislaus
473 4188 529 4244 IV.
553 4188 729 4260 Hungarrire
751 4195 797 4244 etc.
822 4206 884 4256 rex,
907 4187 980 4243 cives
1002 4186 1149 4243 demonic
1178 4185 1272 4245 Greclr
1295 4187 1332 4243 ab
1354 4206 1430 4243 omna

667 4293 798 4350 (descensu
821 4294 930 4363 banale',
952 4294 1057 4350 extruit.

323 4439 384 4495 Nos
408 4431 594 4516 Lad(izlaus)
618 4438 668 4494 dei
691 4438 794 4510 gracia
817 4454 872 4495 rex
895 4438 1061 4510 Hungarie.
1092 4436 1308 4510 significamus
1335 4438 1495 4508 universis,

234 4545 347 4618 quibus
371 4543 503 4616 expedit,
527 4544 721 4616 presencium
745 4560 801 4617 per
824 4549 970 4615 tenorem,
987 4543 1071 4616 quod
1094 4542 1203 4600 fideles
1218 4544 1302 4602 cives
1317 4550 1438 4600 nostros
1458 4543 1496 4601 de

234 4657 337 4707 monte
361 4650 516 4719 Grecensi,
541 4651 696 4723 cupientes
720 4650 749 4706 in
782 4651 845 4707 suis
875 4650 1010 4723 antiquis
1032 4649 1229 4707 libertatibus
1252 4664 1442 4718 conservare,
1466 4655 1497 4706 et

233 4756 423 4814 intendentes
446 4771 484 4812 ex
508 4756 610 4812 animo
633 4756 820 4814 relevacioui
852 4755 1042 4827 eorumdem,
1065 4755 1141 4829 ipsis
1163 4754 1285 4813 civibus
1307 4770 1346 4813 ex
1368 4754 1496 4828 speciali
