3488 5242
570 311 642 368 Doc.
667 324 717 386 29,
735 324 790 387 30.
818 345 854 354 -
880 311 936 368 An.
962 321 1173 388 1252-1254.
1467 326 1505 381 25

238 526 314 568 ausu
335 511 501 567 temerario
528 510 687 566 contraire.
711 507 742 567 Si
766 510 835 582 quis
859 515 962 567 autem
986 509 1045 567 ltoc
1068 512 1253 582 attemptare
1281 510 1507 583 presumpserit

235 615 480 688 indignacionem
506 615 726 689 omnipotentis
750 615 799 672 dei
815 621 845 671 et
861 615 1024 673 beatorum
1041 614 1122 672 Petri
1139 619 1169 672 et
1184 614 1274 672 Pauli
1290 615 1507 688 apostolorum

234 722 299 779 cius
322 736 354 777 se
377 721 498 778 noverit
520 721 724 777 incursurum.
755 720 871 777 Datum
895 719 1011 777 Perusii
1036 720 1064 775 X
1086 718 1234 777 kalendas
1257 719 1372 778 marcii.
1397 719 1499 778 Ponti·

234 827 343 885 ficatus
367 827 462 885 nostri
487 842 566 884 anno
589 842 677 884 nono.

344 962 425 1012 Liber
445 963 568 1028 privileg.
589 969 700 1028 eppatus
719 964 823 1026 zagrab.
844 980 868 1028 p.
889 968 929 1024 04.
951 962 1062 1012 Farlatti
1083 962 1150 1012 lllir.
1170 977 1235 1012 sacr.
1256 969 1316 1012 tout.
1339 962 1369 1010 V.
1390 978 1414 1027 p.
1438 970 1496 1020 371.

234 1051 320 1100 Arkiv
346 1066 373 1099 za
394 1051 496 1115 poviest
514 1053 644 1116 jugoslav.
671 1051 717 1101 111.
745 1067 769 1116 p.
793 1061 832 1114 79.
852 1054 925 1118 Joan.
946 1051 1061 1101 Tkaltlc'.
1082 1051 1152 1101 tlon.
1170 1052 1229 1101 hist.
1250 1051 1328 1116 episc.
1349 1050 1453 1113 zagrab.
1474 1067 1498 1099 v.

237 1140 255 1189 1.
276 1155 300 1204 v·
321 1150 361 1201 oa-

840 1264 902 1331 29.

341 1391 417 1438 Anno
440 1398 512 1446 1252.
533 1399 574 1449 24.
594 1388 695 1453 aprilis.

381 1498 519 1556 Suburbii
539 1501 663 1556 civitatis
692 1499 863 1556 Greclrensis
887 1518 982 1573 ,nona
1006 1500 1098 1557 υἱΙΙαα
1123 1500 1197 1572 dicti,
1221 1502 1363 1558 memoria.

324 1644 387 1701 Nos
411 1643 585 1718 Stephanus
609 1644 708 1700 banus
731 1645 828 1701 tocius
844 1642 1015 1701 Sclauonie.
1031 1641 1248 1716 Significamus
1270 1644 1416 1701 omnibus
1432 1659 1501 1718 pre-

236 1767 304 1808 sens
328 1752 477 1824 scriptum
507 1751 698 1824 inspecturis,
730 1749 812 1823 quod
842 1765 896 1807 nos
925 1764 982 1822 pro
1013 1749 1145 1807 utilitate
1173 1765 1208 1806 ac
1238 1750 1354 1807 honore
1384 1748 1502 1808 domini

236 1857 318 1928 regis
343 1855 471 1913 fecimus
495 1872 530 1913 ac
554 1856 727 1913 locavimus
751 1871 865 1913 novam
889 1862 919 1913 et
942 1855 1076 1912 liberam
1092 1854 1203 1912 villam
1224 1855 1254 1913 in
1271 1854 1379 1925 Crisio,
1396 1854 1502 1912 dantes

237 1962 411 2035 hospitibus
435 1963 464 2019 in
489 1962 756 2020 cohabitantibus
780 1961 910 2019 eandem
935 1960 1120 2032 libertatem,
1145 1976 1206 2033 qua
1223 1966 1349 2018 utuntur
1365 1961 1502 2036 hospites

238 2067 275 2125 de
299 2067 380 2125 Grea
396 2066 433 2125 ‘et
456 2068 494 2125 de
515 2084 595 2125 nova
618 2069 697 2125 villa
720 2068 870 2140 Zagrabie
894 2114 899 2125 .
925 2113 930 2124 .
955 2113 961 2126 ,
985 2114 991 2124 .

320 2185 429 2235 Initium
443 2186 503 2239 acti,
523 2201 576 2249 quo
590 2186 737 2251 Stephanus
757 2187 839 2236 banus
853 2185 979 2236 srisiensi
993 2185 1073 2235 villae
1086 2185 1223 2236 libertates
1240 2184 1348 2235 confert.
1363 2184 1504 2250 Originale

238 2276 264 2325 in
283 2276 441 2324 membrana.
462 2275 491 2325 ln
511 2277 581 2324 arch.
601 2276 647 2325 lib.
669 2291 722 2339 reg.
743 2276 791 2324 civ.
812 2275 952 2325 Crisicnsis
972 2275 1031 2324 fasc.
1054 2283 1073 2323 t.
1094 2291 1132 2323 nr.
1156 2284 1175 2322 1.

343 2599 391 2644 An.
414 2605 488 2656 1254,
512 2596 549 2644 18.
570 2595 644 2660 Julii.
662 2596 789 2659 Anagnie.

240 2704 423 2763 Innocentius
457 2705 512 2761 IV.
545 2705 643 2778 Papa,
673 2705 803 2774 concedit,
835 2714 869 2762 ut
892 2707 972 2780 festo
1001 2725 1022 2763 s.
1055 2704 1199 2784 Stephani
1226 2708 1303 2780 regis
1333 2707 1363 2762 in
1391 2706 1506 2762 ecclesia

237 2810 402 2867 cathedrali
432 2812 548 2884 aagrab.
582 2812 777 2883 indulgentiae
805 2814 891 2868 anias
921 2813 997 2867 anni
1024 2819 1052 2869 et
1080 2825 1124 2888 410
1147 2811 1256 2868 de'errnn
1276 2813 1506 2885 promulgentur.

327 2956 519 3012 Innocentius
558 2957 730 3028 episcopus,
767 2971 874 3013 servus
910 2971 1070 3014 servorum
1107 2955 1165 3014 dei.
1204 2956 1383 3015 Venerabili
1418 2955 1506 3014 fratri

240 3055 412 3138 (Philippo)
435 3062 580 3134 episcopo
604 3061 794 3132 zagabriensi
820 3062 952 3118 salutem
976 3068 1006 3119 et
1029 3062 1231 3135 apostolicam
1252 3060 1505 3120 benedictionem.

239 3168 272 3224 ln
296 3172 472 3224 sanctorum
507 3165 733 3236 festivitatibus
766 3183 866 3238 quea
890 3167 1006 3225 Christi
1029 3167 1176 3225 fidelibus
1199 3169 1305 3226 votiva
1328 3169 1507 3226 celebritate

240 3275 391 3339 coluntur,
416 3272 517 3344 dignis
541 3272 685 3329 laudibus
708 3273 901 3344 glorificatur
917 3275 1121 3346 omnipotens,
1142 3275 1254 3331 sanctis
1270 3275 1367 3347 ipsius
1383 3273 1506 3331 debitus

241 3381 339 3437 honor
381 3377 578 3451 impenditur,
611 3388 639 3434 et
671 3380 844 3436 animarum
878 3379 1035 3452 profectus
1065 3378 1234 3437 devocione
1265 3394 1401 3451 congrua
1434 3394 1506 3453 pro·

238 3492 369 3541 curatur.
411 3483 498 3542 Unde
529 3499 592 3549 nos,
624 3484 677 3555 qui
715 3483 855 3542 fidelium
887 3486 984 3558 ipsius
1015 3501 1122 3542 curam
1152 3486 1289 3558 gerimus
1319 3486 1505 3558 generalem,

239 3605 309 3646 cum
340 3604 395 3661 pre
426 3590 581 3659 omnibus,
614 3605 673 3660 que
712 3597 815 3646 nostre
845 3591 1029 3648 incumbunt
1059 3590 1268 3661 sollicitudini,
1299 3590 1337 3648 ad
1376 3592 1504 3649 illorum

238 3696 370 3751 salutem
394 3694 552 3751 intendere
586 3703 753 3764 teneamur,
774 3697 874 3753 multo
891 3695 1045 3754 desiderio
1069 3698 1220 3769 cupimus
1244 3698 1426 3755 utiliorum
1442 3712 1506 3755 me·

239 3802 345 3869 moria,
369 3815 447 3871 quos
471 3806 578 3856 exutos
603 3801 663 3857 iam
688 3817 826 3874 corpore,
850 3803 929 3859 stola
953 3804 1051 3874 glorie
1069 3802 1167 3860 induit
1190 3818 1244 3860 rex
1263 3804 1394 3874 celestis,
1415 3819 1505 3860 vene-

238 3907 382 3962 rabiliter
413 3907 581 3962 recolentes
624 3907 763 3979 ipsorum
800 3906 876 3964 festa
907 3914 936 3965 et
967 3908 1082 3966 celebri
1113 3917 1204 3980 agant
1244 3910 1446 3967 observancia
1475 3917 1505 3968 et

238 4012 469 4084 sollempnitate
500 4027 599 4068 annua
632 4018 870 4084 prosequantur,
901 4030 936 4071 ac
968 4021 1000 4071 ut
1031 4022 1115 4072 tanto
1139 4016 1309 4073 accuratius
1333 4016 1371 4072 ad
1395 4030 1504 4074 eorum

239 4117 357 4174 cultum
375 4134 407 4173 se
424 4126 597 4190 preparent,
615 4128 729 4189 quanto
746 4119 818 4191 plus
835 4120 938 4193 ipsum
954 4122 1118 4178 animabus
1134 4122 1282 4179 senserint
1295 4121 1503 4195 profuturum,

239 4239 309 4280 eum
341 4239 560 4295 nonnunquam
594 4225 731 4297 insigniis
763 4225 949 4297 quibusdam
979 4226 1202 4300 spiritualibus,
1233 4227 1437 4299 indulgenciis
1458 4229 1504 4285 vi·

239 4330 350 4387 delicet
374 4339 401 4387 ct
427 4333 660 4389 remissionibus
678 4331 876 4403 magnificare
892 4332 1060 4401 studemus,
1085 4334 1168 4407 ipsas
1191 4333 1304 4391 devote
1327 4335 1419 4392 illum
1435 4351 1504 4392 exe·

240 4437 406 4508 quentibus
430 4438 616 4508 benignitate
640 4438 810 4511 apostolica
829 4437 997 4510 largiendo.
1021 4439 1101 4495 Hinc
1117 4446 1172 4509 est,
1188 4438 1272 4512 quod
1288 4454 1359 4496 cum
1375 4440 1505 4498 ecclesia

239 4543 446 4614 zagabriensis
477 4544 507 4599 in
538 4545 654 4600 honore
679 4544 761 4601 beati
784 4542 932 4617 Stephani
956 4545 1037 4617 regis
1060 4544 1218 4617 Hungarie
1242 4552 1415 4602 constructa
1438 4560 1505 4603 esse

240 4647 367 4719 dicatur,
402 4665 457 4706 nos
496 4650 599 4721 ipsum
628 4650 720 4722 digna
752 4651 813 4707 coli
844 4651 1015 4708 reverentia
1049 4652 1221 4725 cupientes,
1255 4651 1401 4709 omnibus
1431 4667 1504 4710 vere

240 4754 449 4827 penitentibus
475 4765 504 4813 et
527 4754 682 4827 confessis,
707 4757 760 4828 qui
783 4758 883 4829 ipsam
907 4756 1068 4814 ecclesiam
1093 4758 1124 4815 in
1147 4757 1233 4814 illius
1256 4754 1334 4814 festo
1356 4771 1437 4831 pura
1459 4758 1504 4815 in·
