3488 5242
267 371 330 432 34⁰
685 355 758 411 Doc.
776 350 851 430 361.
878 388 915 397 —
941 356 997 411 An.
1021 369 1109 432 1392.

904 461 959 465 —..
1011 461 1057 465 --
1069 462 1098 466 ..-
1107 461 1153 465 —.
1167 460 1534 469 .-.----.--—.—

268 551 384 607 minata
420 551 604 608 instantibus
643 551 718 624 ipsis
753 550 887 607 dominis
914 551 953 608 de
975 553 1113 625 capitulo
1136 553 1289 610 iusticiam
1313 555 1454 626 exigente
1479 571 1534 629 per

267 664 423 729 presentes
456 658 707 729 pronunciamus,
739 656 871 714 dicimus
902 665 931 714 et
962 659 1185 715 sentenciamus
1219 659 1354 716 decimas
1378 660 1416 716 de
1440 661 1535 718 Daul-

268 762 373 819 dowcz
397 769 428 818 et
451 764 548 819 eciam
573 770 689 820 rectam
714 769 744 819 et
766 765 910 836 equalem
939 764 1135 822 medietatem
1159 765 1351 822 decimarum
1374 766 1412 822 de
1435 767 1533 823 vineis

268 869 414 926 territorii
438 870 498 926 vici
523 870 702 926 Latinorum
728 871 757 926 in
782 871 917 943 presenti
941 870 980 927 ad
1005 871 1088 943 ipsos
1112 872 1264 943 pertinere
1288 878 1317 927 et
1341 879 1479 945 spectare
1503 878 1534 929 et

268 975 351 1047 ipsas
374 980 403 1031 et
427 975 503 1047 ipsa,
537 990 607 1030 suas
631 981 660 1032 et
682 991 738 1032 sua
762 975 855 1032 fuisse
879 983 908 1033 et
932 977 962 1033 in
986 977 1120 1048 presenti
1144 993 1209 1033 esse
1232 978 1314 1050 ipsas
1339 977 1473 1034 decimas
1497 976 1535 1034 de

267 1079 465 1149 Dauidowcz,
497 1087 530 1137 ut
553 1097 655 1154 supra,
677 1097 712 1138 ac
735 1097 862 1154 campos
886 1088 915 1138 et
939 1090 1036 1139 terras
1059 1082 1277 1155 Bakonapolye
1301 1088 1330 1139 et
1354 1082 1466 1155 Ztruga
1489 1100 1535 1141 se-

269 1187 416 1259 pedictos‚
440 1187 620 1243 auctoritate
645 1188 734 1244 nobis
758 1204 814 1260 per
837 1188 919 1260 ipsas
942 1193 1045 1260 partes
1066 1189 1231 1244 commissa
1247 1189 1331 1245 omni
1348 1189 1422 1255 iure,
1440 1189 1534 1246 modo

268 1299 299 1350 et
322 1291 431 1362 forma,
455 1293 569 1365 quibus
593 1292 705 1348 melius
727 1308 891 1365 possumus
914 1299 944 1349 et
967 1292 1125 1362 debemus,
1147 1293 1360 1350 adiudicamus
1382 1301 1412 1351 et
1435 1295 1534 1351 incor-

268 1414 416 1473 poramus
450 1399 584 1456 dominis
619 1398 657 1454 de
692 1399 829 1470 capitulo
856 1399 996 1471 predicto
1023 1405 1052 1455 et
1076 1415 1180 1456 mense
1204 1400 1368 1471 capitulari
1392 1401 1534 1474 ipsorum

268 1512 298 1562 et
321 1506 495 1577 quartariis,
520 1506 603 1577 ipsos
627 1505 712 1561 iuxta
735 1509 805 1561 ante
821 1505 912 1561 citata
940 1511 1052 1562 statuta
1076 1505 1214 1562 eiusdem
1230 1506 1357 1562 ecclesie
1374 1512 1532 1578 tangentes

267 1618 361 1685 prout
384 1611 496 1667 melius
519 1626 693 1683 possumus,
717 1617 750 1667 ut
773 1626 875 1684 supra,
900 1611 1080 1668 mandantes
1104 1620 1133 1667 et
1149 1613 1375 1669 committentes
1391 1613 1533 1684 partibus

269 1718 352 1791 ipsis,
378 1724 410 1773 ut
434 1717 511 1773 hanc
542 1725 678 1774 nostram
710 1723 884 1789 presentem
915 1718 1101 1774 sentenciam
1133 1722 1162 1773 et
1186 1718 1383 1775 amicabilem
1408 1732 1532 1792 compo·

269 1824 414 1880 sicionem
439 1824 498 1879 sub
523 1824 609 1894 penis
634 1822 767 1879 duorum
791 1823 929 1880 millium
952 1822 1139 1879 florenorum
1163 1824 1192 1880 in
1216 1825 1443 1896 compromisso
1464 1840 1535 1881 con·

269 1936 423 1987 tentorum
452 1929 567 1985 debent
590 1944 647 2001 per
670 1929 774 1985 omnia
797 1944 921 1985 servare
939 1935 969 1984 et
992 1934 1190 1985 manutenere
1213 1930 1242 1986 in
1268 1929 1411 2001 capitulis
1434 1935 1464 1986 et
1487 1945 1535 1986 ar·

268 2037 370 2094 ticulis
401 2038 544 2108 superins
576 2046 605 2093 et
633 2037 663 2093 in
686 2036 911 2109 compromisso
935 2037 1127 2108 expressatis
1163 2037 1196 2093 In
1228 2051 1361 2108 quorum
1393 2037 1532 2093 omnium

268 2144 491 2216 premissorum
524 2143 717 2216 presentibus
746 2142 886 2213 sigillum
913 2148 1052 2198 nostrum
1074 2143 1284 2199 authenticum
1308 2141 1454 2198 duximus
1477 2158 1531 2214 ap·

268 2247 474 2321 pendendum.
499 2249 614 2305 Datum
638 2246 796 2319 Zagrabie‚
819 2248 991 2320 penultima
1017 2247 1067 2303 die
1092 2249 1204 2304 mensis
1227 2248 1344 2315 marcii,
1372 2248 1430 2304 sub
1454 2263 1533 2304 anno

267 2354 385 2411 domini
409 2353 577 2410 millesimo
600 2354 815 2409 tercentesimo
839 2354 1038 2425 nonagesimo
1062 2353 1203 2410 secundo,

357 2507 378 2555 E
398 2513 563 2571 transumpto
581 2522 646 2556 saec.
665 2507 741 2558 XVI.
762 2507 792 2557 In
809 2507 879 2556 arch.
893 2507 1047 2572 archiepisc.
1062 2509 1165 2572 zagrab.
1180 2507 1332 2556 Decimalia.
1346 2506 1407 2556 fasc.
1421 2506 1440 2555 1.
1455 2521 1493 2555 nr.
1507 2507 1530 2557 8.

862 2824 945 2890 361.

377 3007 452 3055 Anno
475 3014 548 3067 1392,
572 3014 609 3053 12.
629 3003 699 3053 maii.
720 3002 872 3068 Zagrabiae.

269 3135 400 3201 Marcus,
422 3134 509 3207 filius
539 3133 665 3201 antedi,
687 3132 835 3204 pronrr'ttr'l
865 3149 894 3186 se
917 3131 1028 3186 litteras
1055 3130 1149 3201 regias
1181 3129 1214 3185 de
1244 3131 1414 3201 ascriptione
1436 3131 1484 3186 sui
1503 3131 1534 3185 in

457 3241 597 3311 gremium
623 3240 749 3295 cr'vt'tatis
771 3238 873 3293 montis
903 3235 1071 3292 Grcclzensr's
1094 3237 1254 3292 altmarum
1278 3254 1341 3292 esse.

358 3439 420 3494 Nos
444 3437 596 3497 Nicolaus.
622 3436 705 3492 tilius
728 3435 875 3516 Johannis
899 3433 937 3489 de
950 3433 1071 3495 Kanlsa,
1088 3434 1167 3489 inter
1183 3439 1300 3489 ceteros
1319 3434 1449 3489 honores
1468 3448 1533 3488 ma-

269 3546 363 3616 gister
386 3544 614 3599 tabernicorum
639 3541 798 3612 regalium.
831 3539 977 3595 Memorie
1012 3538 1265 3594 commendamus
1288 3554 1345 3610 per
1369 3548 1532 3610 presentes,

269 3650 350 3721 quod
376 3651 505 3715 Marcus
530 3647 612 3704 tilius
637 3647 756 3702 Mikech
779 3646 855 3702 civis
882 3646 995 3700 montis
1018 3645 1180 3701 Grecensis
1203 3644 1240 3700 ad
1265 3650 1402 3699 nostram
1428 3659 1533 3716 perso·

269 3755 379 3811 naliter
404 3752 554 3810 veniendo
577 3753 767 3824 presenciam
791 3750 947 3806 confessus
980 3751 1079 3806 extitit
1111 3751 1139 3807 in
1171 3750 1253 3805 hunc
1288 3748 1425 3816 modum,
1450 3748 1532 3819 quod

270 3861 342 3933 quia
366 3859 466 3922 iudex.
491 3859 580 3914 iurati
604 3865 633 3914 et
657 3857 792 3913 universi
816 3857 898 3912 cives
923 3856 1055 3912 civitatis
1088 3853 1224 3927 predicte
1252 3854 1311 3909 sibi
1335 3869 1428 3925 super
1452 3853 1533 3909 facto

269 3965 517 4037 interempcionis
548 3962 704 4034 quondam
737 3960 907 4018 Sebastiani
940 3962 1074 4018 concivis
1106 3961 1243 4032 ipsorum
1280 3976 1335 4031 per
1369 3960 1471 4032 ipsum
1503 3960 1534 4015 in

271 4070 374 4126 medio
397 4084 504 4126 eorum
529 4073 704 4140 perpetrate
728 4066 765 4122 ad
791 4069 952 4123 instantem
978 4067 1160 4139 peticionem
1179 4065 1364 4122 serenissimi
1385 4065 1534 4136 principis

270 4176 387 4232 domini
410 4173 597 4245 Sigismundi
623 4171 673 4228 dei
695 4173 798 4243 gracia
819 4173 900 4242 regis
924 4172 1058 4242 Vngarie
1089 4178 1118 4227 et
1146 4180 1254 4237 cetera,
1279 4171 1533 4243 prelatorumque

269 4286 299 4337 et
322 4281 474 4336 baronum
499 4279 636 4334 eiusdem
659 4294 694 4334 ac
717 4282 863 4340 nostram.
887 4280 1023 4349 graciam
1055 4276 1199 4334 facientes
1223 4277 1388 4349 specialem
1414 4276 1443 4332 in
1470 4291 1532 4332 me·

270 4386 356 4442 dium
380 4387 520 4458 ipsorum
542 4385 736 4440 admisissent
759 4392 960 4449 moraturum
987 4383 1056 4440 ideo
1080 4385 1145 4455 ipse
1171 4383 1287 4439 litteras
1312 4382 1427 4438 domini
1452 4383 1533 4453 regis

270 4492 400 4563 predicti
424 4492 452 4547 in
477 4490 585 4547 eadem
611 4489 718 4553 forma,
743 4490 773 4546 in
805 4506 866 4561 qua
897 4491 956 4545 alie
988 4490 1088 4545 littere
1119 4495 1221 4544 nostre
1253 4488 1362 4543 exinde
1394 4487 1530 4543 confecte

270 4596 417 4669 predictis
439 4596 559 4652 civibus
584 4610 639 4667 per
663 4610 718 4651 nos
741 4595 810 4651 date
833 4596 965 4651 existunt
986 4610 1043 4667 pro
1061 4595 1175 4665 vigore,
1191 4594 1359 4650 stabilitate
1383 4600 1412 4649 et
1436 4593 1533 4649 firmi·

271 4707 331 4757 tate
354 4701 532 4757 libertatum
557 4701 696 4772 ipsorum
718 4700 833 4757 civium
866 4715 935 4756 curn
967 4701 1030 4757 suis
1061 4701 1202 4772 expensis
1234 4714 1332 4770 usque
1363 4698 1533 4770 quindenas

271 4804 341 4862 festi
363 4806 446 4862 beati
470 4805 593 4862 Martini
616 4803 800 4861 confessoris
829 4805 971 4878 proxime
1002 4806 1151 4862 affuturas
1182 4813 1307 4877 portare
1330 4809 1360 4860 et
1384 4802 1532 4877 predictis
