3488 5242
658 333 731 390 Doc.
754 345 824 408 412.
835 353 837 358 ·
850 365 887 374 -
905 330 962 390 An.
985 328 1078 408 1398.
1440 350 1513 411 397.

235 533 343 591 derent
364 547 555 591 conservare.
579 532 616 589 Et
639 531 758 590 ibidem
781 530 920 605 prelatus
944 530 1106 589 Ladislaus
1130 531 1209 589 dixit
1230 531 1293 588 alta
1317 546 1400 602 voce,
1418 530 1501 604 quod

236 640 340 697 omnia
362 640 499 712 dampna
522 639 598 712 ipsis
621 654 678 712 per
699 638 798 696 dictos
821 637 899 695 duos
930 636 1065 695 famulos
1093 637 1181 696 illata
1208 638 1304 695 vellet
1334 638 1502 705 resarciari,

235 761 292 820 pro
327 745 447 819 prefato
481 751 585 803 autern
613 745 694 802 bove
724 744 891 818 spopondit
921 750 1083 802 annotatus
1115 744 1277 801 Ladislaus
1311 744 1365 801 tali
1390 742 1502 800 modo:

238 852 322 925 quod
346 850 474 925 quidam
497 852 652 934 Johannes
676 855 904 908 sacramentum
934 851 1089 925 deponere
1116 851 1236 921 debeat,
1261 850 1344 924 quod
1369 851 1399 908 in
1423 849 1504 906 iacto

237 956 375 1015 eiusdem
412 957 501 1014 bovis
533 956 607 1014 dicti
632 956 791 1014 Michaelis
818 958 945 1015 sartoris
976 958 1119 1015 innocens
1146 958 1185 1014 sit
1219 965 1249 1014 et
1284 956 1440 1019 immunis,
1475 962 1504 1012 et

237 1062 320 1136 quod
345 1062 384 1119 de
407 1063 551 1120 carnibus
573 1061 637 1118 suis
660 1076 721 1118 non
744 1061 952 1132 manducavit,
984 1063 1039 1121 ubi
1071 1069 1176 1121 autem
1206 1078 1267 1120 non
1298 1063 1420 1132 iuraret,
1453 1077 1504 1118 ex·

238 1173 310 1225 tunc
341 1184 398 1242 pro
429 1167 539 1225 eodem
570 1168 651 1224 bove
681 1168 826 1226 similiter
864 1168 1040 1226 satisfacere
1063 1168 1190 1227 deberet
1220 1168 1363 1227 Michaeli
1393 1168 1505 1225 sartori

239 1280 418 1347 prenotato;
455 1273 529 1331 dicti
552 1279 655 1330 autem
679 1272 741 1330 duo
764 1274 835 1347 equi
866 1274 941 1348 ipsis
971 1275 1092 1334 civibus
1122 1274 1246 1332 fuerunt
1275 1276 1305 1332 in
1333 1275 1435 1348 specie
1459 1290 1505 1331 re-

238 1380 343 1437 stituti.
367 1380 528 1452 Obligavit
547 1380 646 1437 eciam
668 1395 700 1436 se
723 1380 790 1453 ipse
806 1379 967 1437 ladislaus
984 1387 1013 1438 et
1029 1387 1124 1439 totam
1150 1380 1303 1438 familiam
1328 1387 1390 1438 tam
1416 1397 1503 1438 suam

239 1501 335 1558 quam
359 1486 456 1543 eciam
480 1485 555 1543 dicti
577 1485 725 1569 Johannis
749 1485 823 1542 socii
847 1487 903 1556 sui,
928 1486 1060 1559 quodsi
1084 1487 1213 1544 ulterius
1237 1486 1349 1560 prelati
1373 1486 1435 1543 duo
1462 1486 1505 1542 sa·

240 1592 378 1649 miliares
402 1592 453 1648 vel
475 1591 589 1664 aliquis
611 1607 650 1648 ex
672 1591 812 1664 ipsismet
827 1591 946 1665 aliquid
963 1592 1090 1666 dampni
1108 1592 1214 1650 fecerit
1232 1593 1352 1650 civibus
1368 1591 1505 1674 prefatis,

240 1707 353 1755 extunc
377 1698 407 1754 in
431 1697 592 1754 latrocinio
612 1713 692 1754 nunc
715 1698 868 1770 premisso
891 1697 1038 1756 deberent
1066 1714 1233 1756 remanere.
1260 1700 1503 1771 Assumpserunt

240 1803 459 1860 nichilominus
486 1803 625 1875 magistri
647 1802 792 1860 Nicolaus
815 1803 853 1861 de
869 1796 1072 1883 Szentpeta(r)
1095 1819 1130 1861 ac
1153 1804 1284 1862 Michael
1308 1803 1346 1861 de
1392 1849 1398 1861 .
1445 1849 1451 1860 .
1497 1849 1503 1860 .

292 1955 298 1967 .
346 1909 542 1966 vicecomites
573 1907 647 1966 dicti
677 1910 841 1966 comitatus
864 1909 980 1967 ibidem
1004 1909 1210 1984 personaliter
1244 1915 1377 1968 astantes
1400 1925 1506 1966 coram

240 2016 339 2082 nohis,
377 2014 460 2087 quod
492 2013 752 2087 quandocumque
790 2016 903 2088 aliquis
935 2032 972 2073 ex
1008 2017 1083 2090 ipsis
1115 2017 1357 2074 vicecastellanis
1388 2016 1437 2072 vel
1470 2015 1508 2073 de

241 2136 347 2178 eorum
380 2120 501 2179 familia
531 2123 667 2196 cuipiam
698 2138 736 2179 ex
766 2122 856 2180 dictis
887 2115 1033 2200 (civibus)
1064 2123 1183 2196 aliquid
1217 2122 1344 2197 dampni
1373 2122 1508 2192 fecerint,

240 2232 293 2283 aut
315 2227 340 2283 si
367 2226 480 2300 prefati
503 2227 565 2285 duo
589 2228 737 2300 homines,
762 2235 836 2303 puta
866 2229 897 2286 in
921 2228 1082 2286 latrocinio
1114 2230 1239 2300 inventi,
1271 2229 1363 2287 alicui
1392 2230 1508 2287 civium

241 2331 453 2405 predictorum
477 2334 528 2391 vel
552 2336 651 2392 eciam
674 2335 832 2408 hospitum
863 2334 944 2393 dicte
975 2335 1108 2392 civitatis
1140 2351 1337 2408 quocumque
1369 2342 1508 2408 tempore

243 2439 350 2496 minati
374 2438 495 2509 luerint,
521 2446 633 2498 extunc
656 2442 819 2498 memorati
840 2440 902 2498 duo
920 2441 1058 2498 homines
1082 2458 1133 2498 seu
1159 2442 1347 2515 quicumque
1371 2458 1408 2498 ex
1434 2442 1509 2515 ipsis

243 2545 272 2601 in
296 2546 474 2603 huiusmodi
498 2546 652 2605 maleficio
676 2546 865 2622 deprehendi
890 2548 1012 2621 poterit,
1037 2548 1067 2604 in
1092 2547 1228 2606 facinore
1252 2548 1391 2621 predicto
1408 2564 1507 2605 rema-

243 2651 343 2720 nebit;
368 2652 397 2709 in
421 2667 492 2709 casu
517 2668 600 2723 vero,
625 2668 687 2725 quo
711 2653 787 2711 tales
811 2654 881 2726 capi
904 2670 957 2710 seu
981 2653 1170 2727 deprehendi
1192 2669 1252 2712 non
1271 2655 1412 2727 poterint,
1438 2662 1510 2711 tnnc

243 2758 307 2815 sine
341 2774 448 2816 recusa
485 2760 544 2833 ipsi
581 2760 777 2817 vicecomites
811 2775 869 2834 pro
897 2759 1014 2817 eisdem
1053 2760 1170 2817 vellent
1213 2762 1350 2833 plenarie
1385 2775 1510 2834 respon-

243 2862 317 2921 dere
351 2870 380 2921 et
402 2880 544 2923 excessus
575 2881 682 2923 eorum
714 2867 840 2924 omnino
870 2865 1035 2923 sublevare
1066 2872 1096 2923 et
1128 2866 1246 2923 iusticie
1277 2874 1376 2925 astare
1405 2883 1509 2924 coram

244 2971 343 3027 nobis.
387 2971 420 3028 In
451 2987 586 3044 quorum
616 2973 756 3029 omnium
787 2972 1010 3046 premissorum
1045 2972 1256 3029 testimonium
1291 2972 1373 3030 idem
1409 2973 1510 3043 iudex,

244 3075 336 3132 iurati
365 3082 395 3133 et
424 3077 509 3134 cives
540 3076 620 3134 dicte
654 3079 787 3135 civitatis
811 3079 930 3135 litteras
961 3094 979 3135 a
1009 3078 1099 3135 nobis
1123 3079 1183 3135 sihi
1214 3078 1281 3135 dari
1305 3078 1509 3151 postularunt,

244 3197 320 3253 quas
343 3181 461 3239 eisdem
484 3184 690 3241 concessimus
713 3184 870 3241 communi
893 3184 1014 3242 iusticia
1037 3183 1191 3241 svadente.
1220 3184 1335 3240 Datum
1352 3183 1511 3256 Zagrabie,

245 3285 321 3343 feria
345 3289 438 3344 tercia
469 3289 613 3362 proxima
642 3296 712 3346 ante
743 3289 856 3347 festum
887 3289 1071 3346 ascensionis
1102 3289 1228 3346 domini.
1258 3292 1348 3346 Anno
1371 3288 1510 3346 eiusdem

246 3392 414 3450 millesimo
437 3393 515 3460 CCC
538 3396 738 3467 nonagesimo
763 3401 881 3453 octavo.

335 3527 475 3592 Originaie
495 3529 520 3577 in
538 3529 636 3589 charta,
655 3546 670 3579 a
690 3536 766 3596 tergo
786 3530 898 3595 vestigia
918 3531 999 3581 trium
1019 3530 1207 3595 impressorum
1225 3531 1384 3595 sigillorum.
1414 3531 1444 3581 ln
1470 3547 1510 3581 ar-

247 3615 324 3664 chivo
343 3616 391 3669 lib.
411 3631 465 3680 reg.
486 3616 557 3667 civit.
580 3620 684 3682 zagrab.

842 3852 925 3917 412.

353 3988 429 4036 Anuo
452 3987 525 4050 1398,
548 3997 588 4036 21.
609 3989 773 4052 septembris.
792 3989 944 4054 Zagrabiae.

251 4095 438 4153 Eberhardus
460 4099 539 4171 episc.
565 4099 681 4169 rapat.
705 4100 757 4173 qui
776 4101 891 4158 sinistre
913 4103 1089 4177 informatus
1115 4101 1227 4159 cuidam
1245 4102 1368 4159 Mcolao
1383 4102 1513 4159 Praodt‘c

249 4210 305 4259 tres
326 4204 458 4261 sessiones
482 4206 583 4280 Banja
605 4207 665 4262 sela
688 4224 723 4262 ac
751 4207 850 4264 entheos
881 4225 1012 4282 arvaque
1042 4208 1211 4278 abstulisset,
1241 4209 1353 4280 cogm'ta
1385 4209 1513 4276 veritate,

758 4311 844 4370 cidem
873 4315 1004 4372 restituit.

1002 4449 1137 4495 Commissio
1151 4449 1241 4506 propriu
1255 4448 1338 4493 domini
1352 4449 1459 4504 episcopi.

342 4562 403 4620 Nos
425 4563 631 4635 Eberhardus‚
656 4565 706 4623 dei
729 4572 758 4624 et
781 4567 951 4640 apostolice
966 4566 1047 4624 sedis
1069 4567 1181 4640 gracia,
1205 4567 1368 4640 episcopus
1387 4565 1514 4623 ecclesie

252 4668 466 4741 zagrabiensis.
491 4670 637 4728 Memorie
664 4672 924 4744 commendantes,
950 4672 1159 4745 significamus
1193 4679 1298 4731 tenore
1321 4672 1512 4746 presencium

250 4777 364 4848 quibus
387 4777 513 4852 expedit
543 4778 702 4835 universis.
733 4777 825 4852 Quod
854 4779 927 4836 licet
950 4794 1006 4836 nos
1029 4794 1066 4836 ex
1090 4779 1213 4836 sinistra
1236 4776 1445 4851 quorumdam
1470 4778 1513 4835 in·
