3488 5242
655 326 728 382 Doc.
752 321 803 402 46.
831 359 864 366 -
893 323 948 379 Aa.
975 318 1063 400 1264.
1459 341 1498 400 37

233 535 295 578 non
319 520 464 578 facientes
487 522 611 595 plenam
641 527 670 579 et
693 535 871 594 expressam
895 519 934 577 de
957 520 1077 578 indulto
1101 520 1280 581 huiusmodi
1303 521 1501 592 mentionem,

235 641 288 683 seu
312 627 453 698 qualibet
475 629 537 685 alia
560 628 753 700 indulgentia
775 626 856 683 sedis
880 626 1027 696 eiusdem,
1051 625 1089 682 de
1112 641 1174 698 qua
1198 627 1347 700 cuiusque
1371 633 1435 685 toto
1458 634 1501 685 te·

234 747 308 789 nore
331 732 369 790 de
394 735 491 791 verbo
514 734 552 791 ad
577 735 711 791 verbum
735 739 877 805 oporteat
901 733 930 789 in
954 733 1067 789 nostris
1091 732 1202 789 litteris
1218 731 1286 791 fieri
1304 733 1500 803 mentionem,

234 845 264 894 et
287 854 343 911 per
367 855 463 911 quam
487 840 616 897 effectus
647 840 836 897 executionis
866 837 1045 895 huiusmodi
1073 837 1218 910 impediri
1242 839 1344 896 valeat
1367 840 1418 897 vel
1442 839 1501 897 dif-

236 943 303 1014 feri,
326 950 380 1002 aut
403 944 429 1001 si
453 945 552 1002 dictus
576 946 729 1018 presbiter
759 945 836 1002 alias
865 943 1072 1001 beneficiatus
1097 944 1215 1001 existat.
1243 943 1501 1015 ContradictoreS,

236 1052 261 1108 si
285 1051 338 1123 qui
363 1049 476 1107 fuerint
501 1052 551 1108 vel
574 1052 710 1135 rebelles
734 1067 790 1124 per
806 1066 967 1107 censuram
987 1033 1226 1107 ecclesiasticam
1249 1051 1308 1108 sub
1331 1050 1503 1125 apostolica

233 1156 408 1214 obedientia
433 1157 665 1231 compescendo.
690 1158 808 1215 Datum
832 1156 914 1230 apud
940 1155 1057 1214 Urbem
1084 1163 1219 1213 veterem
1243 1155 1337 1214 XVII.
1353 1154 1502 1215 kalendas

235 1261 391 1319 februarii.
417 1262 617 1320 Pontificatus
640 1264 737 1321 nostri
761 1277 841 1320 anno
865 1263 967 1320 tercio.

324 1396 419 1462 Ereg.
441 1397 508 1463 orig.
530 1398 631 1448 Urbani
652 1398 698 1457 IV,
718 1414 757 1448 an.
777 1398 824 1448 111.
848 1414 888 1463 ep.
915 1406 955 1457 37.
983 1428 1013 1436 -
1040 1401 1070 1447 h.
1097 1397 1219 1448 Theiner.
1243 1397 1312 1447 Mon.
1332 1398 1420 1463 Hung.
1441 1397 1500 1448 hist.

236 1492 252 1537 t.
273 1486 291 1535 1.
312 1502 337 1551 p.
358 1485 416 1534 261.

832 1682 897 1747 46.

340 1825 416 1871 Anno
438 1822 512 1882 1264,
536 1823 572 1871 18.
591 1822 713 1888 januarii.
734 1823 813 1887 Apud
834 1822 934 1872 Urbem
953 1826 1075 1871 veterem.

239 1949 374 2008 Urbanus
387 1951 409 2006 I
415 1949 443 2005 V.
461 1950 558 2022 Papa,
573 1950 744 2022 Praeposito
759 1959 787 2006 et
807 1949 940 2027 Optanda
954 1950 1138 2022 zagrabiensi
1150 1950 1238 2006 mitn't
1251 1950 1371 2020 litteras,
1396 1957 1430 2005 ut
1449 1966 1501 2004 neo

585 2063 679 2111 creato
701 2057 826 2129 episcopo
853 2057 884 2112 T
880 2055 999 2112 tinotheo
1014 2062 1152 2127 pareant.

323 2217 467 2275 Urbanus
491 2217 655 2289 episcopus
678 2232 786 2274 servus
809 2232 973 2275 servorum
999 2216 1057 2275 dei.
1088 2217 1218 2276 Dilectis
1241 2217 1315 2278 filiis
1338 2262 1344 2275 .
1368 2262 1374 2274 .
1398 2261 1404 2274 .
1432 2231 1501 2290 pre-

234 2325 335 2397 posito
359 2331 387 2380 et
412 2323 549 2396 capitulo
572 2323 773 2394 zagabriensi,
801 2323 934 2380 salutem
962 2329 992 2380 et
1014 2324 1218 2397 apostolicam
1247 2321 1500 2381 benedictionem.

234 2428 340 2486 Gratie
360 2429 465 2486 divine
489 2430 644 2502 premium
668 2436 697 2485 et
721 2430 902 2501 preconium
923 2431 1056 2487 humane
1079 2428 1180 2486 laudis
1204 2429 1381 2502 acquiritur,
1405 2428 1432 2485 si
1453 2443 1501 2486 re·

233 2535 376 2592 verendis
400 2535 543 2609 patribus
567 2550 584 2590 a
608 2534 729 2592 devotis
752 2535 826 2592 filiis
851 2534 1012 2609 plenitudo
1036 2534 1234 2609 impendatur
1264 2535 1398 2599 honoris.
1422 2531 1500 2591 Sane

233 2641 424 2712 zagabriensi
447 2640 577 2697 ecclesia
601 2641 734 2713 pastoris
759 2640 870 2698 solatio
886 2640 1041 2712 destituta,
1057 2656 1112 2698 nos
1137 2641 1348 2701 venerabilem
1371 2640 1500 2698 fratrem

233 2755 373 2803 nostrum
399 2746 600 2803 Timotheum
635 2747 866 2818 zagabriensem
891 2749 1082 2821 episcopum,
1106 2754 1178 2805 tunc
1194 2746 1445 2804 archidiaconum
1461 2745 1501 2803 de

233 2850 305 2908 Zala
336 2853 366 2908 in
398 2853 528 2909 ecclesia
560 2853 784 2925 vesprimiensi,
816 2853 1041 2912 subdiaconum
1072 2860 1102 2910 et
1130 2853 1327 2926 capellanum
1351 2859 1499 2923 nostrum,

235 2958 341 3030 utique
371 2958 539 3032 providum
571 2967 601 3015 et
632 2960 805 3029 honestum,
837 2976 872 3017 ac
904 2974 1028 3017 morum
1057 2959 1220 3017 nobilitate
1251 2958 1439 3032 preclarum,
1462 2957 1502 3015 de

235 3063 366 3121 fratrum
391 3073 568 3121 nostrorum
592 3066 720 3123 consilio
744 3072 773 3122 et
796 3066 967 3139 apostolice
1000 3063 1192 3138 plenitudine
1217 3064 1377 3137 potestatis
1401 3062 1501 3137 prefe-

235 3171 333 3227 cimus
357 3171 416 3242 ipsi
441 3171 570 3228 ecclesie
590 3172 621 3228 in
644 3172 826 3244 episcopum
850 3178 879 3229 et
905 3181 1070 3245 pastorem.
1094 3172 1132 3228 Et
1157 3171 1228 3228 iicet
1255 3169 1412 3245 predictus
1436 3171 1500 3244 epi·

234 3292 353 3349 scopus,
384 3277 462 3334 sicut
494 3277 678 3350 accepimus,
710 3277 861 3349 quosdam
893 3279 1016 3335 nuntios
1048 3284 1078 3334 et
1109 3283 1326 3351 procuratores
1361 3293 1433 3336 suos
1461 3276 1500 3334 ad

234 3382 362 3439 eandem
387 3383 548 3440 ecclesiam
573 3383 747 3455 destinavit,
772 3384 824 3456 qui
850 3383 1007 3456 usquead
1041 3383 1209 3440 adventum
1238 3383 1336 3456 ipsius
1360 3383 1500 3457 episcopi

234 3488 361 3545 ecclesie
385 3489 522 3561 predicte
553 3505 659 3546 curam
692 3497 833 3561 gererent
864 3489 1054 3561 diligentem,
1078 3496 1181 3546 tamen
1210 3489 1269 3562 ipsi
1292 3503 1353 3545 non
1376 3486 1500 3545 fuerunt

233 3593 369 3652 admissi.
395 3595 475 3667 Quia
499 3610 573 3652 vero
597 3595 680 3652 idem
704 3596 869 3669 episcopus
892 3595 1011 3652 iactura
1034 3602 1137 3652 nostra
1161 3595 1272 3666 existit,
1296 3594 1327 3651 in
1351 3595 1428 3668 ipsu,
1451 3594 1500 3652 cui

235 3702 472 3758 consecrationis
497 3717 608 3757 munus
632 3700 778 3758 duximus
802 3700 1054 3774 impendendum,
1079 3707 1216 3758 nostram
1241 3701 1384 3772 cupimus
1404 3699 1500 3757 hono-

234 3807 296 3863 rari
320 3822 493 3880 personam,
511 3814 540 3863 et
556 3808 585 3863 in
602 3807 763 3864 desideriis
779 3808 891 3864 nostris
915 3807 1034 3878 geritur
1056 3805 1156 3864 iacere
1179 3807 1283 3879 ipsum
1304 3804 1500 3879 episcopatus

234 3913 441 3984 zagabriensis
466 3913 593 3985 pacifica
619 3914 810 3986 possessione
833 3912 976 3984 gaudere.
1008 3911 1160 3984 Quocirca
1191 3912 1425 3969 universitatem
1447 3926 1500 3969 ve

234 4026 328 4075 stram
353 4034 499 4091 rogamus
525 4029 554 4076 et
579 4020 740 4076 hortamur
763 4024 885 4088 attente,
910 4020 940 4075 iu
964 4019 1078 4074 virtute
1101 4016 1275 4075 obedientie
1298 4033 1355 4090 per
1376 4022 1501 4090 aposto·

234 4126 294 4182 lica
318 4126 435 4198 scripta
458 4125 548 4182 vobis
572 4125 709 4182 districte
740 4124 940 4197 precipiendo
973 4123 1162 4194 mandantes,
1187 4130 1337 4196 quatenus
1368 4122 1500 4182 eundem

234 4233 417 4305 episcopum
450 4238 609 4303 tamquam
640 4239 761 4304 patrem
793 4239 822 4287 et
853 4237 1009 4303 pastorem
1040 4231 1214 4287 animarum
1250 4235 1425 4288 vestrarum
1448 4229 1500 4287 de·

235 4345 305 4394 vote
330 4338 539 4410 suscipientes
564 4339 591 4393 ei
614 4336 823 4394 obedientiam
847 4344 877 4394 et
900 4336 1106 4393 reverentiam
1135 4334 1273 4393 debitam
1305 4334 1499 4425 impendatis,

235 4444 331 4516 ipsius
355 4442 508 4499 mandatis
532 4448 561 4498 et
586 4444 710 4499 monitis
734 4443 913 4499 salubribus
936 4442 1096 4499 humiliter
1127 4440 1321 4511 intendenda,
1346 4456 1381 4498 ac
1404 4442 1500 4500 nichi-

236 4549 372 4606 lominus
395 4548 510 4605 dilecto
534 4548 601 4605 filio
625 4547 713 4606 fratri
737 4547 895 4619 Gualter0‚
920 4547 1134 4621 penitentiario
1158 4555 1188 4604 et
1207 4547 1370 4622 capellano
1384 4554 1499 4618 nostro,

240 4654 286 4710 eui
312 4653 395 4710 idem
419 4655 583 4726 episcopus
607 4660 637 4710 et
659 4668 715 4710 nos
738 4655 831 4711 etiam
848 4670 946 4727 usque
962 4652 1001 4711 ad
1017 4654 1114 4727 ipsius
1139 4653 1369 4726 beneplacitum
1392 4668 1498 4711 curam

238 4759 377 4832 predicte
400 4760 526 4818 ecclesie
550 4761 632 4818 circa
663 4761 837 4836 spiritualia
868 4767 899 4818 et
929 4760 1114 4834 temporalia
1139 4758 1285 4817 duximus
1307 4759 1502 4817 committen-
