3488 5242
565 313 638 370 Doc.
662 328 691 370 2.
710 327 742 389 3.
767 327 795 389 4.
821 345 862 354 —
887 313 942 370 An.
967 307 1190 390 1093-1198.

311 579 360 626 An·
383 586 511 638 loos-s.
862 525 897 590 2·

242 689 402 745 Ladt‘slaus
425 706 478 744 rex
502 689 631 744 instituta
653 689 813 761 episcopatu
833 687 1022 760 zagrabr'east',
1045 687 1157 760 confert
1177 685 1302 763 capitula
1324 684 1514 757 zagrabieast'

393 814 492 851 aeream
515 796 639 850 aretinam
663 795 793 851 ecclesiae
815 794 978 851 cathedrali
996 812 1058 850 cum
1082 794 1228 850 adtarcate
1242 794 1366 866 piscina.

330 938 544 1010 Quamobrem
570 933 612 1016 (et
634 930 751 1013 aream)
775 939 908 995 vicinam
940 938 1067 995 ecclesie
1099 953 1135 994 ex
1165 943 1253 1010 parte
1280 936 1510 1010 septemtrionis

242 1060 313 1100 cum
337 1045 455 1117 piscina
480 1046 565 1101 iuxta
588 1044 716 1101 eandem
741 1045 898 1113 existente,
915 1043 1057 1100 dedimus
1073 1043 1286 1099 communitati
1306 1057 1422 1128 eorum,
1441 1056 1511 1098 cum

243 1152 341 1208 eciam
367 1152 453 1224 prius
477 1166 584 1207 eorum
609 1150 701 1208 fuerit
724 1167 742 1207 a
766 1150 949 1207 fundacione
973 1149 1108 1205 ecclesie.

304 1260 419 1334 *Huius
448 1285 597 1333 donationis
625 1292 648 1334 et
669 1284 776 1347 quidem
797 1284 838 1333 his
860 1283 949 1334 uerbis
971 1283 1069 1333 mentio
1098 1282 1127 1331 fit
1154 1283 1179 1331 in
1205 1282 1301 1332 litteris
1327 1281 1453 1347 Stephani
1479 1280 1512 1330 11.

244 1371 360 1436 episcopi
381 1371 560 1435 zagrabiensis
579 1389 617 1421 an.
641 1380 713 1430 1237,
733 1372 794 1422 vide
814 1372 881 1421 inira
900 1387 939 1421 nr.
962 1381 999 1432 14.
1435 1376 1436 1379 ’

350 1638 398 1684 An·
423 1645 550 1696 1093—5.
864 1583 900 1649 ³·

245 1744 404 1801 Ladt'slaus
428 1761 482 1800 rex
504 1745 616 1818 confert
637 1745 762 1817 capitula
788 1742 974 1816 aagrabieasi
997 1745 1027 1800 in
1050 1744 1141 1800 elatem
1165 1744 1265 1800 au'llam
1287 1760 1437 1801 servaram
1463 1743 1515 1815 ,de
1545 1735 1548 1740 ’

630 1850 682 1906 sub
704 1849 843 1907 arantibus
866 1849 1127 1921 aagraliensraast.

337 1991 407 2065 Quo
431 1993 495 2049 iure
519 2000 621 2050 autem
647 1995 696 2050 vel
722 1993 816 2050 modo
839 2010 876 2050 ex
900 1994 1066 2066 premissis,
1091 1994 1280 2073 habitatores
1311 1994 1387 2051 ville
1411 2002 1513 2051 nostre

247 2099 285 2156 de
310 2099 369 2156 sub
391 2100 558 2167 montibus,
582 2115 744 2157 servorum
762 2108 877 2166 vocate,
895 2100 1061 2156 obtinuerit
1082 2098 1227 2156 fundator
1250 2108 1352 2156 nostre
1376 2100 1512 2164 ecclesie.

245 2196 262 2262 a'
289 2220 350 2276 quo
375 2204 412 2261 ad
436 2211 574 2262 nostram
599 2207 854 2263 communitatem
877 2204 1078 2277 postmodum
1102 2203 1291 2260 devenerunt
1315 2203 1354 2260 ab
1378 2205 1512 2276 antiqua,

245 2326 305 2369 non
336 2311 482 2368 recolitur
514 2311 551 2367 ad
576 2311 714 2384 plenum,
746 2312 818 2368 licet
841 2328 879 2368 ex
903 2318 975 2367 tunc
998 2325 1056 2384 pro
1079 2311 1176 2366 servis
1200 2326 1252 2366 eos
1280 2311 1514 2375 obtinuerimus,

245 2417 324 2473 sicut
348 2422 377 2473 et
400 2432 487 2473 nune.
512 2415 652 2488 Quorum
677 2417 887 2473 habitatorum
908 2417 1031 2489 singuli,
1047 2419 1196 2474 sessiones
1213 2433 1268 2491 per
1283 2433 1315 2473 se
1331 2418 1513 2488 obtinentes,

246 2521 362 2579 ibidem
394 2538 491 2594 usque
518 2521 617 2591 hodie,
648 2522 735 2579 anuis
767 2523 896 2595 singulis
923 2523 1003 2580 inter
1034 2531 1134 2580 cetera
1164 2524 1297 2589 servilia,
1329 2538 1388 2581 non
1418 2539 1514 2596 pauca

245 2627 384 2695 servicia,
406 2642 463 2700 pro
486 2635 591 2685 nostro
616 2628 772 2684 communi
804 2628 933 2686 cellario
964 2630 1181 2701 persolverunt
1212 2637 1240 2685 et
1270 2629 1451 2702 persolvunt
1476 2629 1513 2684 de

246 2734 343 2790 vineis
367 2749 444 2806 quas
469 2733 582 2791 colunt.
607 2749 666 2806 que
690 2740 793 2790 nostre
817 2749 882 2790 esse
906 2742 1075 2801 censentur,
1101 2751 1156 2807 per
1180 2736 1310 2791 cubulos
1339 2736 1400 2792 vini
1426 2737 1513 2807 quin-

247 2839 402 2911 quaginta,
426 2840 484 2895 nisi
508 2832 643 2910 aliquem
667 2856 704 2896 ex
729 2840 803 2913 ipsis
820 2839 857 2896 de
874 2827 1105 2898 trac'soluctone
1121 2842 1207 2897 totali
1232 2839 1392 2897 manifesta
1406 2842 1513 2924 ‘inopia

247 2953 428 3002 excusasset.
453 2946 486 3002 ln
510 2946 631 3016 signum
656 2953 758 3002 autern
791 2947 937 3018 aliquale,
971 2961 1059 3003 more
1089 2945 1318 3003 consuetudinis
1348 2947 1514 3019 provincie.

246 3051 403 3107 servitutis
427 3051 575 3124 ipsorum,
600 3050 702 3108 nullas
726 3050 861 3108 decimas
885 3052 1109 3125 persolverunt.

326 3186 346 3233 E
360 3186 431 3234 libro
445 3187 608 3236 Siatutorum
623 3186 732 3250 capituli
749 3187 874 3235 ecclesiae
887 3187 1071 3252 zagrabiensis,
1085 3187 1175 3236 codice
1187 3187 1353 3236 membraneo
1364 3201 1428 3234 saec.
1441 3186 1514 3235 xlv.

249 3273 334 3329 ,liber
356 3275 520 3323 acclavatus“
536 3274 615 3330 dicto,
629 3282 704 3338 parte
719 3274 737 3323 1.
755 3291 809 3339 cap.
823 3275 926 3324 XXIV.
943 3277 991 3333 „de
1004 3275 1125 3325 serviciis
1138 3283 1163 3325 et
1177 3275 1357 3323 solutionibus
1371 3290 1514 3329 serrorum,

248 3375 278 3408 ac
302 3375 353 3422 que
380 3360 498 3425 capitulo
523 3361 702 3425 obligantur-⁴.
731 3391 760 3399 —
785 3364 851 3428 Joan
871 3362 993 3412 Tkaleie:
1015 3364 1082 3412 hlon.
1103 3363 1162 3412 hist.
1188 3363 1265 3427 episc.
1286 3364 1389 3427 zagrabi
1412 3364 1461 3412 rol.
1483 3362 1514 3411 11.

248 3464 272 3512 p.
293 3449 403 3504 25—26.

353 3643 401 3689 An.
425 3641 498 3702 1198,
521 3650 559 3689 ll.
579 3641 649 3691 maii.
864 3614 903 3677 4·

249 3749 383 3805 Andreas
406 3750 586 3818 Dalmatiae,
616 3751 751 3809 Craattae
772 3762 800 3810 ct
822 3755 961 3812 Halatr'ae
984 3757 1056 3823 dux,
1077 3757 1180 3815 tribuit
1192 3759 1321 3814 eeclesiae
1337 3759 1521 3828 zagrahieast

249 3856 366 3928 eJ'usque
389 3857 516 3933 qaiscapa
538 3859 592 3925 ius,
615 3860 727 3932 siquis
748 3861 876 3934 aliquem
898 3881 935 3918 ex
957 3863 1087 3919 ecclcsiae
1117 3863 1235 3920 subditis
1267 3865 1298 3919 ia
1328 3882 1445 3920 causam
1469 3882 1517 3920 aa·

250 3977 317 4015 care
339 3961 418 4028 velit,
442 3963 478 4017 lis
494 3970 527 4019 ut
540 3961 579 4021 ab
593 3965 719 4036 ept'scaaa
735 3967 783 4021 ael
794 3968 856 4040 ejus
871 3970 1042 4025 auctaretate
1063 3970 1212 4026 constituta
1227 3970 1336 4044 Jirdt'ce,
1353 3970 1515 4027 (territantur.

339 4106 478 4165 Andreas
502 4109 550 4166 dei
574 4111 677 4180 gracia
702 4111 867 4182 Dalmacie,
899 4115 1035 4184 Croacie‚
1068 4116 1245 4186 llulmeque
1272 4115 1344 4178 dux.
1369 4111 1516 4172 secundi¹

253 4209 324 4267 Bele
347 4214 429 4284 regis
452 4214 544 4282 filius,
569 4216 739 4272 venerabili
767 4218 797 4274 in
821 4217 944 4275 Christo
974 4221 1054 4292 patri
1089 4220 1257 4289 Dominico,
1282 4220 1388 4277 eadem
1414 4223 1517 4292 gracia

252 4318 399 4391 episcopo
422 4320 621 4391 zagrabiensi‚
646 4316 802 4398 (salutem)
833 4324 861 4379 in
896 4333 1089 4397 perpetuum.
1120 4325 1218 4406 Justis
1243 4326 1414 4396 petencium
1440 4326 1518 4383 desi·

254 4421 347 4479 deriis
370 4439 426 4480 nos
450 4424 540 4482 facile
564 4426 694 4498 prebere
718 4426 805 4484 decet
826 4444 993 4494 assensum,
1018 4438 1047 4485 et
1072 4446 1114 4488 ea.
1132 4447 1191 4502 que
1208 4447 1225 4486 a
1242 4432 1372 4487 racionis
1396 4433 1519 4489 tramite

253 4541 314 4583 non
338 4530 521 4598 exorbitant,
545 4531 654 4589 effectu
681 4541 884 4606 prosequente
908 4538 1073 4609 complere.
1097 4536 1192 4618 Justis
1215 4537 1310 4607 igitur
1334 4539 1518 4609 postulacio-

254 4633 345 4690 nibus
369 4636 428 4692 tuis
451 4644 540 4709 grato
563 4647 778 4696 concurrentes
801 4655 934 4710 assensu,
958 4642 1036 4698 hanc
1058 4642 1177 4714 populo
1201 4649 1254 4697 tuo
1277 4651 1305 4698 et
1328 4643 1456 4700 ecclesie
1471 4658 1518 4699 za·

345 4766 434 4821 ¹rect.
454 4772 538 4821 tercii.
