3488 5242
670 362 743 418 Dec.
766 373 817 437 44.
845 393 882 402 —
909 355 1081 437 An.1264.
1466 374 1504 435 35

236 561 373 633 aliquem
399 559 585 633 attemptari.
610 562 723 617 Actum
746 560 778 616 in
808 559 943 632 hospitio
971 565 1077 617 nostro
1109 559 1193 634 apud
1216 558 1337 618 Urbem
1360 563 1508 649 veterem,

237 667 432 740 presentibus
458 666 691 723 venerabilibus
714 665 856 740 patribus
880 664 929 722 dei
959 667 1058 738 gratia
1079 668 1114 724 A.
1138 665 1308 739 urgellensi
1336 670 1366 722 et
1396 664 1500 723 Timo·

236 772 308 829 theo
331 771 530 845 zagrabiensi,
562 772 725 846 episcopis,
756 770 851 828 fratre
881 770 1083 843 Bentevegna,
1118 771 1212 830 fratre
1244 770 1352 830 Gratia
1388 770 1426 829 de
1458 786 1508 828 or·

236 876 307 936 dine
331 878 496 947 minorum,
522 885 552 935 et
575 878 725 949 magistro
755 876 893 933 Roberto
920 883 1044 934 cantore
1067 877 1106 935 de
1130 878 1255 950 Posega,
1280 877 1398 935 domini
1421 893 1503 952 pape

236 983 434 1053 subdiacono,
458 984 627 1057 capellanis
651 984 772 1050 nostris,
796 983 986 1041 Thomasino
1013 984 1142 1055 notario,
1165 984 1315 1067 Jacobino
1338 983 1451 1041 clerico
1475 988 1504 1041 et

237 1089 379 1147 Guidone
404 1089 487 1147 Bono
511 1088 719 1148 familiaribus
747 1089 869 1160 nostrie,
901 1097 931 1148 et
961 1090 1106 1163 pluribus
1137 1091 1267 1148 testibus
1291 1090 1330 1148 ad
1353 1091 1412 1148 hoc
1435 1105 1504 1163 spe·

237 1196 357 1254 cialiter
378 1197 494 1253 vocatis
518 1203 548 1253 et
579 1196 702 1268 rogatis.
735 1197 824 1252 Anno
855 1193 973 1252 domini
997 1194 1200 1254 MCCLXllII.
1226 1194 1427 1254 Pontificatus
1450 1196 1504 1253 do

237 1302 313 1359 mini
336 1302 456 1360 Urbani
478 1317 560 1376 pape
583 1302 646 1373 llll,
669 1316 748 1359 anno
772 1301 871 1371 tertio,
895 1300 1060 1358 indictione
1084 1302 1147 1359 Vll.
1163 1301 1214 1360 die
1229 1303 1332 1375 primo
1353 1302 1499 1386 Januarii.

236 1406 269 1464 ln
294 1409 379 1465 cuius
402 1408 447 1466 rei
470 1408 682 1465 testimonium
697 1423 824 1481 presens
839 1406 1003 1480 publicum
1019 1407 1257 1465 instrumentum
1276 1407 1344 1465 fieri
1368 1407 1498 1467 fecimus

237 1521 266 1570 et
289 1514 385 1585 sigilli
408 1513 505 1571 nostri
528 1513 697 1571 munimine
712 1513 863 1570 roborari.

325 1648 346 1696 E
367 1663 421 1712 reg.
442 1647 509 1713 orig.
530 1647 632 1699 Urbani
656 1647 702 1697 IV.
728 1662 767 1696 an.
793 1646 840 1705 111,
866 1663 905 1712 ep.
932 1648 972 1706 36.
997 1650 1028 1697 A.
1054 1647 1177 1698 Theiner.
1201 1648 1270 1699 Mon.
1291 1650 1379 1715 Hung.
1399 1649 1458 1700 hist.
1480 1650 1493 1701 Ι

236 1750 295 1801 pag.
316 1736 373 1785 261.

343 2093 419 2140 Anno
442 2091 516 2150 1264,
539 2091 576 2140 16.
594 2090 716 2155 januarii.
735 2092 816 2155 Apud
834 2090 937 2141 Urbem
956 2097 1078 2140 veterem.

243 2216 346 2274 Creato
368 2218 504 2273 canonz'co
526 2217 711 2289 zagrubiensi
728 2216 853 2274 Eventio
881 2219 1065 2275 canonicatus
1091 2225 1177 2292 atque
1191 2218 1360 2292 praebenda
1387 2221 1424 2278 ab
1453 2222 1508 2280 Ur·

630 2324 705 2381 bano
727 2323 783 2380 IV.
808 2323 895 2397 Papa
919 2325 1113 2398 confirmatur.

327 2467 472 2526 Urbanus
495 2468 659 2542 episcopus
677 2483 785 2525 servus
801 2483 963 2526 servorum
980 2467 1037 2526 dei.
1054 2469 1176 2527 Dilecto
1192 2468 1259 2527 filio
1274 2469 1403 2529 Eventio
1419 2486 1505 2544 pres·

238 2574 345 2645 bitem,
381 2574 528 2631 canonico
565 2573 765 2646 zagrabiensi,
795 2574 928 2631 salutem
958 2578 989 2631 et
1019 2574 1224 2648 apostolicam
1252 2574 1507 2634 benedictionem.

237 2678 305 2751 Que
328 2679 367 2737 de
390 2679 473 2737 sedis
500 2679 668 2753 apostolice
699 2679 880 2738 auctoritate
909 2679 1090 2754 procedunt,
1121 2695 1175 2737 sue
1206 2679 1320 2738 debent
1350 2679 1508 2741 firmitatis

236 2787 349 2843 robore
373 2785 495 2855 muniri,
518 2792 552 2842 ut
575 2790 605 2842 et
628 2783 740 2842 futuris
764 2786 959 2858 temporibus
982 2785 1107 2843 valeant
1129 2786 1253 2844 illibata
1279 2787 1454 2860 consistere,
1478 2796 1508 2847 et

237 2898 342 2966 optata
364 2891 403 2949 de
427 2891 491 2949 illis
515 2891 612 2964 possit
635 2891 753 2948 utilitas
784 2892 958 2964 provenire.
990 2889 1070 2950 Sane
1104 2897 1156 2949 tua
1179 2892 1269 2949 nobis
1293 2893 1432 2950 exhibita
1454 2910 1507 2968 pe·

236 2998 303 3055 titio
326 2998 510 3068 continebat,
534 2995 618 3069 quod
642 3012 712 3053 cum
736 3011 792 3053 uos
817 2998 990 3056 venerabili
1011 2996 1100 3055 fratri
1123 3003 1228 3055 nostro
1253 2990 1436 3077 S(tephano)
1453 2999 1508 3058 Pe·

237 3104 372 3162 nestrino
395 3104 542 3177 episcopo
566 3101 743 3160 conserendi
774 3118 832 3176 per
862 3119 902 3173 se,
929 3103 981 3161 vel
1012 3118 1070 3177 per
1101 3103 1198 3160 alium
1226 3104 1367 3176 personis
1389 3103 1507 3163 idoneis

238 3209 387 3267 beneficia
410 3208 623 3276 ecclesiastica,
648 3213 830 3280 personatus
854 3213 883 3265 et
906 3207 1071 3281 dignitates
1094 3223 1166 3265 cunr
1188 3223 1263 3265 cura
1287 3214 1318 3265 et
1339 3209 1404 3267 sine
1423 3225 1505 3282 cura,

238 3333 299 3388 que
322 3316 510 3374 veneralibis
541 3314 636 3372 irater
668 3322 771 3372 noster
801 3314 982 3371 Timotheus
1010 3315 1219 3387 zagrabiensis
1246 3315 1408 3388 episcopus
1431 3331 1504 3390 pro·

238 3423 382 3480 motionis
406 3437 459 3479 sue
483 3429 624 3494 tempore
647 3421 678 3477 in
701 3435 797 3492 regno
821 3420 956 3492 Ungarie
973 3421 1141 3493 obtinebat,
1158 3436 1193 3478 ac
1209 3419 1341 3479 faciendi
1356 3436 1506 3495 personas

237 3528 320 3602 ipsas
343 3527 382 3585 ad
405 3527 555 3584 beneficia
578 3525 765 3595 huiusmodi,
798 3527 824 3583 si
853 3526 882 3583 in
915 3526 1051 3584 ecclesiis
1085 3527 1247 3598 collegatis
1276 3527 1450 3600 existerent,
1473 3529 1505 3586 in

238 3635 399 3692 canonicos
423 3634 519 3707 recipi
551 3640 581 3690 et
612 3633 643 3691 in
675 3630 794 3704 iratres,
826 3647 881 3688 nec
911 3647 972 3689 non
996 3631 1236 3690 contradictores
1265 3647 1323 3706 per
1345 3647 1507 3691 censuram

238 3739 476 3797 ecclesiasticam
499 3738 709 3812 appellatione
733 3737 905 3810 postposita
928 3736 1153 3811 compescendi,
1177 3737 1312 3794 liberam
1340 3739 1506 3796 concessis·

237 3862 340 3904 semus
363 3862 419 3919 per
441 3854 561 3903 nostras
584 3845 702 3911 litteras
726 3844 912 3915 facultatem,
941 3842 1070 3900 demum
1100 3842 1184 3901 idem
1208 3843 1373 3917 episcopus
1397 3843 1508 3902 Prene·

237 3951 334 4009 stinus
356 3952 413 4009 tibi
437 3951 599 4025 capellano
622 3966 678 4008 suo
707 3950 890 4008 auctoritate
922 3950 1097 4007 litterarum
1128 3950 1269 4022 ipsarum
1293 3949 1506 4007 canonicatum

237 4062 267 4114 et
290 4057 490 4131 prebendam,
515 4072 593 4129 quos
616 4056 716 4113 dictus
738 4057 903 4129 episcopus
926 4055 1134 4128 zagrabiensis
1151 4062 1296 4128 tempore
1312 4070 1366 4112 sue
1381 4070 1507 4128 promo-

238 4163 327 4221 tionis
351 4164 382 4221 in
405 4163 595 4237 zagrabiensi
620 4163 747 4219 ecclesia
771 4163 955 4232 obtinuerat,
978 4177 1035 4236 per
1066 4160 1246 4218 huiusmodi
1276 4162 1506 4235 promotionem

238 4269 374 4327 iamdicti
398 4270 536 4343 episcopi
559 4268 766 4340 zagrabiensis
792 4275 945 4339 vacantes,
969 4282 1042 4324 cum
1066 4267 1221 4336 domibus,
1245 4267 1333 4324 curia
1356 4273 1386 4324 et
1408 4269 1506 4326 omni·

236 4377 296 4433 bus
320 4376 439 4433 iuribus
464 4382 493 4433 et
521 4375 714 4448 pertinentiis
745 4376 808 4432 suis
838 4375 976 4446 contulit,
1007 4381 1037 4431 et
1068 4373 1106 4431 de
1140 4374 1216 4447 ipsis
1244 4372 1392 4447 providit,
1415 4380 1507 4448 teque

237 4482 464 4555 presentialiter
487 4481 645 4538 investivit
666 4496 837 4553 persuum
860 4481 1011 4538 annulum
1037 4480 1075 4539 de
1098 4479 1231 4550 eisdem;
1255 4479 1421 4538 decernens
1436 4481 1506 4539 irri-

237 4595 304 4646 tum
327 4594 356 4645 et
378 4589 475 4658 inane,
500 4587 525 4644 si
549 4602 636 4643 secus
658 4585 697 4643 de
730 4587 909 4644 canonicatu
941 4591 971 4643 et
1001 4584 1161 4660 prebenda
1192 4584 1371 4643 huiusmodi
1395 4586 1506 4660 quavis

236 4693 416 4751 auctoritate
438 4694 627 4765 contingeret
651 4708 709 4766 per
740 4692 877 4765 aliquem
910 4692 1097 4766 attemptari,
1127 4698 1221 4765 prout
1252 4691 1283 4748 in
1306 4691 1435 4765 publico
1457 4693 1504 4751 irt-

237 4804 408 4857 strumento
431 4798 571 4856 coniecto
594 4797 713 4870 exinde,
737 4813 773 4856 ac
796 4797 901 4871 sigillo
924 4798 1022 4871 ipsius
1037 4797 1175 4871 episcopi
1199 4796 1370 4854 Penestrini
1384 4797 1505 4870 signato

1383 4911 1398 4941 ί
