3488 5242
635 341 710 398 Doc-
728 351 802 417 353·
820 352 894 452 354·
922 374 959 383 -
983 341 1039 398 An·
1064 353 1150 417 1391·
1441 358 1517 452 {²3

256 444 308 451 ι...-
331 446 522 452 -.——..----
538 446 820 452 ——--.——--—
841 447 873 451 —
896 446 985 452 -..-
1008 447 1209 453 -..—.-.-.-.

845 532 930 598 353.

360 676 435 723 Anno
459 683 531 735 1391.
553 672 623 721 eirca
644 681 682 722 11.
703 671 862 722 novembris.

254 803 385 859 Iniuriae
409 820 427 856 a
451 801 591 857 Ludt'sluo
621 800 746 874 officiali
770 801 892 873 capituli
918 800 1035 871 zagrab.
1066 800 1095 855 in
1111 799 1288 872 possessione
1313 800 1417 854 civium
1447 796 1519 855 Gre-

487 906 638 975 cltenst'um,
664 905 820 980 Kraljeocc
843 913 954 974 uocatu,
977 907 1086 974 illotae,
1108 906 1284 978 reseruntur.

340 1053 418 1108 Item
442 1052 472 1108 in
496 1065 575 1107 anno
599 1049 717 1106 domini
742 1050 910 1106 millesimo
934 1047 1155 1105 CCCLXXXX
1180 1048 1291 1121 primu,
1309 1049 1389 1106 circa
1407 1048 1518 1105 testum

256 1159 337 1214 beati
362 1157 485 1214 Martini
501 1156 637 1228 episcopi
654 1161 684 1211 et
700 1153 890 1216 contessoris.
909 1155 1070 1212 Ladislaus
1087 1153 1231 1211 officialis
1247 1127 1374 1228 capituli
1391 1155 1519 1211 ecclesie

253 1263 460 1335 zagrabiensis
491 1278 528 1318 ex
561 1262 644 1317 iussu
676 1267 705 1317 et
738 1259 883 1317 mandato
907 1260 979 1318 dicti
1004 1261 1134 1332 capituli
1157 1260 1196 1318 ad
1221 1260 1375 1332 quandam
1401 1276 1519 1333 posses·

255 1370 372 1426 sionem
404 1369 519 1425 civium
549 1368 629 1424 dicte
660 1367 792 1424 civitatis
816 1367 976 1423 Kralewcz
1000 1373 1151 1437 vocatam,
1175 1367 1318 1423 manibus
1341 1367 1469 1422 armatis
1492 1372 1521 1422 et

256 1475 450 1549 potenciariis
483 1474 636 1543 irruendo,
669 1473 796 1530 eandem
831 1474 952 1546 penitus
987 1472 1139 1529 devastari
1175 1473 1340 1544 omniaque
1376 1474 1457 1529 bona
1492 1478 1522 1528 et

254 1581 410 1654 quaslibet
434 1597 482 1641 res
506 1580 704 1650 iobagionum
728 1579 909 1636 eorumdem
934 1579 1048 1636 civium
1074 1578 1208 1636 indicta
1233 1579 1424 1652 possessione
1441 1578 1519 1633 Kra-

253 1689 346 1743 lewcz
371 1693 479 1742 vocata
503 1685 767 1741 commorancium
792 1685 896 1758 recipi,
920 1683 1033 1740 abduci
1057 1690 1086 1740 et
1111 1684 1272 1757 asportari,
1299 1699 1415 1741 necnon
1443 1683 1521 1740 duos

255 1793 432 1864 iobagiones
457 1792 595 1864 ipsorum
620 1790 696 1847 diris
721 1792 885 1846 vulnerum
909 1790 1011 1863 plagis
1035 1789 1117 1846 attici
1142 1797 1170 1846 et
1193 1790 1350 1847 vulnerari
1368 1789 1522 1858 iecissent,

252 1898 377 1955 eosdem
408 1897 576 1953 semivivos
599 1895 817 1968 relinquendo;
841 1895 879 1952 de
903 1895 1025 1952 duobus
1049 1904 1150 1953 autem
1176 1896 1393 1968 iobagionibus
1416 1911 1514 1967 neque

253 2013 385 2060 mortem
406 2019 506 2074 neque
534 2004 630 2058 vitam
661 2010 691 2058 et
714 2018 775 2074 quo
799 2001 992 2058 devenissent
1015 2002 1093 2058 scire
1110 2003 1288 2074 potuissent.
1304 2004 1337 2058 ln
1354 2017 1416 2074 quo
1434 2001 1514 2058 tacto

252 2110 327 2181 ipsis
351 2110 472 2166 civibus
496 2109 679 2180 quingentos
702 2107 834 2164 florenos
856 2123 1020 2164 aureorum
1045 2108 1181 2180 dampna
1200 2109 1383 2178 intulissent,
1400 2108 1429 2164 in
1447 2123 1517 2180 pre-

252 2214 400 2271 iudicium
424 2215 562 2287 ipsorum
588 2213 680 2270 valde
703 2228 858 2285 magnum.
887 2215 953 2270 Lite
977 2222 1078 2270 tamen
1102 2213 1254 2286 pendente
1278 2214 1356 2271 inter
1379 2215 1470 2287 ipsos.

344 2351 382 2398 Ex
404 2357 464 2398 netu
483 2348 681 2398 transactionali
696 2347 818 2413 superius
830 2354 968 2407 annotato;
982 2348 1008 2398 in
1022 2348 1091 2398 arch.
1106 2363 1161 2412 cap.
1176 2349 1280 2413 zagrab.
1295 2347 1354 2398 fase.
1372 2359 1409 2398 10.
1424 2365 1462 2398 nr.
1480 2359 1517 2410 14.

841 2614 930 2680 354.

342 2775 418 2822 Anno
441 2782 515 2835 1391,
535 2783 575 2821 20.
596 2772 754 2822 novembris.
774 2772 871 2822 Budae.

256 2903 363 2958 Murio
393 2902 495 2973 regino
526 2902 712 2974 Hunguriue‚
740 2902 859 2958 Detrico
888 2902 986 2959 Bubck
1015 2902 1098 2972 buno,
1126 2921 1161 2959 ne
1183 2904 1256 2959 crues
1290 2902 1462 2960 Grcchcnscs
1485 2902 1528 2958 ad

358 3007 492 3062 iudicium
516 3007 628 3076 boreale,
651 3007 703 3063 scd
722 3007 766 3062 ad
784 3009 966 3065 tctoarm'cum
993 3011 1102 3081 regium
1126 3017 1247 3077 uocaret,
1263 3009 1415 3082 praecipit.

799 3160 891 3203 itelauio
906 3161 989 3203 domini
1003 3160 1113 3205 lobannis
1127 3161 1288 3215 archiepiscopi
1302 3161 1465 3214 strigoniensis.

344 3279 439 3334 Maria
464 3278 512 3334 dei
536 3279 640 3349 gracia
663 3279 769 3349 regina
792 3279 958 3350 Hungarie,
992 3279 1160 3348 Dalmacie,
1189 3277 1318 3335 Croacie
1341 3288 1396 3335 etc.
1421 3277 1520 3335 Fideli

254 3400 310 3440 suo
336 3384 500 3456 magnifico
525 3385 592 3440 viro
616 3383 743 3441 domino
767 3385 892 3441 Detrico
911 3384 1026 3455 Bubelr,
1042 3385 1129 3457 regni
1144 3385 1241 3441 nostri
1259 3382 1422 3441 Sclauonie
1441 3385 1521 3441 bano

255 3490 305 3546 vel
328 3491 477 3546 vicebano
502 3489 648 3558 eiusdem,
673 3489 805 3546 salutem
829 3497 858 3545 et
881 3491 1026 3561 graciam.
1051 3490 1095 3546 Ex
1112 3491 1279 3563 querulosa
1295 3488 1523 3561 significacione

255 3597 396 3653 fidelium
430 3597 545 3653 civium
569 3605 599 3652 et
623 3597 781 3669 hospitum
806 3604 982 3654 nostrorum
1021 3597 1153 3653 civitatis
1177 3604 1279 3653 nostre
1307 3596 1523 3668 zagrabiensis,

256 3704 345 3760 nobis
378 3703 465 3772 faeta,
498 3704 716 3773 intelleximus,
749 3703 907 3775 quomodo
940 3718 996 3759 vos
1029 3712 1135 3760 contra
1166 3717 1273 3759 eorum
1305 3702 1463 3759 libertates
1494 3710 1523 3760 et

255 3809 489 3866 consvetudines
520 3825 614 3882 super
646 3809 772 3878 iniuriis,
804 3808 949 3882 dampnis
979 3817 1009 3864 et
1041 3808 1242 3878 nocumentis,
1274 3823 1334 3880 que
1357 3822 1414 3880 per
1437 3809 1522 3866 varie

255 3916 442 3973 condicionis
466 3916 606 3972 homines
629 3915 672 3972 eis
696 3916 897 3987 inpinguntur
920 3917 1003 3989 ipsos
1027 3924 1130 3972 vestro
1152 3921 1252 3972 astare
1268 3914 1383 3972 iudicio
1398 3920 1428 3971 et
1444 3914 1521 3972 iudi-

255 4023 336 4079 catui
360 4022 590 4094 compelleretis
613 4027 643 4077 et
666 4021 884 4093 astringeretis,
898 4037 969 4078 cum
983 4029 1086 4078 tamen
1099 4022 1184 4094 ipsos
1196 4022 1227 4079 in
1239 4021 1417 4078 huiusmodi
1433 4036 1525 4078 causa

256 4143 315 4185 non
341 4143 405 4196 vos,
429 4127 482 4184 sed
508 4129 655 4198 magister
687 4128 916 4184 tavarnicorum
939 4128 1092 4199 regalium
1117 4127 1230 4184 habeat
1253 4126 1398 4184 iudicare.
1421 4126 1525 4200 Quare

258 4244 358 4291 vestre
390 4233 533 4290 fidelitati
564 4232 696 4289 firmiter
727 4232 888 4303 edicimus,
919 4239 1069 4304 quatenus
1097 4232 1209 4289 amodo
1233 4239 1263 4289 et
1287 4232 1431 4306 deinceps
1455 4247 1524 4305 pre-

255 4342 334 4397 fatos
370 4341 453 4396 cives
477 4346 506 4394 et
528 4338 666 4410 hospites
698 4345 819 4395 nostros
850 4339 949 4395 causis
982 4339 1012 4395 in
1037 4339 1204 4411 premissis,
1228 4344 1333 4395 vestro
1357 4338 1470 4395 iudicio
1494 4345 1524 4394 et

254 4446 404 4503 iudicatui
428 4454 527 4501 astare
559 4445 750 4517 compellere
773 4459 833 4501 non
858 4445 1111 4517 presumpmatis,
1135 4443 1189 4500 sed
1212 4445 1297 4517 ipsos
1316 4444 1432 4501 tociens
1449 4458 1525 4515 quo·

256 4552 338 4608 ciens
361 4566 482 4608 necesse
508 4549 599 4606 tuerit
622 4564 715 4607 causa
737 4550 769 4607 in
792 4548 970 4607 huiusmodi
994 4547 1107 4606 iudicio
1128 4557 1158 4606 et
1182 4548 1329 4606 iudicatui
1346 4549 1443 4621 ipsius
1459 4563 1524 4605 ma·

256 4658 344 4728 gistri
378 4657 608 4714 tavamicorum
639 4655 793 4728 regalium
817 4655 1025 4712 transmittere
1046 4652 1192 4725 debeatis,
1217 4661 1247 4711 et
1268 4653 1354 4711 aliud
1378 4667 1438 4711 non
1463 4652 1524 4710 sae·

257 4764 326 4821 turi.
359 4763 396 4821 Et
426 4765 485 4821 hoc
516 4762 600 4820 idem
631 4761 820 4834 iniungimus
851 4752 988 4839 (futuris)
1020 4759 1094 4817 dicti
1124 4760 1211 4832 regni
1241 4759 1338 4817 nostri
1361 4756 1523 4817 Sclauonie
