3488 5242
541 319 614 376 Dec.
638 331 709 392 229.
733 330 803 394 230.
830 350 866 358 -
891 317 1182 394 An.1354-1355.
1434 333 1493 386 207

230 518 422 592 plenitudine
452 517 571 576 ducalis
600 518 761 592 potestatis
789 521 940 591 perpetuo
971 515 1123 574 valituras
1145 514 1369 573 confirmamus
1393 521 1494 573 totum

231 629 369 681 tenorem
392 624 572 682 earumdem
596 623 770 681 litterarum
794 622 912 680 domini
935 620 1083 695 Stephani
1099 622 1180 694 regis
1196 620 1236 678 ad
1252 622 1408 679 cautelam
1421 622 1496 679 ube·

230 729 345 787 riorem
369 728 407 786 de
429 730 528 787 verbo
552 725 747 786 adverbum
770 728 996 802 transumptive
1020 727 1215 801 presentibus
1238 727 1332 785 inseri
1347 727 1497 787 iaciendo.

230 834 265 892 In
288 836 374 892 cuius
397 836 442 893 rei
462 835 673 892 testimonium
708 842 953 908 perpetuamque
983 833 1162 891 firmitatem
1193 840 1351 908 presentes
1374 849 1496 891 conces-

231 941 328 997 simus
350 941 469 999 litteras
492 946 612 998 nostras
636 940 849 1014 privilegiales
874 939 1035 1013 pendentis
1059 946 1090 997 et
1112 940 1258 998 autentici
1280 940 1377 1013 sigilli
1399 942 1497 998 nostri

232 1047 402 1104 munimine
424 1048 593 1105 roboratas.
624 1046 741 1104 Datum
765 1062 821 1119 per
845 1061 954 1103 manus
978 1046 1119 1117 magistri
1143 1045 1279 1119 Georgii,
1302 1046 1373 1103 aule
1393 1054 1497 1104 nostre

232 1152 458 1225 prothonotarii
482 1159 511 1210 et
537 1152 658 1210 comitis
681 1152 720 1210 de
744 1151 853 1223 Orbaz,
884 1151 990 1209 dilecti
1021 1161 1051 1209 et
1078 1151 1182 1209 fidelis
1204 1152 1309 1209 nostri.
1333 1152 1424 1221 Loco,
1448 1152 1498 1210 die

232 1262 263 1314 et
282 1272 362 1315 anno
384 1258 585 1332 supradictis;
609 1257 683 1316 dicti
706 1262 811 1315 autem
834 1257 932 1314 nostri
954 1257 1083 1315 ducatus
1105 1271 1186 1314 anno
1209 1258 1321 1331 primo.

323 1391 463 1457 Originale
482 1392 509 1443 in
527 1392 685 1449 membrana,
705 1392 805 1442 sericea
824 1392 920 1443 viridis
938 1408 1002 1443 zona
1021 1393 1154 1458 appendet
1172 1392 1272 1455 absque
1291 1391 1389 1455 sigillo.
1409 1390 1439 1441 In
1456 1405 1496 1440 ar-

233 1479 301 1529 chiv.
322 1496 377 1530 ven.
398 1481 475 1546 capit.
495 1481 599 1547 zagrab.
620 1481 680 1530 fasc.
704 1491 741 1540 13.
761 1497 799 1532 nr.
819 1481 860 1543 od.
880 1480 1000 1531 Farlatti.
1021 1480 1090 1533 Illir.
1109 1495 1173 1530 sacr.
1194 1481 1226 1530 V.
1247 1496 1271 1545 p.
1291 1488 1350 1539 435.

823 1730 911 1798 229.

321 1799 398 1848 Anno
420 1808 494 1859 1354,
514 1809 554 1848 20.
575 1799 672 1849 martii.

322 1910 468 1968 Nicolaus
495 1913 587 1969 totius
610 1911 775 1970 Slavoniae
798 1919 828 1969 et
852 1913 993 1970 Croatiae
1021 1914 1119 1970 banus
1147 1915 1360 1971 transsummit
1382 1913 1499 1971 civitati

235 2015 353 2073 litteras
376 2017 533 2075 laurentii
557 2019 727 2076 thavarnici
751 2025 857 2077 eontra
881 2020 1054 2092 capitulum
1078 2021 1156 2077 latas
1179 2035 1259 2077 anno
1287 2019 1376 2094 1346.

324 2134 392 2184 Vide
413 2134 481 2185 inira
500 2151 595 2186 annum
617 2137 691 2194 1361.
710 2138 733 2187 8.
754 2137 852 2187 martii.

823 2386 914 2452 230.

341 2508 416 2556 Anno
439 2517 512 2566 1355,
536 2518 555 2556 l.
575 2508 672 2558 martii.
693 2509 789 2559 Budae.

260 2634 457 2708 Maggaretlza
480 2638 601 2708 (lrccissa,
624 2658 659 2696 ne
682 2640 777 2714 aliqui
796 2639 952 2696 leorrricrilac
970 2647 1071 2696 contra
1094 2641 1267 2697 voluntatem
1282 2641 1490 2698 cotrarieunitatis

500 2744 679 2815 Grccltensis,
701 2747 731 2802 in
754 2745 871 2803 eandem
894 2745 1104 2818 ingrediantur,
1126 2747 1251 2803 assentit.

325 2886 388 2944 Nos
411 2889 606 2960 Margaretha
628 2889 678 2946 dei
701 2891 806 2961 gracia
828 2906 994 2962 regnorum
1022 2889 1194 2959 Sclauonie‚
1221 2890 1349 2949 Croacie
1372 2895 1403 2947 et
1425 2890 1500 2947 Dal-

238 2993 334 3049 macie
358 2993 487 3051 ducissa.
512 2997 660 3052 Memorie
676 2996 940 3069 commendamus,
957 2997 1041 3071 qnod
1057 3013 1113 3054 nos
1129 2998 1250 3054 civibus
1273 3003 1303 3054 et
1325 2997 1501 3070 hospitibus

237 3098 275 3154 de
298 3100 422 3156 civitate
445 3102 590 3158 Grecensi
607 3118 664 3175 per
685 3110 841 3174 presentes
865 3104 1029 3160 annuimus
1053 3108 1082 3160 et
1106 3103 1321 3173 concessimus
1345 3109 1379 3160 nt
1402 3103 1502 3159 homi·

237 3220 310 3261 num
335 3205 544 3263 interfectores
575 3224 628 3264 seu
652 3208 792 3276 omicide,
817 3209 902 3266 iuxta
926 3210 1079 3266 libertatis
1102 3210 1242 3283 ipsorum
1270 3209 1500 3281 prerogativam

237 3317 323 3367 extra
348 3313 508 3385 propriam
529 3314 685 3370 civitatem
703 3321 733 3370 et
748 3316 1003 3372 communitatem
1019 3314 1201 3372 eorumdem
1217 3315 1375 3387 hospitum
1392 3307 1502 3390 (omni-

237 3411 289 3490 no)
313 3420 420 3475 exules
443 3421 504 3476 sint
526 3427 555 3476 et
578 3422 704 3489 exclusi,
727 3437 800 3492 ymo
816 3422 937 3494 penitus
954 3420 1123 3477 secundum
1147 3420 1336 3491 exigenciam
1361 3420 1502 3492 ipsorum

237 3524 417 3580 libertatum
443 3526 710 3597 privilegiatarnm
735 3526 773 3583 de
797 3527 900 3584 medio
931 3528 1071 3600 ipsorum
1099 3526 1272 3582 evellentur
1295 3526 1346 3593 ita,
1369 3533 1404 3581 ut
1427 3541 1502 3582 nun·

238 3646 332 3701 quam
357 3631 456 3704 ipsam
479 3633 636 3690 civitatem
660 3638 689 3689 et
713 3634 743 3690 in
771 3648 879 3690 eorum
910 3633 1102 3689 consorcium
1133 3632 1291 3704 aliquibus
1321 3631 1449 3688 cautelis
1473 3639 1502 3686 et

238 3737 449 3794 occasionibus
474 3738 592 3809 ingredi
615 3740 738 3795 valeant
761 3746 853 3811 atque
877 3738 1003 3810 possint,
1027 3743 1080 3793 aut
1103 3736 1256 3807 condigno
1279 3736 1435 3809 supplicio
1450 3752 1502 3792 ex·

238 3858 380 3900 cessuum
404 3860 531 3901 suorum
556 3844 706 3902 feriantur
736 3852 766 3902 et
797 3846 980 3919 puniantur;
1005 3844 1077 3916 quia
1107 3843 1151 3899 nil
1175 3843 1262 3900 iustis
1287 3843 1406 3899 iusticia
1431 3857 1502 3916 pro·

239 3948 347 4017 desset,
372 3951 397 4006 si
423 3951 513 4007 malis
537 3952 659 4008 malicia
684 3967 792 4008 eorum
824 3967 883 4008 non
916 3952 1045 4008 obesset.
1076 3948 1109 4007 Si
1138 3964 1213 4006 vero
1238 3950 1381 4006 voluntas
1404 3949 1501 4021 ipsius

239 4057 468 4112 communitatis
492 4063 521 4112 et
544 4072 709 4113 consensus
733 4057 832 4125 fuerit,
857 4050 915 4135 (ut)
938 4057 1017 4113 tales
1047 4055 1197 4112 omicidas
1222 4056 1251 4111 in
1275 4055 1404 4112 eandem
1428 4055 1503 4111 civi-

239 4166 332 4216 tatem
357 4167 386 4217 et
410 4163 439 4218 in
464 4163 657 4219 consorcium
682 4177 789 4219 eorum
813 4170 1028 4236 assumpmant
1051 4168 1080 4219 et
1104 4163 1263 4235 recipiant,
1287 4169 1399 4219 extunc
1422 4160 1453 4217 id
1470 4167 1500 4217 et

239 4282 295 4323 nos
319 4267 464 4323 volumus
488 4276 516 4324 et
541 4269 716 4324 testimonio
739 4270 932 4342 presencium
952 4269 1144 4338 assentimus
1168 4275 1347 4325 nontamen
1371 4260 1502 4344 (aliquo)

240 4372 334 4429 modo
358 4381 463 4429 contra
487 4375 626 4447 ipsorum
649 4374 852 4442 voluntatem,
881 4380 914 4432 ut
946 4381 991 4432 est
1015 4375 1211 4448 premissum,
1236 4373 1355 4445 ingredi
1380 4374 1502 4430 valeant

240 4485 332 4549 atque
356 4481 481 4552 possint.
505 4481 620 4536 Datum
645 4479 738 4550 Rode,
766 4481 796 4537 in
829 4481 963 4538 secunda
995 4480 1150 4537 dominica
1173 4479 1418 4551 quadragesime,
1442 4495 1503 4551 qua

240 4591 380 4640 cantatur
403 4585 620 4642 Reminiscere.
644 4586 735 4642 Anno
759 4586 878 4643 domini
901 4585 1011 4644 MCCC
1034 4586 1292 4658 quinquagesimo
1316 4586 1431 4657 quinto.

330 4701 469 4766 Originale
489 4703 515 4752 in
534 4704 692 4753 membrana.
711 4707 735 4754 A
755 4711 831 4770 tergo
850 4705 877 4754 in
896 4704 982 4769 ligula
1000 4702 1167 4752 membraneo
1187 4700 1308 4767 fragmen
1329 4701 1450 4767 impressi
1469 4702 1502 4752 si-

240 4789 298 4854 gili.
318 4788 349 4838 In
367 4790 466 4841 archiv.
487 4794 503 4841 l.
523 4809 544 4842 r.
564 4791 613 4841 civ.
633 4793 737 4858 zagrab.
