3488 5242
655 307 728 364 Dee.
754 321 801 384 ιι.
829 340 865 348 -
890 308 946 364 Au.
972 318 1057 384 1237.

240 411 686 419 ———.——.——.

341 557 389 604 An
409 563 438 602 12
442 563 481 612 37
501 554 654 620 Zagrabiae.
839 521 899 586 14·

234 697 397 772 Stephanus
420 700 462 757 ll.
487 701 631 774 episeopus
654 702 780 758 restituit
800 702 925 774 capetulo
947 701 1063 773 ragrab.
1084 700 1236 774 praedium
1264 701 1411 775 Toplieha.
1436 700 1499 758 Pru

241 805 340 877 Vugro
363 814 392 862 et
414 805 478 862 ch
465 825 516 861 ruo
533 807 687 880 praedium
704 807 853 879 Podgoria
868 815 896 863 et
911 806 984 863 dieas
1004 807 1116 863 insulas
1132 806 1174 863 ad
1188 804 1298 864 Sauum
1318 808 1390 879 sitas
1406 806 1499 883 efflet,

230 918 285 983 pru
300 912 449 985 fructibus
471 914 575 970 iniuste
594 912 719 986 acceptis
735 926 804 988 300
827 912 941 969 cubulos
966 914 1034 980 ιιίιι,
1057 920 1185 986 quatuor
1205 920 1312 970 aratra
1334 912 1501 987 Zugrabiee

232 1033 294 1072 eum
329 1026 456 1090 quatuor
485 1018 679 1081 mansionibus
708 1037 857 1076 seruorum
891 1011 1026 1074 coneedit]
1058 1016 1191 1091 Spatium
1219 1021 1284 1076 item
1315 1036 1414 1076 uersus
1439 1026 1499 1093 sep-

232 1124 437 1180 temtrionalem
453 1133 569 1197 perteue
591 1127 652 1182 eccl.
677 1125 853 1184 cathedralis
875 1144 937 1183 eum
953 1127 1078 1199 piscina,
1102 1126 1181 1200 quod
1199 1144 1219 1182 a
1234 1126 1369 1202 fiendata
1385 1127 1499 1186 ecclesia

232 1232 354 1303 capituli
367 1232 473 1304 fluuit,
497 1250 531 1287 ee
553 1232 662 1288 demum
685 1233 730 1288 ius
752 1232 879 1290 testandi
898 1241 927 1290 et
947 1233 1078 1289 iutestate
1099 1232 1288 1290 decedentium
1310 1232 1499 1290 substantium

588 1339 742 1410 tractandi,
767 1338 979 1411 capitularibus
995 1339 1145 1411 permittit.

338 1514 510 1589 Stephanus
541 1516 590 1574 dei
621 1511 725 1590 gracia
755 1518 918 1591 episcopus
948 1518 1162 1590 zagrahiensis.
1192 1516 1355 1577 Unive'rsis
1382 1506 1500 1574 litteras

233 1630 389 1695 presentes
413 1622 596 1695 inspecturis
619 1624 751 1680 salutem
777 1624 806 1680 in
830 1623 964 1681 domino.
989 1622 1094 1696 Quum
1117 1623 1278 1681 restituere
1299 1616 1448 1696 usurpata
1464 1606 1500 1680 ac

232 1727 316 1784 nolle
340 1728 556 1800 concupiscere
580 1717 711 1786 aliena
705 1730 779 1786 ruris
804 1714 970 1803 persuadet
994 1730 1114 1801 equitas
1137 1735 1166 1786 et
1188 1710 1265 1786 ordo
1281 1729 1436 1802 approbat
1451 1715 1500 1785 r'a·

234 1833 337 1889 cionis.
362 1833 424 1889 Nos
441 1812 720 1905 conquestionibus,
737 1840 790 1908 pet
779 1836 943 1893 ticionibus
959 1844 989 1894 et
1006 1836 1151 1918 precibus
1167 1843 1343 1893 nostrorum
1349 1825 1499 1922 fratrum

234 1939 478 2011 zagrabiensium
503 1940 607 2013 sepius
630 1940 819 2034 commoniti,
836 1949 865 1998 et
882 1941 919 1998 ad
939 1941 1086 2011 ultimum
1102 1941 1249 2012 inclinati,
1272 1915 1500 1999 considerantes

233 2043 433 2116 diligencius
441 2052 469 2102 et
494 2045 699 2132 intelligentes
714 2020 845 2149 plenius
869 2034 1034 2120 quedam
1028 2063 1094 2105 rura
1111 2048 1251 2122 ipsorum
1269 2061 1325 2121 per
1341 2023 1500 2120 precedes·

232 2165 316 2206 sores
339 2158 368 2207 et
393 2149 543 2208 officiales
567 2139 687 2238 nostros
707 2133 827 2241 iniuste
858 2153 980 2210 detenta
1012 2169 1085 2224 esse,
1114 2154 1193 2212 sicut
1223 2152 1314 2211 nobis
1340 2152 1432 2242 huius
1455 2152 1500 2210 rei

233 2256 366 2313 constitit
390 2256 573 2344 certitudo
567 2244 709 2352 ipsorum
730 2259 825 2357 'ratiis
848 2264 877 2316 et
901 2259 1014 2317 validis
1032 2259 1280 2333 probacionibus,
1300 2265 1366 2316 tum
1384 2274 1421 2315 ex
1437 2257 1500 2349 pri·

233 2361 354 2433 vilegiis
378 2352 496 2448 regum,
523 2342 591 2420 tum
612 2350 650 2420 eii
657 2347 959 2423 confirmacromhus
977 2364 1156 2462 pontificum
1175 2368 1374 2422 romanorum
1398 2364 1499 2420 abeis

232 2469 324 2524 nobis
347 2469 492 2525 exhibitis
516 2476 545 2525 et
563 2440 717 2539 osiensis'
726 2471 922 2572 restituimus
946 2467 993 2528 eis
1013 2486 1067 2527 sua
1091 2471 1166 2562 iura,
1190 2485 1261 2559 cum
1286 2469 1346 2526 iam
1364 2468 1459 2526 illa
1436 2485 1500 2526 srne

232 2574 374 2670 periculo
397 2575 498 2631 anime
523 2563 626 2632 nostre
614 2546 871 2649 possidere
840 2577 969 2643 ulterius
1000 2574 1059 2634 non
1093 2555 1262 2650 possemus,
1287 2554 1382 2633 nichil
1407 2555 1500 2649 depe·

232 2680 292 2736 rire
317 2680 502 2747 utilitatibus
533 2681 718 2765 arbitrantes
748 2655 972 2751 ecclesiasticis
996 2683 1089 2739 iuxta
1120 2683 1281 2739 canonicas
1305 2681 1496 2771 sancciones:

233 2786 256 2842 si
280 2802 339 2857 que
363 2795 433 2842 sunt
457 2787 564 2870 aliena
589 2757 816 2872 ιειιιιιιειιιιιιξΙ
839 2789 974 2846 maxime
1007 2803 1076 2844 cum
1101 2787 1214 2845 omnia
1229 2787 1284 2844 illa
1307 2787 1372 2844 sine
1395 2786 1500 2859 aliqua

232 2892 378 2948 lesione
372 2893 446 2949 ιιιιι5
471 2866 520 2949 iel
544 2893 702 2965 dignitatis
734 2879 920 2985 episcopalis
947 2894 1066 2952 restitui
1082 2884 1279 2966 potuerunt,
1299 2893 1397 2982 immo
1428 2892 1500 2964 quia

232 2997 300 3054 de
294 3014 359 3055 rure
388 2998 569 3056 debuerunt
599 2999 764 3071 Inprimis
776 3001 879 3072 itaque
913 3000 1104 3057 restituimus
1135 2990 1182 3055 ei'5
1203 3005 1315 3055 terram
1341 2997 1407 3055 sive
1430 3012 1500 3070 pre-

232 3103 317 3161 dium
342 3104 491 3185 Toplicha
516 3105 715 3177 integraliter.
737 3105 819 3178 quod
851 3105 894 3162 eis
926 3105 1075 3162 collatum
1107 3097 1211 3161 suerat
1237 3103 1436 3175 abantiquo,
1460 3098 1497 3160 ad

233 3195 287 3293 nos
311 3206 413 3267 autem
438 3211 558 3267 noviter
583 3226 673 3284 pro(
664 3186 801 3283 (lundam
826 3227 923 3284 pario
951 3206 1139 3267 concambio
1167 3208 1390 3280 devolutum,
1383 3226 1414 3265 in
1438 3186 1500 3281 quo

233 3283 314 3371 ultra
339 3315 501 3372 dimidiam
534 3316 604 3372 ιιι5ιι
636 3315 731 3388 precii
762 3333 794 3373 se
828 3316 973 3391 deceptos
1000 3323 1170 3374 asserentes
1200 3322 1230 3391 et
1238 3316 1377 3404 pariter
1400 3321 1500 3372 osten·

232 3421 345 3482 dentes
371 3421 452 3478 idem
485 3423 701 3487 concambium
733 3423 860 3479 nobis
854 3441 884 3481 m
917 3424 1083 3481 continenti
1114 3392 1277 3480 restiiuere'
1305 3428 1499 3479 curaverunt

233 3526 291 3583 Pro
317 3527 399 3598 l'gra
424 3537 525 3584 autem
551 3535 580 3584 et
611 3527 723 3595 Zelina,
757 3530 828 3600 quia
857 3537 887 3586 et
919 3530 978 3586 ista
1008 3529 1070 3586 duo
1103 3527 1210 3602 predia
1240 3527 1284 3584 eis
1312 3525 1500 3585 restituenda

233 3644 326 3695 erant.
352 3634 428 3691 sicut
452 3651 489 3691 ex
516 3632 687 3707 privilegiis
712 3651 820 3707 regum
839 3641 869 3692 et
886 3635 1177 3693 confirmacionibus
1200 3648 1401 3692 romanorum
1424 3647 1500 3705 pon-

233 3739 349 3796 tificum
377 3740 494 3797 Vrhani
518 3747 546 3797 et
572 3740 722 3812 Gregorii.
747 3741 1007 3799 demonstrarunt.
1030 3713 1120 3798 nobis
1148 3749 1252 3799 aulem
1284 3739 1375 3797 valde
1399 3754 1500 3796 neces-

231 3846 310 3901 saria
341 3852 435 3914 erant,
470 3845 613 3903 dedimus
644 3848 687 3903 eis
718 3848 944 3914 concambium,
977 3846 1121 3903 videlicet
1154 3845 1305 3918 predium,
1338 3843 1421 3916 quod
1447 3859 1500 3900 vo·

232 3959 317 4007 catur
342 3951 493 4023 Podgoria
517 3968 586 4008 cum
612 3953 757 4010 omnihus
781 3954 844 4011 suis
860 3953 996 4020 decimis
1015 3960 1043 4009 et
1061 3952 1137 4008 duas
1159 3952 1256 4008 eciam
1281 3951 1397 4008 insulas
1415 3950 1498 4007 iuxta

232 4055 354 4112 Salvam
380 4058 462 4126 sitas,
487 4073 563 4130 quas
587 4058 666 4115 Buza
691 4066 720 4116 et
744 4060 894 4116 hibertus
910 4075 947 4115 ex
966 4067 1051 4132 parte
1069 4065 1171 4115 nostra
1189 4056 1396 4132 possidebant.
1414 4055 1499 4125 item,

233 4157 330 4234 ιιιιιιιιι
354 4172 526 4220 antecessor
548 4172 658 4233 noster,
684 4167 763 4221 bone
793 4166 949 4232 memorie,
981 4164 1155 4238 Stephanus
1183 4163 1299 4220 eisdem
1329 4161 1500 4219 donaverat

232 4269 379 4327 ducentos
404 4286 514 4343 porcos
538 4279 567 4327 et
592 4271 720 4328 totidem
745 4273 876 4329 cubulos
901 4272 964 4329 vini
987 4270 1026 4328 ad
1051 4284 1248 4328 communem
1273 4283 1413 4325 mensam
1438 4266 1498 4324 fra-

233 4384 313 4431 trum
349 4377 435 4432 annis
466 4378 595 4448 singulis
627 4387 840 4450 proventuros.
872 4378 1074 4436 donacionem
1106 4376 1194 4434 illam
1226 4376 1371 4433 volumus
1395 4375 1500 4462 obser·

232 4497 313 4541 vare.
346 4490 374 4537 et
406 4483 532 4554 insuper
562 4483 743 4540 eorumdem
775 4484 1001 4557 compacientes
1033 4482 1208 4557 paupertati
1240 4481 1409 4538 adiecimus
1442 4488 1500 4536 ter·

231 4595 334 4643 centos
365 4588 496 4644 cubulos
528 4589 604 4657 vini,
637 4597 669 4645 ut
708 4589 852 4663 deinceps
893 4591 1078 4662 quingentos
1110 4588 1242 4646 cubulos
1272 4587 1336 4643 vini
1367 4585 1501 4642 habeant

231 4694 315 4750 omni
339 4709 425 4750 annu.
450 4694 555 4765 Quum
586 4711 661 4752 sero
691 4696 783 4753 alieni
814 4696 888 4753 iuris
919 4695 1037 4753 fructus
1069 4695 1243 4769 percepisse
1270 4698 1300 4750 et
1334 4690 1499 4748 detinuisse

231 4799 341 4856 iniuste
365 4815 421 4873 per
444 4799 594 4857 officiales
610 4809 731 4858 nostros
748 4810 908 4876 peccatum
925 4799 1158 4873 quodammodo
1180 4799 1352 4867 videbatur,
1376 4797 1497 4854 racione
