3488 5242
250 325 311 402 164
665 326 739 383 Doc.
765 323 834 402 185.
862 361 898 370 -
924 328 980 386 Aa
1005 343 1093 407 1543.

248 537 319 579 eum
342 522 402 595 ipsi
425 523 578 582 colocensi
600 525 727 583 ecclesie
751 525 781 583 in
803 526 1072 601 archiepiscopum
1095 536 1125 587 et
1149 537 1313 603 pastorem.
1338 531 1401 590 Nos
1417 540 1514 591 atten-

248 626 362 698 dentes,
393 629 477 701 quod
506 631 612 688 nullus
643 638 746 705 preter
776 647 832 690 nos
861 633 919 690 hac
950 634 1017 691 vice
1049 634 1086 692 de
1118 636 1215 710 ipsius
1246 638 1374 696 ecclesie
1410 655 1516 712 zagra-

247 733 363 791 biensis
393 736 570 807 provisione
601 753 634 794 se
664 738 870 795 intromittere
897 740 1011 812 poterit
1034 756 1091 814 pro
1114 757 1159 812 eb,
1183 742 1267 815 quod
1290 759 1346 800 nos
1370 744 1423 802 diu
1446 753 1516 804 ante

247 841 440 898 vacationem
466 842 642 899 huiusmodi
667 843 765 916 ipsius
788 844 916 902 ecclesie
938 847 1145 917 zagabriensis
1162 849 1356 922 provisiones
1371 852 1513 909 omnium

248 946 447 1004 ecclesiarum
471 947 697 1006 cathedralium
720 955 792 1007 tunc
815 951 991 1008 vacantium
1014 957 1044 1008 et
1060 959 1278 1010 vacaturarum
1303 955 1334 1011 in
1355 961 1444 1013 antea
1462 972 1519 1029 per

248 1053 462 1110 translationes
486 1070 543 1126 per
565 1069 621 1111 nos
638 1060 710 1112 tunc
727 1054 823 1112 factas
843 1062 873 1113 et
889 1056 919 1112 in
935 1062 1024 1113 antea
1040 1056 1195 1116 faciendas
1212 1058 1250 1115 de
1266 1061 1395 1133 prelatis
1412 1077 1518 1119 earum

248 1159 381 1216 ubilibet
417 1161 598 1231 constitutis,
634 1160 672 1218 ad
703 1162 781 1220 alias
814 1161 1006 1220 cathedrales
1037 1163 1181 1222 ecclesias
1212 1172 1284 1222 tunc
1316 1175 1459 1225 vacantes
1489 1175 1519 1225 et

249 1266 452 1338 imposterum
478 1273 639 1324 vacaturas
662 1267 848 1325 ordinationi
872 1273 903 1325 et
925 1266 1121 1340 dispositioni
1145 1276 1248 1328 nostre
1272 1273 1450 1344 specialiter
1472 1290 1519 1331 re·

248 1378 414 1458 servantes,
438 1371 632 1430 decrevimus
655 1389 693 1431 ex
718 1381 790 1431 tunc
809 1374 933 1432 irritum
957 1379 988 1431 et
1010 1375 1108 1446 inane,
1139 1377 1164 1433 si
1189 1393 1277 1434 secus
1300 1394 1394 1453 super
1417 1379 1477 1437 hiis
1500 1396 1517 1437 a

249 1493 407 1551 quoquam
432 1478 541 1551 quavis
565 1480 747 1536 auctoritate
770 1480 901 1537 scienter
924 1480 976 1536 vel
999 1481 1176 1552 ignoranter
1199 1484 1368 1556 contigeret
1384 1490 1516 1559 attemp-

249 1585 322 1642 tari:
346 1601 381 1641 ac
401 1583 440 1641 ad
465 1584 675 1658 provisionem
699 1585 796 1658 ipsius
820 1586 948 1643 ecclesie
965 1587 1172 1658 zagabriensis
1188 1590 1322 1646 celerem
1338 1599 1368 1647 et
1384 1590 1515 1660 felicem,

238 1673 286 1747 'ne
309 1691 431 1763 prolixe
462 1692 631 1749 vacationis
661 1689 845 1748 detrimenta
868 1693 1002 1762 sentiret,
1033 1694 1170 1766 paternis
1193 1699 1224 1751 et
1246 1696 1387 1752 sollicitis
1407 1696 1515 1754 studiis

249 1796 448 1869 intendentes,
481 1803 551 1870 post
583 1796 848 1867 deliberationem,
873 1812 968 1869 quarn
991 1797 1031 1855 ad
1054 1799 1280 1871 preficiendum
1303 1802 1361 1874 ipsi
1386 1802 1514 1859 ecclesie

249 1918 412 1976 personam
449 1903 558 1960 utilem
590 1919 625 1959 ac
656 1903 750 1960 etiam
781 1901 980 1972 fructuosam,
1013 1920 1073 1976 que
1101 1905 1199 1974 sciret,
1233 1906 1327 1962 vellet
1360 1912 1389 1963 et
1413 1914 1518 1980 posset

249 2024 319 2066 eam
342 2025 524 2082 preservare
548 2024 565 2066 a
587 2009 689 2066 noxiis
712 2014 742 2065 et
764 2007 913 2079 adversis,
937 2025 973 2066 ac
996 2011 1026 2067 in
1050 2011 1113 2067 suis
1138 2016 1335 2069 manutenere
1351 2013 1471 2070 iuribus
1487 2020 1517 2069 et

248 2116 341 2172 etiam
373 2114 536 2187 adaugere,
563 2131 634 2172 cum
666 2113 815 2171 fratribus
838 2117 951 2172 nostris
974 2117 1140 2174 habuimus
1164 2116 1363 2189 diligentem,
1386 2118 1514 2176 demum

250 2220 289 2278 ad
313 2229 342 2278 te
366 2229 437 2279 tunc
467 2221 678 2279 cenadiensem
717 2222 907 2295 episcopum,
938 2221 1139 2280 consideratis
1169 2223 1335 2295 grandium
1365 2225 1516 2281 virtutum

250 2328 376 2397 meritis,
408 2328 522 2401 quibus
553 2342 719 2401 personam
750 2331 835 2383 tuam
866 2326 1036 2384 altissimus
1067 2328 1234 2400 insignivit,
1266 2335 1295 2385 et
1324 2328 1407 2402 quod
1431 2346 1518 2387 cena-

249 2421 347 2491 diensi
363 2434 490 2490 ecclesie
505 2434 651 2491 hactenus
667 2431 868 2490 laudabiliter
883 2431 1048 2504 prefecisti,
1068 2434 1277 2491 convertimus
1294 2436 1400 2491 oculos
1415 2443 1518 2492 nostre

249 2540 369 2597 mentis.
392 2539 586 2597 Intendentes
608 2540 704 2611 igitur
727 2545 791 2596 tam
816 2538 896 2595 dicte
927 2539 1119 2610 zagabriensi
1143 2538 1279 2608 ecclesie,
1312 2556 1406 2612 quam
1428 2542 1516 2613 gregi

249 2646 405 2704 dominico
435 2645 573 2702 eiusdem
604 2645 770 2702 salubriter
800 2649 829 2700 et
860 2643 978 2702 utiliter
1001 2644 1175 2718 providere,
1201 2652 1230 2701 te
1253 2660 1271 2701 a
1294 2645 1428 2715 vinculo,
1454 2661 1516 2717 quo

249 2753 309 2826 ipsi
339 2751 512 2810 cenadiensi
542 2751 670 2808 ecclesie
700 2751 749 2807 cui
773 2758 845 2807 tunc
868 2765 1001 2822 preeras,
1032 2751 1193 2821 tenebaris,
1218 2749 1256 2807 de
1279 2750 1432 2809 dictorum
1458 2751 1518 2808 fra·

249 2864 333 2916 trum
368 2858 497 2916 consilio
530 2863 560 2914 et
591 2857 760 2931 apostolice
791 2856 952 2929 potestatis
981 2856 1173 2929 plenitudine
1197 2857 1401 2926 absolventes,
1427 2863 1455 2913 te
1478 2856 1518 2914 ad

250 2964 404 3039 prefatam
435 2964 596 3022 ecclesiam
629 2962 860 3036 zagrabiensem
892 2960 1115 3033 transferimus
1139 2968 1230 3034 teque
1253 2963 1313 3035 ipsi
1336 2961 1517 3035 preficimus

249 3072 279 3129 in
304 3072 485 3145 episcopum
509 3075 538 3127 et
561 3074 728 3142 pastorem,
761 3083 868 3126 curam
892 3073 921 3124 et
945 3066 1243 3125 administrationem
1268 3067 1406 3124 eiusdem
1430 3082 1518 3139 zaga—

251 3177 381 3234 briensis
404 3176 532 3233 ecclesie
563 3175 621 3232 tibi
645 3181 707 3231 tam
733 3175 764 3231 in
788 3173 1004 3247 spiritualibus
1028 3188 1122 3245 quam
1147 3174 1176 3229 in
1202 3174 1428 3245 temporalibus
1452 3173 1517 3246 ple-

249 3285 335 3340 narie
357 3281 586 3351 committend0‚
623 3280 817 3353 liberamque
841 3280 897 3337 tibi
924 3279 1026 3337 dando
1050 3279 1205 3336 licentiam
1229 3278 1267 3335 ad
1292 3279 1445 3351 prefatam
1469 3295 1516 3336 za-

250 3389 445 3461 gabriensem
469 3387 631 3444 ecclesiam
656 3385 841 3456 transeundi,
866 3385 957 3442 firma
980 3401 1034 3458 spe
1050 3384 1225 3456 fiduciaque
1242 3386 1404 3457 conceptis,
1422 3384 1516 3457 quod,

250 3493 401 3566 dirigente
425 3492 553 3550 domino
577 3499 662 3548 actus
687 3499 763 3561 tuos,
792 3490 912 3564 prefata
935 3491 1142 3563 zagabriensis
1166 3491 1293 3548 ecclesia
1317 3507 1373 3563 per
1397 3498 1448 3547 tue
1474 3492 1517 3548 in-

250 3600 367 3658 dustrie
402 3616 437 3656 ac
474 3599 757 3671 circumspectionis
793 3596 985 3654 fructuosum
1017 3595 1154 3652 studium
1187 3603 1309 3666 regetur
1335 3596 1454 3653 utiliter
1489 3605 1518 3652 et

250 3722 399 3782 prospere
427 3706 587 3777 dirigetur,
622 3710 770 3776 grataque
803 3706 834 3761 in
866 3703 981 3761 eisdem
1013 3702 1228 3775 spiritualibus
1258 3708 1287 3758 et
1312 3702 1517 3774 temporibus,

250 3819 374 3870 auctore
408 3811 543 3873 domino.
578 3812 723 3884 suscipiet
756 3813 951 3867 incrementa.
987 3808 1139 3880 Quocirca
1171 3807 1353 3865 fraternitati
1389 3817 1438 3864 tue
1462 3823 1518 3880 per

250 3919 421 3992 apostolica
456 3919 571 3989 scripta
606 3915 800 3985 mandamus
839 3923 989 3988 quatenus
1023 3913 1060 3970 ad
1097 3913 1249 3987 prefatam
1286 3913 1517 3984 zagabriensem

251 4025 412 4082 ecclesiam
436 4040 507 4081 cum
531 4023 630 4095 gratia
653 4029 758 4079 nostre
782 4021 1001 4079 benedictionis
1024 4019 1180 4089 accedens
1204 4034 1311 4075 euram
1335 4025 1363 4074 et
1387 4017 1517 4075 admini-

251 4132 429 4188 strationem
462 4129 616 4203 predictas
646 4131 689 4186 sic
720 4144 808 4200 geras
832 4128 972 4195 sollicite,
1008 4125 1143 4183 fideliter
1167 4132 1196 4181 et
1221 4124 1397 4198 prudenter,
1433 4124 1517 4197 quod

251 4238 318 4310 ipsa
354 4236 561 4307 zagabriensis
594 4235 724 4291 ecclesia
747 4248 862 4306 sponso
886 4233 1012 4306 perutili
1036 4238 1066 4288 et
1090 4231 1248 4288 fructuoso
1272 4230 1515 4287 administratori

251 4341 383 4415 gaudeat
406 4356 438 4397 se
469 4342 676 4409 commissam,
710 4356 745 4397 ac
769 4340 849 4396 bone
878 4338 959 4395 fame
984 4345 1034 4394 tue
1057 4337 1135 4394 odor
1158 4354 1196 4394 ex
1220 4336 1432 4393 laudabilibus
1457 4337 1516 4393 tuis

251 4448 372 4505 actibus
395 4447 487 4504 latius
510 4445 711 4517 diffundatur,
742 4453 837 4518 tuque
860 4451 965 4517 preter
999 4443 1210 4500 retributionis
1233 4440 1337 4499 eterne
1362 4443 1516 4513 premium

252 4553 307 4610 tibi
332 4568 349 4609 a
370 4551 496 4609 domino
528 4558 763 4624 proventurum,
793 4556 934 4607 nostrum
967 4557 997 4606 et
1020 4548 1101 4606 dicte
1135 4548 1218 4606 sedis
1242 4546 1462 4604 benedictionis
1486 4557 1516 4604 et

250 4659 348 4732 gratie
381 4657 529 4715 merearis
562 4658 741 4714 continuum
776 4657 935 4729 percipere
959 4655 1190 4712 incrementum.
1214 4653 1328 4710 Datum
1355 4654 1515 4722 Avinione,

251 4765 329 4824 VIII.
352 4763 412 4822 kal.
436 4764 553 4838 aprilis.
578 4765 667 4821 Anno
690 4763 802 4837 primo.
