3488 5242
618 316 690 372 Doc.
715 311 783 392 163.
811 349 847 357 -
871 315 926 373 An.
950 329 1037 392 1333.
1404 333 1462 396 143

198 515 313 588 grabie,
347 513 378 571 in
409 513 561 570 dominica
594 513 737 586 proxima
767 507 850 589 (post
881 511 992 570 festum
1019 513 1101 570 beati
1135 511 1275 569 Bamabe
1309 503 1465 588 apostoli.)

198 622 288 677 Anno
311 619 428 676 domini
451 619 619 676 millesimo
643 617 810 675 CCCXXX
832 618 934 676 tercio

288 735 427 801 Originale
447 735 473 785 in
493 737 651 792 membrana,
671 735 747 785 valde
766 736 889 790 lacerum,
910 734 1030 799 sigillum
1044 749 1059 782 a
1072 740 1148 798 tergo
1161 735 1241 783 anulo
1254 749 1416 799 oppressum.
1436 734 1466 784 In

197 825 306 875 archivo
326 825 371 874 lib.
391 840 446 889 reg.
467 824 537 874 civit.
559 825 663 889 zagrab.
684 823 803 873 Lacunas
822 822 900 872 huius
917 821 1100 887 supplevimus
1118 837 1151 871 ex
1165 821 1225 871 aliis
1238 822 1336 872 litteris
1349 822 1465 872 eiusdem

197 914 275 978 regis,
295 929 327 962 ex
348 914 439 961 eodem
459 912 575 968 archivo,
595 927 646 975 que
665 913 698 961 de
717 913 799 962 verbo
817 912 850 961 ad
866 912 976 960 verbum
989 910 1030 959 his
1044 911 1212 968 concordant,
1233 926 1315 972 usque
1334 911 1367 959 ad
1388 926 1464 962 voces

199 1001 361 1066 „recipiendi
387 1000 500 1049 habeant
525 999 701 1058 facultatem“,
725 999 786 1049 dein
810 999 995 1064 subiungitur:
1017 1005 1113 1063 ,prout
1133 998 1182 1047 hoc
1201 997 1271 1046 idem
1286 998 1463 1049 mediantibus

198 1090 284 1139 literis
309 1089 406 1138 nostris
431 1088 523 1152 sigillo
548 1095 639 1139 nostro
670 1089 764 1138 anuleo
790 1087 958 1152 consignatis,
982 1085 1080 1135 eisdem
1108 1085 1233 1134 duximus
1262 1087 1465 1136 concedendum.

197 1178 295 1227 Datum
313 1177 451 1241 Zagrabie,
472 1177 537 1226 feria
556 1177 648 1240 quinta
668 1176 790 1242 proxima
810 1182 870 1241 post
894 1174 989 1225 festum
1014 1173 1085 1223 beati
1108 1173 1228 1222 Barnabe
1247 1173 1369 1238 apostoli.
1389 1176 1465 1224 Anno

198 1265 297 1316 domini
318 1265 501 1315 MCCCXXX
521 1264 628 1315 tercio.“

789 1478 874 1544 163.

304 1623 379 1670 Anno
402 1629 475 1678 1333,
498 1629 535 1673 17.
554 1619 635 1685 Junii.
655 1619 807 1684 Zagrabiae.

238 1747 358 1803 Carolus
381 1748 556 1819 fflingariae
578 1755 625 1804 etc.
648 1765 711 1815 rex,
733 1747 806 1803 ciues
835 1744 1008 1803 Grecltenses
1030 1764 1049 1801 a
1072 1745 1291 1820 quibuscumque
1313 1746 1426 1802 tributis

688 1853 843 1925 exigendis,
866 1853 971 1910 eximit.

288 2015 350 2072 Nos
374 2015 507 2072 Karolus
531 2015 580 2073 dei
603 2016 707 2087 gracia
737 2032 791 2073 rex
826 2015 991 2087 Hungarie.
1023 2012 1240 2085 significamus
1264 2021 1369 2073 tenore
1396 2031 1466 2089 pre-

199 2121 337 2177 sencium
359 2122 473 2193 quibus
496 2121 621 2194 expedit
643 2123 802 2191 universis,
821 2121 970 2178 memorie
990 2120 1251 2190 commendantes,
1273 2120 1357 2193 quod
1373 2121 1465 2180 iudex

200 2231 229 2282 et
253 2225 360 2283 fideles
384 2228 467 2283 cives
490 2243 526 2283 ac
546 2227 683 2300 hospites
706 2227 801 2284 nostri
825 2227 864 2284 de
887 2233 991 2284 monte
1015 2226 1169 2294 Grecensi,
1193 2227 1231 2283 ad
1256 2234 1358 2284 nostre
1375 2229 1463 2286 celsi·

200 2331 313 2388 tudinis
336 2332 513 2389 accedentes
537 2334 737 2406 presenciam,
754 2333 960 2389 exhibuerunt
975 2333 1065 2389 nobis
1081 2332 1242 2404 quoddam
1265 2333 1466 2407 privilegium

200 2439 387 2495 serenissimi
412 2440 560 2513 principis
582 2439 699 2497 domini
723 2439 801 2509 bele,
826 2439 911 2510 olym
943 2439 1039 2495 incliti
1069 2440 1150 2510 regis
1173 2439 1339 2511 ilungarie,
1363 2441 1414 2498 avi
1436 2447 1466 2499 et

201 2546 407 2616 progenitoris
430 2546 526 2602 nostri
550 2546 712 2616 karissimi,
736 2547 765 2602 in
791 2546 876 2602 cuius
900 2552 1004 2602 tenore
1028 2546 1107 2602 inter
1122 2550 1222 2602 cetera
1242 2547 1464 2615 continebatur,

200 2656 233 2705 ut
257 2651 316 2723 ipsi
339 2651 420 2707 intra
444 2653 563 2723 regales
587 2653 734 2708 terminos
751 2652 867 2708 tributa
883 2652 913 2708 in
929 2652 1018 2708 nullo
1042 2651 1111 2708 loco
1134 2652 1256 2708 solvere
1281 2657 1464 2721 tenerentur,

201 2756 374 2814 eelsitudini
399 2771 501 2815 nostre
525 2758 685 2815 humiliter
708 2758 927 2830 supplicantes,
951 2762 984 2813 ut
1007 2757 1273 2829 quemadmodum
1297 2759 1396 2831 ipsam
1413 2759 1466 2815 ha·

201 2862 292 2918 beant
315 2864 544 2935 privilegiatam
569 2864 753 2932 libertatem,
778 2865 821 2920 sic
844 2868 873 2919 et
894 2879 949 2920 nos
968 2864 1052 2936 ipsos
1076 2864 1105 2919 in
1130 2862 1238 2920 eadem
1262 2864 1406 2921 libertate
1429 2880 1467 2921 ex

201 2968 389 3040 benignitate
413 2970 497 3040 regia
520 2970 720 3040 dignaremur
751 2986 941 3026 conservare.
973 2969 1036 3026 Nos
1067 2970 1177 3041 itaque,
1210 2970 1264 3042 qui
1296 2987 1332 3027 ex
1365 2971 1467 3028 innata

201 3075 363 3131 nobilitate
387 3077 470 3147 regia
494 3077 610 3132 cunctis
634 3077 723 3132 nobis
753 3075 887 3134 fideliter
918 3076 1063 3132 subiectis
1093 3076 1251 3133 libertates
1278 3092 1335 3149 per
1358 3092 1468 3149 proge-

202 3180 315 3236 nitores
339 3189 368 3236 et
392 3181 623 3254 predecessores
647 3189 767 3238 nostros
800 3199 888 3254 reges
918 3183 1078 3253 Hungarie
1109 3197 1267 3239 concessas
1291 3199 1351 3239 non
1376 3183 1467 3240 dimi·

201 3302 303 3353 nuere,
327 3289 401 3358 quin
426 3289 533 3368 pocius
557 3294 755 3360 augmentare
786 3295 934 3358 tenemur,
967 3288 1153 3362 premissum
1184 3289 1350 3346 articulum
1373 3289 1467 3346 liber·

202 3394 271 3449 tatis
296 3394 370 3466 ipsis
394 3393 540 3450 fidelibus
564 3395 685 3451 civibus
709 3395 820 3451 nostris
844 3394 1011 3463 firmantes,
1036 3395 1230 3467 presentibus
1252 3394 1398 3453 duximus
1420 3396 1463 3452 in·

202 3499 387 3556 novandum.
412 3501 507 3571 igitur
531 3501 621 3557 vobis
646 3501 725 3557 bano
751 3502 847 3557 tocius
878 3499 1048 3570 Sclauonie,
1079 3501 1254 3571 comitibus,
1282 3502 1466 3573 castellanis,

202 3606 361 3662 nobilibus
385 3613 414 3662 et
438 3607 602 3663 cuiuslibet
626 3613 722 3663 status
753 3614 782 3663 et
812 3606 969 3678 dignitatis
1000 3607 1178 3663 hominibus
1211 3608 1328 3665 tributa
1352 3609 1466 3665 haben·

202 3711 293 3780 tibus,
318 3728 487 3783 eorumque
512 3712 681 3768 tributariis
705 3713 784 3768 intra
808 3713 954 3769 terminos
979 3713 1065 3784 regni
1089 3713 1184 3768 nostri
1200 3713 1382 3782 constitutis,
1399 3714 1466 3785 qui·

203 3817 260 3872 bus
283 3824 439 3889 presentes
460 3817 667 3876 ostendentur.
692 3816 824 3874 tirmiter
845 3818 1034 3890 precipimus
1050 3834 1107 3890 per
1123 3826 1288 3891 presentes,
1313 3823 1464 3891 quatenus

203 3923 243 3977 ab
274 3923 348 3994 ipsis
380 3924 500 3978 civibus
525 3924 636 3979 nostris
660 3922 865 3980 Grecensibus
888 3929 917 3979 et
940 3925 1033 3979 rebus
1057 3923 1239 3980 eorumdem
1263 3924 1464 3995 quibuslibet,

203 4029 482 4100 quocienscumque
517 4045 573 4101 per
611 4030 678 4085 loca
709 4030 896 4086 tributorum
930 4035 1103 4085 vestrorum
1135 4030 1298 4087 transitum
1331 4029 1465 4099 fecerint,

203 4135 325 4190 nullum
350 4136 500 4190 tributum
524 4136 647 4205 exigere
670 4134 815 4197 debeatis,
839 4134 891 4191 sed
910 4136 993 4207 ipsos
1011 4135 1108 4192 libere
1123 4141 1152 4191 et
1168 4136 1285 4208 absque
1301 4136 1463 4192 exaccione

203 4241 366 4296 tributaria
389 4241 528 4311 qualibet
552 4242 637 4296 abire
662 4241 863 4313 permittatis:
888 4257 974 4297 secus
1005 4242 1083 4297 sicut
1116 4248 1219 4299 nostra
1249 4243 1352 4313 gracia
1376 4243 1466 4299 vobis

204 4347 305 4419 placet
336 4363 396 4403 non
427 4346 544 4403 facturi.
577 4347 691 4404 Datum
722 4348 752 4404 in
784 4347 943 4418 Zagrabia,
976 4347 1052 4404 teria
1083 4349 1191 4420 quinta
1221 4349 1363 4421 proxima
1395 4354 1465 4422 post

204 4452 314 4509 festum
342 4454 422 4509 beati
447 4453 584 4510 liarnabe
607 4455 748 4527 apostoli.
774 4456 862 4511 Anno
885 4452 1004 4511 domini
1028 4454 1226 4511 MCCCXXX
1250 4457 1353 4513 tercio.

293 4589 432 4652 originale
452 4588 477 4637 in
498 4590 655 4647 membrana,
676 4590 816 4654 vestigium
841 4590 926 4640 avulsi
952 4590 1037 4656 sigilli
1056 4607 1071 4640 a
1091 4598 1174 4657 tergo,
1196 4593 1245 4642 sub
1263 4609 1329 4656 quo:
1350 4595 1465 4653 „relacio

203 4677 329 4742 Johannis
349 4677 458 4740 palatini
484 4682 509 4725 et
536 4678 660 4727 lialdonis
682 4678 752 4726 circa
772 4678 869 4743 Kulpa,
891 4693 979 4728 coram
998 4686 1085 4745 rege.“
1106 4679 1137 4728 In
1155 4681 1254 4730 archiv.
1273 4681 1320 4732 lib.
1340 4696 1394 4748 reg.
1415 4683 1464 4735 civ.

204 4766 308 4831 zagrab.
329 4767 449 4814 Alterum
468 4781 516 4830 par
536 4766 672 4815 consimile
692 4765 718 4815 in
737 4767 806 4815 arch.
825 4768 906 4817 Acad
928 4766 1022 4818 Scieut.
1042 4768 1112 4819 Slav.
1130 4768 1224 4818 merid.
