3488 5242
653 329 726 386 Doc.
750 341 820 406 40⁷·
848 361 884 373 -
909 328 965 387 An.
990 336 1078 405 1397.

824 555 914 623 401.

341 718 417 766 Anno
439 722 512 778 1397.
536 724 556 763 l.
577 713 714 783 februarii.
734 713 888 780 Zagrabiae.

235 861 374 917 Detricus
396 860 496 918 Bubck
518 861 610 917 banus
635 879 656 916 s.
680 859 811 917 Adriani
838 859 872 916 de
900 858 1019 932 Simtgio
1049 865 1213 916 conventum
1243 864 1318 926 orat,
1347 863 1502 913 utcontra

229 968 371 1041 facinora
398 966 520 1039 quedam
547 985 566 1021 a
589 966 714 1040 capitulo
744 965 860 1038 zograb.
884 967 914 1023 in
930 966 1154 1040 possessionibus
1182 964 1324 1034 Grolani,
1346 963 1455 1021 Dcdt'lt'
1476 970 1505 1019 et

626 1073 790 1131 Crnomerci
804 1080 974 1150 perpetrato
997 1072 1134 1146 inquirat.

325 1236 442 1293 Amicis
474 1236 536 1293 suis
566 1236 752 1308 reverendis,
784 1236 949 1294 conventui
978 1235 1105 1293 ecclesie
1135 1234 1338 1307 symigiensis,
1360 1233 1503 1291 Delficus

237 1341 354 1404 Bubek.
379 1343 464 1414 regni
484 1340 646 1400 Sclauonie
669 1342 776 1413 banus,
792 1341 966 1400 amiciciam
982 1347 1125 1416 paratam
1139 1357 1211 1398 cum
1233 1341 1357 1398 honore.
1381 1339 1503 1396 Dicitur

235 1448 326 1504 nobis
349 1447 378 1505 in
406 1449 546 1520 personis
570 1447 687 1517 iudicis,
719 1449 891 1505 iuratorum
920 1458 950 1504 et
980 1448 1197 1505 universorum
1229 1447 1346 1504 civium
1369 1445 1503 1503 civitatis

237 1553 351 1609 montis
375 1552 560 1610 Grechensis
584 1551 622 1609 de
645 1552 805 1625 Zagrabia,
836 1552 920 1626 quod
950 1553 1104 1636 Johannes
1135 1552 1264 1625 Crispus
1295 1550 1334 1607 de
1361 1548 1502 1620 Kemlelr,

237 1655 406 1729 Gregorius
437 1656 621 1721 dubicensis,
651 1657 806 1740 Johannes
837 1657 875 1715 de
903 1659 1060 1728 Vrbouch,
1092 1657 1209 1730 Symon
1239 1656 1278 1713 de
1308 1654 1420 1726 Vaska,
1451 1655 1503 1738 Jo-

238 1764 354 1820 hannes
378 1762 576 1833 kathedralis,
600 1762 721 1820 Hincko
745 1765 941 1834 chasmensis,
965 1763 1140 1838 Stephanus
1155 1762 1361 1821 varasdiensis
1383 1766 1414 1819 et
1429 1760 1506 1818 Gre-

236 1869 341 1940 gorius
365 1868 403 1925 de
427 1868 529 1939 Bexin,
553 1868 776 1938 archidiaconi3
800 1869 875 1926 item
897 1871 1051 1954 Johannes
1075 1869 1240 1939 Lanceloti,
1265 1866 1446 1924 Benedictus
1462 1865 1501 1924 de

238 1974 386 2043 Monoslo,
410 1974 578 2047 Gregorius
611 1974 649 2031 de
684 1974 790 2046 Varas,
821 1975 967 2033 Nicolaus
998 1981 1028 2033 et
1058 1975 1138 2032 alter
1167 1972 1321 2043 Nicolaus,
1345 1972 1506 2054 Hungari3

237 2082 387 2138 Martinus
412 2096 549 2153 magnus,
583 2080 739 2138 Barnabas
770 2081 910 2154 Mikonis,
939 2082 1121 2140 Benedictus
1152 2083 1267 2150 luanse,
1295 2079 1442 2137 Nicolaus
1464 2078 1503 2136 de

237 2186 360 2255 Kasina,
384 2186 528 2256 Thomas,
552 2201 648 2259 nepos
680 2186 824 2257 custodis,
856 2187 976 2245 Blasius
1007 2194 1118 2258 custos,
1142 2186 1309 2260 Dyonisius
1332 2185 1371 2243 de
1395 2184 1503 2253 crisio,

237 2290 412 2364 Stephanus
437 2292 601 2364 Hungarus
625 2298 655 2349 et
678 2292 787 2350 Petrus
810 2292 923 2367 Crispi,
954 2295 1101 2364 canonici,
1132 2307 1240 2364 ymmo
1264 2298 1364 2350 toturn
1387 2291 1505 2365 capitu-

237 2397 303 2454 lum
329 2399 456 2455 ecclesie
487 2399 694 2471 zagrabiensis
725 2400 863 2457 unanimi
895 2400 1024 2457 consilio
1055 2401 1134 2457 inter
1165 2400 1249 2473 ipsos
1280 2398 1370 2468 facto,
1395 2396 1453 2455 deo
1476 2401 1506 2454 et

238 2505 303 2560 eius
319 2505 439 2561 iusticia
454 2503 495 2560 ab
511 2504 610 2560 oculis
625 2519 734 2561 eorum
755 2505 942 2578 postpositis,
959 2505 1124 2577 dyabolica
1142 2506 1229 2563 arthe
1246 2505 1417 2576 instigante,
1434 2518 1505 2560 con-

238 2611 373 2681 gregatis
396 2609 548 2681 Gregorio
572 2611 716 2680 litteram,
741 2610 875 2669 officiale
899 2617 929 2668 et
954 2612 1107 2669 universis
1130 2610 1339 2668 familiaribus
1362 2625 1398 2667 ac
1422 2609 1507 2667 loba-

239 2716 382 2786 gionibus
407 2716 546 2788 ipsorum
570 2715 608 2772 ad
633 2731 743 2773 sonum
768 2718 894 2775 maioris
919 2733 1069 2791 campane
1084 2733 1201 2788 eorum,
1218 2717 1361 2774 manibus
1377 2716 1505 2773 armatis

239 2827 269 2878 et
292 2822 489 2894 potenciariis
513 2837 600 2879 more
623 2823 727 2880 hostili
752 2822 828 2881 seria
851 2823 985 2881 secunda
1008 2825 1152 2898 proxima
1183 2829 1253 2881 ante
1286 2821 1399 2880 festum
1424 2822 1507 2879 beati

240 2926 359 2983 Thome
382 2926 525 2999 apostoli,
549 2942 629 2984 nnnc
649 2928 806 3000 preterit0,
824 2930 966 2987 universa
984 2928 1160 2987 molendina
1177 2929 1319 3001 ipsorum
1341 2928 1459 2985 civium
1475 2928 1505 2984 in

240 3034 394 3090 territorio
418 3032 497 3091 dicte
520 3034 653 3091 civitatis
683 3035 789 3092 habita
820 3035 938 3092 destrui
969 3042 999 3093 et
1029 3035 1190 3092 anichilari
1220 3049 1256 3091 ac
1286 3049 1396 3091 sexum
1419 3033 1508 3091 femi·

240 3154 334 3195 neum
364 3140 394 3195 in
426 3138 542 3196 eisdem
575 3139 761 3196 molendinis
791 3149 959 3214 repertum,
983 3146 1195 3214 pregnantem‚
1226 3155 1298 3196 cum
1328 3139 1507 3212 pectoribus

240 3259 393 3315 equorum
416 3244 455 3302 ad
480 3255 595 3302 terram
619 3245 701 3303 trudi
725 3254 755 3303 et
778 3247 915 3320 spoliari,
939 3262 1056 3304 necnon
1080 3245 1231 3319 quasdam
1257 3245 1348 3302 villas
1365 3246 1506 3319 ipsorum

241 3350 357 3407 civium
381 3350 533 3421 Grachan‚
556 3351 675 3408 Dedich
704 3358 734 3409 et
765 3351 999 3409 Churnomersh
1024 3330 1158 3422 vocatas,
1182 3351 1304 3424 penitus
1327 3351 1456 3424 spoliari
1478 3356 1509 3408 et

241 3454 405 3527 depredari
428 3472 463 3513 ac
487 3456 638 3529 quosdam
663 3457 841 3530 iobagiones
864 3473 974 3515 eorum
997 3457 1145 3527 mutilari,
1169 3464 1199 3515 et
1221 3457 1348 3530 insuper
1363 3457 1460 3514 noctis
1477 3459 1508 3515 in

240 3561 367 3618 silencio
391 3562 544 3635 plurimas
566 3563 693 3634 sagittas
716 3563 821 3635 igneas
851 3563 888 3620 ad
922 3564 1023 3637 ipsam
1051 3564 1207 3620 civitatem
1232 3563 1367 3635 sagitari.
1390 3578 1508 3621 necnon

242 3665 347 3738 plures
371 3668 453 3725 cives
476 3684 533 3741 per
556 3667 733 3725 huiusmodi
757 3668 835 3726 ictus
860 3670 1045 3741 sagittarum
1067 3668 1166 3741 rigide
1189 3668 1335 3725 wlnerari
1356 3667 1509 3737 iecissent,

242 3773 370 3845 propria
393 3774 534 3846 ipsorum
557 3775 697 3847 potencia
721 3774 882 3846 mediante,
909 3776 939 3832 in
955 3774 1160 3849 preiudicium
1177 3775 1318 3847 ipsorum
1335 3773 1427 3831 valde
1444 3789 1509 3831 ma·

244 3893 356 3949 gnum;
380 3878 433 3936 lite
457 3887 560 3937 tamen
584 3880 663 3937 inter
686 3880 770 3953 ipsos
791 3879 953 3955 pendente.
977 3879 1077 3954 Super
1099 3895 1162 3953 quo
1178 3886 1314 3937 vestram
1335 3880 1508 3937 amiciciam

243 3985 438 4056 presentibus
469 3986 605 4058 petimus
636 3985 809 4058 diligenter,
841 3993 990 4060 quatenus
1022 3992 1161 4043 vestrum
1191 3985 1320 4042 mittatis
1351 3986 1509 4043 hominem

243 4095 301 4161 'pro
326 4089 502 4146 testimonio
525 4089 728 4162 fidedignum,
751 4106 813 4164 quo
835 4098 977 4166 presente
1000 4091 1115 4149 Paulus
1139 4091 1189 4147 vel
1214 4091 1354 4160 Michael,
1370 4089 1429 4148 filii
1446 4092 1509 4148 Ma-

244 4194 305 4250 thei
329 4193 367 4250 de
391 4193 550 4264 llikulich,
573 4201 626 4251 aut
649 4195 810 4253 Ladislaus
833 4213 887 4255 seu
910 4196 1064 4266 Nicolaus,
1089 4195 1173 4252 filius
1197 4195 1317 4252 Nicolai
1332 4194 1371 4251 de
1390 4189 1507 4273 (saneto

243 4292 390 4377 Geor)gio
413 4300 483 4357 aliis
503 4301 691 4372 absentibus,
715 4302 809 4359 homo
840 4309 951 4374 noster,
983 4302 1097 4374 quibus
1129 4301 1289 4371 incumbit,
1320 4315 1439 4358 meram
1471 4300 1510 4357 de

243 4405 403 4478 premissis
437 4413 642 4478 expereantnr
676 4408 847 4479 veritatem,
887 4423 983 4480 quam
1013 4406 1137 4465 tandem
1175 4406 1264 4464 nobis
1303 4406 1510 4463 amicabiliter

243 4511 426 4568 rescribatis.
449 4511 565 4569 Datum
589 4511 746 4585 Zagrabie,
770 4514 802 4571 in
824 4514 933 4586 vigilia
957 4513 1026 4571 festi
1049 4511 1277 4587 purificacionis
1297 4511 1428 4583 virginis
1442 4512 1509 4583 glo·

244 4616 330 4673 riose.
356 4619 444 4674 Anno
468 4616 586 4675 domini
610 4618 719 4675 MCCC
743 4619 942 4692 nonagesimo
964 4619 1105 4692 septime.

332 4768 354 4817 E
373 4774 538 4833 transumpto
557 4775 700 4820 convenius
717 4787 737 4823 s.
756 4770 849 4837 Egidii
869 4771 902 4820 de
920 4770 1049 4837 Symigio,
1068 4776 1097 4820 nt
1115 4768 1191 4820 inira.
