3488 5242
254 355 316 413 304
680 335 751 392 Dec.
769 348 844 412 324.
871 368 907 377 —
934 334 989 390 Au.
1015 328 1105 409 1384.

253 536 327 593 socii
351 542 381 592 et
404 535 600 592 concanonici
629 534 733 603 nostri,
765 550 842 606 quos
865 533 903 589 ad
929 532 1097 590 videndum
1122 536 1152 587 et
1174 529 1302 587 eandem
1327 529 1417 585 nobis
1440 527 1518 584 rete·

252 641 382 699 rendum
400 641 583 713 premissam
601 639 836 696 iuramentalem
855 639 1082 711 deposicionem
1101 652 1158 710 pro
1182 635 1272 692 dictis
1292 635 1430 705 utrisque
1448 649 1516 706 par·

252 748 335 803 tibus
359 762 416 819 pro
440 746 623 802 testimoniis
647 745 827 801 duxerimus
851 743 1053 818 deputandos
1077 743 1248 799 retulerunt
1265 741 1386 796 seriose.
1403 739 1518 795 Datum

252 853 282 910 in
307 850 469 924 quindenis
500 849 570 908 sesti
601 851 683 907 beati
714 850 823 932 Jacobi
854 851 997 922 apostoli,
1025 850 1085 906 iam
1110 847 1265 921 predictis.
1289 848 1379 903 Anno
1402 844 1520 901 domini

253 958 363 1015 MCCC
385 958 594 1030 octuagesimo
617 963 736 1029 quarto.

342 1075 482 1141 Originalc
508 1075 534 1124 in
558 1075 656 1133 charta,
680 1090 695 1123 a
720 1082 796 1139 tergo
815 1076 957 1141 vestigium
976 1077 1095 1142 oppressi
1115 1075 1270 1140 capitularis
1289 1073 1381 1138 sigilli.
1401 1072 1430 1122 In
1450 1070 1519 1119 arch.

254 1165 271 1213 1.
290 1178 311 1212 r.
331 1163 380 1213 civ.
400 1164 504 1227 zagrab,

850 1309 939 1374 324.

360 1449 436 1497 Anno
459 1448 531 1508 1384.
555 1457 593 1508 14.
613 1447 734 1512 Augusti.
758 1448 787 1496 ln
806 1448 955 1500 Temesvar.

255 1575 405 1633 Elisabeth
435 1576 537 1647 reguieu
568 1576 745 1647 Hungarrire
774 1576 882 1633 ciuibus
915 1576 1123 1634 Grecleensibus
1153 1577 1204 1634 sub
1219 1584 1316 1650 poena
1344 1573 1522 1648 itrfidelitatls

231 1711 232 1714 ¹
249 1682 395 1755 praecibit
421 1700 457 1738 ne
485 1682 634 1739 rebellibus
665 1678 761 1739 Paulo
791 1684 871 1756 episc.
895 1685 1012 1757 ragrab.
1026 1667 1102 1741 ¹item
1126 1682 1272 1757 Stephano
1294 1689 1322 1738 et
1343 1681 1468 1738 lislcolao
1490 1678 1523 1735 ele

386 1787 474 1845 Zeecli
504 1788 690 1858 adhaereant,
721 1789 807 1846 tinmo
828 1791 945 1863 quosvis
967 1806 1100 1864 sequaces
1123 1808 1219 1846 comm
1242 1789 1392 1846 detineant.

346 1931 506 1988 Iilizabeth
530 1931 580 1988 dei
604 1932 707 2003 gracia
729 1932 835 2004 regina
859 1933 1001 2006 Vngarie,
1026 1934 1161 2003 Polonie‚
1186 1933 1347 1990 Dalmacie
1363 1936 1418 1988 etc.
1434 1929 1522 1986 Fide-

263 2039 344 2096 libus
368 2038 431 2095 suis
453 2037 556 2107 iudici,
587 2038 694 2095 iuratis
725 2044 754 2095 et
777 2040 928 2096 universis
951 2041 1071 2098 civibus
1095 2039 1132 2097 de
1156 2038 1314 2111 Zagrabia‚
1338 2036 1470 2093 salutem
1494 2041 1523 2092 et

258 2145 404 2216 graciam.
424 2142 504 2215 Quia
521 2160 557 2200 ex
570 2143 723 2200 relacione
735 2145 1003 2216 quamplurimum
1025 2146 1177 2202 nobilium
1195 2150 1225 2200 et
1241 2143 1365 2212 civium,
1382 2141 1522 2198 fidelium

256 2256 434 2307 nostrorum
469 2249 668 2306 subditorum
705 2250 794 2306 nobis
829 2249 917 2322 facta,
952 2251 1121 2308 certissime
1155 2265 1262 2308 sumus
1290 2247 1463 2319 informate,
1488 2253 1522 2303 ut

257 2355 380 2425 Paulus
415 2355 579 2427 episcopus
613 2355 827 2426 zagrabiensis,
866 2355 1048 2430 Stephanus,
1087 2357 1170 2414 tilius
1205 2355 1336 2413 condam
1375 2352 1521 2426 Stephani

257 2460 418 2532 wayuode,
450 2459 595 2517 Nicotaus
626 2460 664 2517 dc
696 2461 792 2517 Zeech
817 2466 846 2518 et
876 2462 986 2519 iratres
1011 2478 1045 2519 ac
1069 2463 1208 2534 colligati
1231 2461 1422 2529 eorumdem,
1446 2466 1524 2516 tarn-

258 2581 351 2639 quam
383 2566 521 2638 perversi
554 2565 717 2623 dolositate
747 2568 881 2625 rebelles
906 2574 968 2625 tarn
994 2585 1051 2641 per
1074 2569 1192 2626 litteras
1216 2574 1245 2625 et
1268 2568 1403 2635 nuncios,
1428 2581 1523 2638 quam

259 2671 461 2744 personaliter
488 2674 565 2727 irent
589 2677 619 2728 et
642 2672 804 2729 circuirent
825 2674 998 2730 seducendo
1021 2680 1143 2731 nostros
1167 2673 1275 2730 fideles
1302 2672 1442 2730 subditos
1466 2687 1521 2745 per

258 2778 398 2851 ipsorum
430 2777 550 2849 iniquas
580 2779 790 2850 suggestiones
822 2779 859 2836 ad
892 2795 1000 2836 eorum
1032 2787 1152 2853 partem
1181 2786 1210 2836 et
1234 2778 1372 2835 favorem
1398 2779 1428 2834 in
1452 2793 1522 2834 con·

258 2889 378 2940 tentum
408 2888 510 2939 nostre
545 2884 719 2941 maiestatis.
751 2883 822 2941 ldeo
854 2885 1031 2942 huiusmodi
1054 2885 1229 2942 dolositatis
1253 2885 1445 2957 iniquitatem
1471 2900 1523 2940 vo·

260 2989 356 3045 lentes
392 2989 580 3060 precogitata
614 2989 783 3062 prudencia
817 2991 988 3063 prevenire,
1012 2993 1157 3048 volumus
1188 2997 1218 3048 ct
1245 2990 1387 3048 fidelitati
1424 2996 1524 3046 vestre

258 3093 390 3150 firmiter
424 3093 623 3167 precipiendo
658 3095 851 3165 mandamus,
887 3103 1036 3168 quatenus
1070 3097 1173 3155 statim
1209 3098 1283 3153 visis
1321 3097 1524 3170 presentibus,

258 3200 364 3256 habita
388 3200 516 3272 publica
540 3201 802 3272 promulgacione‚
827 3203 855 3259 in
881 3203 983 3259 medio
1007 3205 1101 3260 vestri
1130 3203 1246 3259 faciatis
1264 3203 1467 3274 proclamari:
1492 3208 1526 3258 ut

259 3306 365 3362 nullus
391 3307 553 3375 nobilium,
578 3308 762 3379 ignobilium
787 3316 817 3366 et
841 3310 967 3366 alterius
992 3311 1126 3366 cuiusvis
1149 3316 1254 3378 status,
1287 3309 1473 3365 condicionis
1497 3314 1525 3364 et

259 3413 484 3484 preeminencie
517 3414 677 3469 hominum
702 3420 731 3470 et
754 3415 849 3471 eciam
868 3432 904 3471 ex
922 3417 1020 3485 vobis,
1040 3416 1098 3472 sub
1115 3431 1193 3488 pena
1210 3415 1399 3471 infidelitatis
1416 3413 1525 3470 audeat

260 3516 376 3573 eisdem
408 3519 563 3590 perversis
587 3525 616 3575 et
639 3519 811 3576 rebellibus
842 3521 989 3578 adherere
1021 3521 1070 3577 vel
1100 3521 1215 3590 favore,
1239 3521 1363 3588 auxilio,
1387 3520 1524 3588 consili0,

260 3623 391 3679 servicio
416 3629 468 3679 aut
492 3624 597 3696 aliquo
620 3625 682 3681 alio
706 3625 844 3682 subsidio
866 3627 972 3682 adesse
996 3628 1025 3683 in
1050 3627 1248 3698 pertinaciam
1273 3626 1480 3698 perversionis
1496 3630 1525 3680 et

259 3728 440 3784 rebellionis
463 3729 660 3799 corumdem;
687 3731 824 3788 volentes
849 3739 878 3789 et
901 3734 1136 3799 committentes
1160 3740 1194 3788 ut
1217 3733 1242 3788 si
1267 3733 1319 3802 qui
1343 3749 1380 3788 ex
1399 3730 1524 3802 pretatis

260 3834 414 3904 perversis
435 3840 464 3890 et
489 3835 669 3905 rebellibus
702 3842 753 3892 aut
777 3853 885 3894 eorum
908 3838 1127 3895 adherentibus
1153 3837 1324 3895 fautoribus
1347 3843 1377 3893 et
1401 3837 1526 3894 famulis

259 3937 296 3993 ad
322 3940 416 3995 vestri
441 3940 577 3996 medium
614 3941 801 4009 accederent,
831 3943 903 3999 illos
927 3944 956 3999 in
983 3945 1121 4016 personis
1145 3951 1174 4000 et
1197 3945 1289 3999 rebus
1313 3942 1473 3999 detineatis
1497 3948 1526 3998 et

260 4043 397 4099 detentos
429 4052 531 4102 nostre
563 4061 746 4103 conservare
780 4048 927 4105 studeatis
950 4050 1105 4106 screnitati
1128 4050 1157 4105 in
1181 4050 1303 4119 signum
1328 4057 1428 4105 vestre
1452 4048 1525 4104 fide·

261 4149 357 4205 litatis
387 4151 476 4206 nobis
507 4152 745 4220 observandum,
776 4153 805 4208 in
833 4169 895 4225 quo
919 4156 1009 4211 nobis
1035 4161 1155 4225 gratum
1182 4156 1366 4226 obsequium
1392 4154 1523 4215 facietis:

260 4260 290 4310 et
314 4255 371 4311 hoc
396 4256 498 4327 ipsum
524 4257 712 4328 iniungimus
734 4259 838 4315 comiti
868 4260 915 4315 vel
942 4261 1115 4317 vicecomiti
1139 4266 1168 4317 et
1192 4260 1345 4317 iudicibus
1368 4260 1520 4316 nobilium

260 4361 423 4416 comitatus
454 4363 669 4433 zagrabicnsiS,
704 4363 810 4420 dantes
840 4366 883 4421 cis
911 4366 1066 4421 similibus
1089 4367 1148 4422 sub
1173 4368 1333 4438 preceptis.
1356 4366 1471 4421 Datum
1496 4366 1524 4421 in

260 4465 467 4535 Themeswar‚
502 4468 532 4523 in
561 4468 668 4540 vigilia
700 4468 768 4525 sesti
792 4472 1016 4543 assumpcionis
1043 4473 1171 4540 virginis
1193 4472 1335 4543 gloriose.
1361 4473 1448 4527 Anno
1473 4470 1527 4526 do·

261 4571 336 4627 mini
361 4570 585 4628 MCCCLXXX
609 4581 726 4645 quarto.

349 4686 488 4751 Originale
508 4688 534 4736 in
553 4689 650 4747 charta,
670 4690 766 4754 inqua
786 4707 939 4757 appressum
963 4700 1001 4743 est
1020 4694 1139 4760 sigillum
1159 4693 1243 4743 minus
1263 4694 1377 4756 reginae.
1398 4695 1427 4744 ln
1450 4694 1521 4743 arch.

260 4774 308 4824 tib.
327 4789 381 4841 reg.
402 4774 451 4825 civ.
471 4776 575 4842 zagrab.
