3488 5242
645 336 718 393 Doc.
739 344 804 410 177.
832 367 868 376 -
894 335 950 392 An.
976 347 1065 412 1339.
1427 349 1484 404 155

216 536 466 593 excellentissimi
500 536 665 608 principes,
701 535 782 591 clare
817 535 967 592 memorie
1001 548 1089 606 reges
1123 534 1291 606 Hungarie
1332 535 1487 607 ceterique

217 642 328 700 fideles
352 641 465 699 Christi
490 642 586 698 eciam
603 640 706 698 divina
725 641 929 713 inspiracione
945 640 1026 708 tacti,
1042 649 1179 697 nostram
1199 639 1361 697 ecclesiam
1380 640 1488 697 multis

218 748 425 817 libertatibus,
449 746 622 804 redditibus
644 755 673 803 et
697 747 943 820 possessionibus
967 746 1150 813 dotaverint,
1175 751 1207 802 ut
1231 761 1269 802 ex
1293 746 1352 804 hiis
1376 760 1488 819 conpe-

220 860 335 911 tentem
360 854 616 910 sustentacionem
641 854 788 910 habentes
811 867 870 926 pro
893 868 999 910 eorum
1025 852 1123 908 salute
1147 867 1253 924 preces
1269 850 1307 908 ad
1325 851 1487 909 dominum

217 958 345 1016 fundere
369 974 506 1014 essemus
529 959 672 1015 continue
695 959 834 1030 obligati,
851 974 911 1015 non
937 959 1152 1015 inconveniens
1169 962 1271 1014 tamen
1296 962 1486 1030 reputamus,

217 1067 241 1121 si
266 1064 304 1121 de
328 1065 416 1122 nobis
439 1065 562 1121 collatis
586 1064 763 1122 huiusmodi
787 1063 936 1121 faciamus
959 1079 1017 1137 pro
1034 1078 1124 1136 posse
1141 1063 1306 1137 participes
1332 1065 1416 1121 viros
1439 1080 1488 1122 re·

217 1171 352 1243 ligiosos,
384 1169 441 1226 deo
473 1169 610 1239 devotos,
643 1170 750 1227 eadem
782 1171 912 1228 racione.
948 1169 1148 1243 Quapropter
1179 1175 1282 1227 nostre
1305 1170 1438 1228 ecclesie
1458 1175 1488 1227 et

217 1282 352 1333 nostram
385 1277 610 1348 possessionem
642 1275 707 1331 sive
741 1275 875 1332 Insulam
909 1291 980 1333 cum
1005 1285 1086 1332 terra
1110 1275 1192 1332 dicta
1215 1274 1327 1348 Tupal,
1352 1275 1433 1332 ultra
1457 1281 1487 1332 et

217 1382 297 1437 circa
322 1380 451 1438 fluvium
487 1380 567 1437 Zaue
590 1381 627 1437 ad
653 1385 780 1454 portum
811 1382 893 1453 regis
916 1381 1043 1451 dictum,
1072 1396 1171 1454 prope
1195 1379 1378 1453 Zagrabiam
1402 1380 1486 1438 adia·

216 1491 333 1543 centem
369 1493 397 1543 et
429 1487 609 1543 existentem
643 1501 713 1542 cum
746 1487 892 1544 omnibus
923 1488 986 1544 suis
1017 1487 1205 1544 utilitatibus
1228 1492 1258 1543 et
1281 1488 1487 1560 pertinenciis

217 1593 314 1660 terris,
348 1593 453 1665 pratis,
485 1592 582 1661 silvis,
610 1592 751 1665 piscariis
782 1599 811 1648 et
843 1591 914 1652 aliis
941 1594 1190 1666 quibuscumque
1213 1592 1255 1650 ob
1277 1593 1488 1650 reverenciam

218 1698 267 1755 dei
291 1703 321 1754 et
345 1699 410 1755 eius
440 1698 548 1755 matris
572 1698 702 1771 virginis
725 1699 870 1771 gloriose,
903 1699 1055 1756 donamus
1078 1704 1108 1755 et
1129 1697 1351 1756 confirmamus
1374 1699 1405 1756 in
1429 1699 1488 1756 hiis

219 1805 342 1876 scriptis
365 1804 493 1861 ecclesie
517 1803 653 1861 eiusdem
677 1805 806 1877 virginis
837 1805 996 1863 benedicte
1020 1804 1152 1862 fratrum
1175 1805 1415 1874 Heremitarum‚
1439 1819 1488 1863 or-

217 1909 297 1966 dinis
328 1910 423 1966 sancti
461 1911 625 1981 Augustini
656 1910 694 1967 de
725 1910 876 1984 Zagrabia
906 1910 943 1968 ad
976 1926 1068 1968 usum
1100 1911 1213 1983 prioris
1243 1916 1273 1968 et
1296 1910 1429 1968 fratrum
1457 1912 1487 1969 in

217 2015 324 2072 eadem
350 2016 478 2073 ecclesia
502 2015 560 2071 deo
589 2014 822 2085 famolancium,
853 2017 913 2073 sub
935 2017 999 2074 suis
1022 2017 1112 2074 metis
1136 2023 1165 2073 et
1190 2017 1330 2074 terminis
1353 2017 1488 2091 antiquis

219 2128 371 2195 perpetuo
407 2121 579 2192 tenendam,
620 2121 839 2195 possidendam
874 2128 904 2179 et
937 2121 1121 2191 habendam,
1156 2127 1349 2180 reservantes
1385 2128 1488 2181 tamen

217 2236 321 2285 nostre
354 2229 481 2284 ecclesie
513 2235 542 2284 et
573 2229 664 2285 nobis
688 2234 854 2302 conpetens
878 2227 1030 2286 directum
1055 2227 1230 2287 dominium
1253 2228 1284 2286 in
1309 2229 1416 2286 eadem
1441 2229 1488 2286 ln·

217 2334 285 2390 sula
309 2341 337 2389 et
361 2341 442 2390 terra
465 2349 500 2390 ac
524 2335 622 2390 eciam
647 2333 854 2406 infrascripta,
879 2335 982 2407 primo
1007 2333 1169 2391 videlicet:
1194 2332 1376 2391 fidelitatem
1401 2333 1488 2393 debi-

217 2447 280 2495 tam
305 2454 340 2494 ac
365 2438 476 2496 iudicia
500 2440 665 2511 sanguinis,
691 2439 773 2508 furti,
797 2441 950 2497 latrocinii
974 2446 1003 2497 et
1026 2438 1159 2497 incendii
1182 2441 1321 2498 enormia
1337 2456 1408 2498 cum
1425 2456 1489 2498 me·

218 2544 299 2600 diate
323 2544 514 2601 emolimenti
539 2545 649 2602 exinde
675 2546 934 2618 proveniendum,
958 2560 1083 2618 semper
1106 2545 1167 2602 alia
1187 2543 1352 2603 medietate
1368 2545 1485 2604 eisdem

219 2651 314 2721 priori
340 2658 369 2705 et
393 2649 541 2707 fratribus
565 2659 747 2708 remanente.
773 2651 857 2720 item,
875 2651 1018 2708 similiter
1042 2650 1237 2708 medietatem
1260 2652 1487 2709 maturinarum

218 2756 358 2812 omnium
382 2755 626 2811 inhabitatorum
650 2755 787 2813 eiusdem
815 2756 915 2813 insule
939 2763 968 2813 et
992 2762 1080 2825 terre,
1117 2771 1135 2812 a
1159 2755 1274 2847 quibus
1297 2761 1327 2813 et
1350 2757 1489 2829 qualibet

220 2861 389 2917 marturine
414 2870 638 2917 consueverunt
659 2862 740 2934 exigi
765 2862 803 2919 de
826 2877 913 2919 more
938 2870 1092 2932 consueto,
1113 2863 1173 2918 alia
1191 2860 1355 2919 medietate
1371 2861 1488 2919 eisdem

219 2967 317 3039 priori
349 2974 377 3022 et
411 2966 558 3023 fratribus
591 2974 773 3024 remanente.
809 2968 894 3036 Item,
919 2968 1108 3025 habitatores
1139 2966 1294 3040 sepedicte
1326 2967 1427 3025 Insule
1459 2973 1489 3026 et

221 3079 299 3128 terre
323 3072 480 3128 annuatim
507 3072 535 3128 in
561 3072 639 3128 festo
664 3073 743 3129 beati
769 3073 890 3130 Martini
907 3089 1031 3130 censum
1049 3074 1272 3146 quinquaginta
1288 3072 1489 3131 denariorum

220 3178 298 3233 bone
324 3185 446 3233 monete
470 3178 677 3249 zagrabiensis
695 3179 783 3235 nobis
800 3180 922 3235 solvere
939 3179 1131 3236 tenebuntur.
1150 3179 1331 3251 inquorum
1349 3181 1489 3237 omnium

221 3285 430 3339 testimonium
456 3292 485 3339 et
509 3283 688 3340 firmitatem
719 3285 914 3356 presentibus
938 3284 1078 3356 sigillum
1102 3292 1241 3342 nostrum
1265 3283 1412 3344 duximus
1434 3300 1489 3358 ap·

221 3386 427 3459 pendendum.
452 3388 565 3444 Datum
599 3390 627 3446 in
654 3389 730 3445 festo
763 3390 962 3446 exaltacionis
987 3397 1089 3447 sancte
1114 3390 1221 3447 crucis.
1258 3391 1347 3447 Anno
1371 3388 1488 3449 domini

221 3492 330 3549 MCCC
355 3494 510 3550 tricesimo
535 3509 623 3551 nonu.

310 3646 328 3693 l]
358 3646 428 3694 libro
457 3648 583 3696 Statutor.
613 3649 690 3713 capit.
720 3651 824 3713 zagrab.
855 3665 878 3713 p.
899 3648 944 3696 IV.
965 3663 984 3696 c.
1007 3647 1083 3697 XXI.
1103 3650 1177 3714 Joan.
1198 3648 1314 3698 Thalete.
1336 3649 1404 3699 Mon.
1424 3649 1484 3699 hist.

220 3733 297 3796 episc.
322 3735 426 3798 zagrab.
447 3751 461 3783 v
492 3734 523 3784 11.
544 3751 603 3799 pag.
627 3746 681 3796 1⁴0.

813 3950 894 4019 177.

326 4085 403 4133 Circa
423 4101 519 4136 annum
541 4097 719 4150 1339-1343.
739 4089 893 4155 Zagrabiae.

246 4212 378 4269 Ci'zu'tatu
401 4217 503 4270 inaniis
535 4216 705 4273 Greclrcnsis
727 4221 914 4276 conimunitus
936 4222 1168 4278 transummcmlo
1187 4223 1348 4296 priuilegia
1371 4226 1466 4281 comt'ti

476 4321 584 4378 l’urirlt'
604 4341 742 4391 concessa,
765 4342 800 4380 ca
822 4326 921 4403 sigillo
936 4329 1060 4400 proprio
1082 4329 1238 4401 consignat.

310 4464 371 4520 Nos
397 4465 553 4523 Nicoletus
576 4467 669 4524 iudex
692 4469 834 4539 civitatis,
858 4485 893 4526 ac
922 4471 1057 4528 universi
1080 4472 1164 4528 cives
1188 4471 1226 4529 de
1251 4478 1354 4528 monte
1376 4470 1488 4530 Grech.

222 4566 441 4640 Significamus
464 4578 569 4628 tenore
593 4574 787 4645 presencium
819 4576 933 4647 quibus
963 4576 1089 4649 expedit
1119 4592 1175 4650 per
1208 4583 1372 4651 presentes
1405 4576 1489 4650 quod

223 4674 370 4732 accedens
401 4675 439 4732 ad
471 4684 608 4734 nostram
638 4680 830 4751 presenciam
861 4681 976 4740 nobilis
1006 4682 1056 4740 vir
1087 4697 1191 4740 comes
1222 4683 1315 4754 Paris,
1348 4683 1490 4741 exhibuit

217 4781 309 4838 nobis
332 4779 394 4837 duo
417 4783 582 4856 privilegia
608 4783 712 4842 fratris
737 4785 869 4856 Andree‚
894 4787 971 4845 olim
1000 4789 1193 4863 perceptoris
1218 4787 1257 4846 de
1280 4795 1385 4848 sancto
1409 4790 1491 4848 Mar·
1525 4829 1529 4835 ,
