3488 5242
630 372 703 430 Doc.
722 367 800 448 360.
820 406 856 416 —
882 375 938 431 An.
964 386 1051 450 1392.
1411 393 1472 452 339

212 569 296 641 polla
320 575 349 626 et
369 563 484 641 'Ztruga
508 568 676 643 appellato
701 571 905 628 iuramentum
931 573 1145 645 corporalem
1169 575 1287 630 octavis
1303 573 1371 632 festi
1389 576 1473 647 puri·

211 673 366 732 ficacionis
392 676 527 747 gloriose
558 676 688 747 virginis
718 691 798 732 nunc
828 677 948 734 venturi
972 677 1002 734 in
1026 677 1108 735 dicta
1130 680 1319 750 zagrabiensi
1344 680 1472 738 ecclesia

211 795 316 836 coram
349 781 524 837 testimonio
556 780 884 852 quinqueecclesiensis
917 783 1045 855 capituli
1081 783 1328 843 adiudicavlmus
1359 793 1388 843 et
1419 802 1475 859 per

211 891 368 957 presentes
391 884 604 942 adiudicamus
629 885 695 942 fore
718 885 831 959 deponi
854 886 1010 957 deberent,
1035 889 1089 947 tali
1109 889 1254 947 videlicet
1270 891 1373 959 modo,
1390 891 1473 965 quod

210 990 272 1047 duo
295 1007 332 1047 ex
357 992 425 1064 ipso
448 992 585 1064 capitulo
609 992 638 1048 in
663 991 873 1063 dignitatibus
899 999 1005 1066 postea
1029 1001 1058 1052 et
1081 995 1134 1052 alii
1157 995 1220 1054 duo
1244 997 1401 1070 simplices
1425 1013 1474 1053 ca-

210 1097 311 1154 nonici
335 1097 525 1169 prebendati,
549 1114 587 1154 ex
610 1098 679 1169 ipso
700 1099 837 1169 capitulo
861 1106 994 1171 quatuor
1017 1101 1157 1173 ipsorum
1181 1118 1310 1159 numero
1335 1118 1473 1175 persone,

210 1203 286 1259 hora
308 1202 471 1260 terciarum
506 1219 616 1274 magne
641 1205 732 1260 misse
757 1205 785 1260 ln
810 1205 905 1261 choro
928 1207 1142 1279 superpeliciis
1168 1207 1267 1264 induti
1290 1215 1320 1265 et
1343 1209 1471 1265 stollam

211 1309 239 1365 in
263 1309 346 1365 collo
369 1314 398 1365 et
421 1310 564 1366 manibus
587 1317 740 1381 gestantes
763 1318 792 1367 et
815 1312 845 1367 in
869 1313 969 1369 stallis
994 1313 1129 1385 propriis
1152 1329 1246 1386 super
1269 1314 1387 1371 eisdem
1420 1315 1473 1371 de-

210 1415 298 1471 cimis
319 1415 356 1472 de
383 1415 566 1472 Dauidowcz
591 1432 626 1472 ac
649 1424 731 1474 recta
755 1424 784 1474 et
800 1418 902 1489 equali
921 1417 1084 1475 medietate
1105 1417 1296 1475 decimarum
1320 1419 1358 1475 de
1375 1420 1472 1477 vineis

210 1522 356 1578 territorii
373 1522 430 1578 vici
457 1522 651 1584 Latinorum:
675 1539 769 1595 super
792 1523 910 1595 campis
933 1529 1044 1591 autem,
1069 1524 1158 1580 terris
1189 1524 1404 1597 Bokanapolye
1419 1519 1473 1604 (et)

209 1626 323 1698 Ztruga
346 1627 463 1683 vocatis
484 1629 512 1683 in
531 1627 606 1683 facie
623 1628 760 1684 eiusdem
778 1635 857 1684 terre
875 1627 1098 1699 Bokanapolye,
1116 1636 1224 1685 vocate
1240 1631 1335 1686 semel
1353 1636 1472 1687 tantum

210 1732 312 1803 quoad
337 1735 445 1788 ambas
462 1733 630 1806 particulas
653 1741 805 1790 terrarum
829 1733 1037 1806 predictarum
1062 1735 1177 1791 eisdem
1201 1735 1336 1792 dominis
1363 1736 1401 1793 de
1424 1753 1473 1793 ca·

210 1839 311 1910 pitulo
326 1839 431 1894 valere
454 1845 484 1894 et
499 1839 663 1911 suffragari
681 1855 739 1912 pro
755 1855 799 1906 eo,
815 1840 888 1911 quia
914 1854 975 1895 uno
992 1847 1021 1895 et
1041 1839 1149 1897 eodem
1167 1841 1217 1897 die
1233 1856 1326 1913 super
1342 1848 1473 1914 utraque

211 1945 362 2016 particula
385 1953 536 2000 terrarum
561 1944 771 2017 predictarum
793 1946 897 2017 ipsum
921 1945 1125 2001 iuramentum
1150 1945 1313 2003 commode
1337 1953 1475 2019 prestare

210 2057 240 2104 et
261 2048 415 2121 deponere
439 2064 499 2105 non
523 2054 656 2121 possent,
680 2051 948 2122 iuramentumque
972 2059 1105 2122 quatuor
1128 2053 1236 2108 talium
1260 2068 1474 2125 personarum,

211 2155 346 2227 prefatas
376 2154 545 2228 particulas
577 2161 658 2210 terre
690 2160 818 2226 propter
849 2156 985 2227 ipsarum
1018 2157 1226 2227 exiguitatem.
1259 2164 1360 2229 potest
1392 2159 1474 2216 licite

209 2261 479 2333 comprehendere.
504 2258 654 2317 Similiter
677 2258 739 2315 duo
763 2261 791 2316 in
816 2260 1018 2332 dignitatibus
1036 2263 1127 2334 positi
1144 2270 1173 2318 et
1190 2264 1243 2320 alii
1259 2262 1321 2319 duo
1337 2265 1475 2321 canonici

210 2366 400 2439 prebendati,
425 2372 558 2438 quatuor
581 2366 721 2438 ipsorum
745 2382 881 2431 numero,
909 2368 1041 2438 cingulis
1065 2367 1231 2435 dissolutis
1257 2369 1389 2441 pedibus
1413 2369 1474 2426 dis·

210 2473 360 2539 calceatis,
385 2473 600 2544 capitibusque
621 2471 659 2528 de
683 2472 790 2532 eadem
816 2480 896 2529 terra
919 2480 1117 2546 apponentes.
1134 2473 1328 2531 decrevimus
1352 2480 1381 2531 et
1405 2491 1475 2547 pre·

210 2580 347 2635 sentibus
378 2579 572 2635 decernimus
602 2578 704 2650 ipsum
737 2579 943 2634 iuramentum
976 2578 1074 2635 lacere
1102 2586 1132 2635 et
1156 2580 1310 2652 deponere
1334 2581 1474 2652 debeant,

210 2700 245 2741 eo
270 2684 413 2741 videlicet
446 2684 547 2751 moda,
572 2684 654 2756 quod
679 2683 786 2740 eedem
811 2683 928 2740 decime
953 2684 990 2740 de
1017 2685 1201 2741 Dauidowcz
1225 2687 1367 2742 absolute
1390 2694 1420 2743 et
1444 2688 1474 2743 in

210 2797 273 2847 toto
297 2807 331 2846 ac
355 2807 410 2863 per
441 2791 544 2846 omnia
575 2791 634 2862 ipsi
667 2789 804 2862 capitulo
828 2795 857 2845 et
882 2805 984 2845 mense
1009 2791 1147 2862 ipsorum
1172 2791 1336 2862 capitulari
1360 2798 1389 2848 et
1413 2807 1474 2848 non

209 2898 354 2969 episcopo
378 2898 408 2953 in
428 2870 533 2968 aliqua
564 2901 650 2968 parte
681 2895 820 2952 debende
850 2896 910 2952 sint
941 2912 1038 2968 neque
1076 2895 1206 2963 fuerunt,
1229 2896 1280 2952 sed
1303 2914 1358 2954 nec
1383 2897 1475 2969 perti·

209 3008 340 3058 nuerunt
364 3002 458 3058 modo
481 3002 618 3073 aliquali,
643 3001 701 3057 nisi
724 3001 826 3057 solum
849 3000 1010 3057 dumtaxat
1035 3002 1091 3073 ipsi
1117 3002 1254 3072 capitulo
1278 3010 1307 3057 et
1331 3003 1472 3075 ipsorum

210 3123 313 3165 mense
346 3109 518 3181 capitulari,
547 3125 582 3164 ac
613 3109 711 3164 eciam
743 3116 825 3164 recta
853 3115 882 3164 et
905 3108 1025 3179 equalis
1050 3107 1197 3164 medietas
1221 3106 1412 3164 decimarum
1436 3107 1474 3163 de

210 3215 307 3271 vineis
342 3215 487 3271 territorii
524 3215 584 3271 vici
618 3214 798 3271 Latinorum
830 3221 860 3270 et
890 3221 970 3270 terre
1001 3223 1030 3270 et
1061 3216 1163 3285 campi
1192 3213 1420 3286 [lokaniapolye
1444 3220 1474 3270 et

209 3318 324 3392 Ztruga
357 3321 514 3392 appellate
538 3336 591 3377 seu
614 3320 774 3393 appellati,
805 3321 880 3393 ipsis
906 3319 1040 3377 dominis
1060 3320 1098 3376 de
1122 3320 1259 3393 capitulo
1281 3320 1471 3391 zagrabiensi

209 3425 349 3498 predicto
380 3433 409 3482 et
440 3427 605 3497 quartariis
635 3442 715 3483 nunc
746 3426 940 3498 presentibus
967 3426 1120 3498 pertinere
1142 3425 1274 3482 debeant
1297 3434 1327 3481 et
1350 3440 1467 3481 succes-

208 3533 330 3588 soribus
355 3533 492 3604 ipsorum
517 3531 556 3587 de
580 3533 645 3588 iure
669 3548 703 3588 ac
727 3532 823 3589 eciam
845 3531 1113 3604 predecessoribus
1130 3546 1237 3586 eorum
1255 3532 1469 3603 pertinuerunt

210 3637 248 3692 de
281 3638 345 3693 iure
375 3639 492 3709 absque
521 3637 628 3694 fraude
659 3646 688 3695 et
720 3639 859 3709 ipsorum
892 3653 995 3694 mense
1026 3637 1197 3709 capitulari,
1222 3636 1333 3692 litteris
1356 3637 1468 3692 nostris

209 3759 278 3799 cum
303 3742 407 3800 debita
432 3745 606 3800 reverencia
629 3749 771 3815 rogantes
794 3743 965 3816 capitulum
990 3742 1215 3815 preallegatum
1236 3741 1468 3814 quinqueeccle·

209 3850 316 3917 siense,
341 3861 373 3905 ut
399 3865 455 3921 pro
479 3850 662 3906 testimoniis
678 3848 888 3921 predictorum
912 3849 1051 3905 homines
1069 3848 1231 3904 mitterent.
1248 3846 1319 3919 Quo
1336 3848 1467 3904 termino

209 3955 389 4012 adveniente
413 3956 442 4011 in
467 3957 624 4027 presencia
648 3955 781 4011 hominis
798 3954 979 4027 preallegati
997 3954 1126 4026 capituli
1142 3952 1471 4024 quinqueecclesiensis

210 4061 352 4117 videlicet
377 4063 563 4119 venerabilis
595 4063 654 4118 viri
678 4061 795 4117 domini
820 4060 904 4119 Galli
928 4059 1136 4116 archidiaconi
1156 4059 1193 4114 de
1219 4058 1345 4114 llarania
1370 4067 1399 4114 et
1422 4073 1470 4114 ca·

208 4167 308 4222 nonici
334 4167 661 4239 quinqueecclesiensis
695 4167 733 4223 ad
758 4168 816 4223 hoc
840 4182 896 4238 per
919 4167 1021 4238 ipsum
1046 4164 1217 4238 capitulum
1242 4164 1475 4236 quinqueeccle-

208 4274 306 4329 siense
330 4274 504 4346 specialiter
534 4273 682 4345 deputati,
714 4271 844 4346 predicti
868 4271 986 4328 domini
1010 4270 1048 4327 de
1071 4271 1208 4343 capitulo
1229 4270 1420 4341 zagrabiensi
1445 4271 1474 4326 in

208 4381 324 4436 octavis
356 4379 584 4451 purificacionis
613 4382 701 4436 beate
732 4379 861 4451 virginis
893 4384 986 4452 prout
1015 4383 1044 4434 et
1067 4378 1144 4433 sicut
1168 4393 1223 4449 per
1246 4384 1384 4432 nostram
1408 4390 1474 4432 sen·

208 4487 338 4541 tenciam
355 4486 430 4557 ipsis
455 4485 553 4542 luerat
576 4485 793 4551 adiudicatum,
814 4486 1020 4541 iuramentum
1045 4499 1135 4539 suum
1156 4482 1371 4555 deposuerunt,
1389 4488 1426 4539 ut¹
1437 4497 1474 4537 ex

209 4593 406 4664 responsione
438 4593 528 4648 nobis
560 4608 615 4666 per
647 4593 748 4664 ipsum
781 4591 954 4664 capitulum
985 4589 1303 4662 quinqueecclesiense
1336 4587 1415 4644 lacta
1443 4588 1471 4643 in

208 4699 264 4754 hec
288 4692 553 4755 verba'seriosius
577 4698 798 4754 contineretur:
823 4696 1001 4753 Venerabili
1023 4696 1091 4752 viro
1115 4695 1241 4751 domino
1266 4692 1378 4749 Mathie
1403 4708 1472 4765 pre·

207 4804 308 4876 posito
332 4804 505 4860 chasmensi
530 4810 584 4860 etc.
608 4802 677 4875 Qua
700 4802 900 4877 responsione
924 4818 980 4875 per
1003 4816 1058 4859 nos
1081 4800 1146 4857 visa
1171 4807 1200 4856 et
1223 4798 1388 4870 diligenter
1404 4814 1475 4855 exa·

1358 4903 1372 4930 Ι
