3488 5242
261 346 301 421 36
703 347 776 404 Doc.
799 356 848 424 45.
875 380 912 388 -
937 346 993 403 An.
1019 341 1109 423 1264.

261 541 384 616 plenius
405 542 584 600 continetur.
608 541 672 598 Nos
695 542 798 614 itaque
821 542 881 599 tuis
905 542 1186 616 supplicationibus
1206 541 1352 611 inclinati,
1380 540 1464 613 quod
1489 540 1530 597 ab

261 647 370 705 eodem
394 647 541 721 episcopo
563 648 740 705 Prenestino
764 663 857 720 super
888 648 1048 721 premissis
1080 646 1194 704 factum
1219 652 1272 714 est,
1296 651 1399 703 ratum
1423 652 1453 701 et
1476 643 1529 700 fir·

261 768 350 810 mum
373 752 521 811 habentes
536 752 567 810 id
586 754 767 810 auctoritate
783 753 953 826 apostolica
969 751 1189 809 confirmamus
1206 761 1235 808 et
1252 751 1402 824 presentis
1423 749 1530 822 scripti

261 858 360 915 nostri
390 858 562 931 patrocinio
594 859 830 916 communimus.
863 857 950 916 Nulli
982 873 1056 931 ergo
1092 858 1218 915 omnino
1245 857 1407 913 hominum
1438 855 1529 912 liceat

262 965 341 1021 banc
354 964 500 1037 pagiuam
513 971 615 1021 nostre
628 944 875 1029 confirmacionis
889 963 1056 1035 infringere
1072 964 1123 1020 vel
1141 964 1168 1020 ei
1183 979 1260 1020 ausu
1277 962 1441 1019 temerario
1457 976 1528 1017 con·

262 1071 362 1127 traire.
385 1070 500 1127 Datum
525 1069 608 1143 apud
632 1069 750 1128 Urbem
776 1076 913 1127 veterem
938 1070 1031 1127 XVll.
1056 1069 1203 1127 kalendas
1226 1069 1383 1126 februarii.
1403 1066 1531 1125 Pontifi-

262 1184 348 1234 catus
370 1176 472 1233 nostri
496 1192 576 1233 anno
599 1176 700 1233 tercio.

351 1311 446 1375 Ereg.
467 1310 534 1375 orig.
556 1311 657 1362 Urbani
678 1310 722 1359 IV.
743 1326 782 1360 an⁴
803 1311 849 1360 111.
875 1328 914 1378 ep.
944 1312 977 1371 36
1011 1341 1044 1349 -
1069 1315 1099 1361 Α.
1125 1311 1248 1360 Theincr.
1269 1309 1337 1358 Mon.
1358 1309 1447 1372 Huug.
1466 1307 1527 1356 hist.

263 1404 279 1448 t.
301 1397 319 1448 Ι.
340 1414 364 1463 p.
385 1399 442 1446 260.

872 1612 934 1676 45.

371 1753 447 1801 Anno
471 1752 544 1812 1264,
567 1753 604 1800 16.
623 1751 745 1816 januarii.
764 1753 844 1816 Apud
865 1750 965 1802 Urbem
985 1756 1107 1800 veterem.

271 1879 405 1937 Urbanus
427 1877 484 1934 IV.
503 1873 597 1951 Papo,
604 1879 751 1951 praecipit
763 1878 971 1951 archiepiscopo
986 1879 1123 1935 colocensi
1136 1886 1164 1936 et
1177 1878 1278 1936 obbotc‘
1298 1878 1332 1934 dc
1357 1877 1388 1933 T
1383 1878 1485 1950 oplico,
1501 1884 1535 1933 cct

275 1984 430 2041 Eventium
452 1985 618 2041 canonicum
641 1984 853 2058 zogrobicnscm
878 1985 907 2041 in
924 1985 1128 2057 possessionem
1151 1984 1347 2057 beneficiorum
1371 1982 1515 2039 inducant.

355 2129 500 2188 Urbanus
523 2129 687 2203 episcopus
717 2144 825 2186 servus
856 2144 1018 2186 servorum
1049 2127 1106 2185 dei.
1135 2126 1315 2184 Venerabili
1339 2124 1428 2183 fratri
1451 2118 1529 2203 (Ste-

268 2228 384 2310 phano)
408 2235 642 2307 archiepiscopo
665 2235 818 2291 colocensi
840 2239 871 2291 et
893 2234 1006 2291 dilecto
1036 2233 1103 2291 filio
1135 2233 1241 2291 abbati
1264 2231 1304 2290 de
1327 2231 1463 2305 Taplica,
1491 2231 1531 2288 ci·

268 2340 441 2398 sterciensis
464 2339 589 2410 ordinis,
614 2340 820 2411 zagabriensis
844 2340 982 2410 diocesis
1007 2340 1137 2397 salutem
1163 2345 1193 2397 et
1215 2338 1419 2413 apostolicam
1440 2338 1532 2393 bene·

267 2447 442 2505 dictionem.
466 2445 534 2517 Que
558 2444 596 2502 de
612 2444 694 2503 sedis
716 2440 792 2523 (etc,
816 2451 849 2502 ut
872 2461 975 2519 supra,
995 2439 1104 2520 usque)
1125 2445 1296 2518 provenire.
1321 2441 1400 2502 Sane
1423 2443 1532 2516 petitio

268 2551 373 2609 dilecti
389 2551 448 2609 filii
471 2551 590 2608 Eventii
606 2552 779 2624 presbiteri,
792 2552 929 2609 canonici
941 2551 1156 2624 zagabriensiS‚
1171 2550 1324 2624 capellani
1341 2548 1528 2606 venerabilis

267 2657 370 2716 fratris
384 2656 481 2715 nostri
491 2649 663 2734 S(tephani)
671 2657 809 2730 episcopi
823 2657 989 2715 Prenestini
1001 2658 1091 2714 nobis
1103 2657 1240 2714 exhibita
1253 2656 1436 2724 continebat,
1448 2652 1531 2727 quod

270 2779 341 2820 cum
357 2777 412 2819 nos
430 2761 530 2819 eidem
553 2762 708 2835 episcopo,
732 2762 909 2820 conferendi
926 2757 1002 2842 (etc,
1019 2769 1052 2819 ut
1068 2778 1170 2835 supra,
1194 2762 1299 2819 verbis
1323 2766 1533 2834 competenter

270 2869 404 2938 mutatis,
428 2859 538 2941 usque)
554 2867 700 2925 duximus
716 2868 971 2926 confirmandum.
988 2868 1141 2940 Quocirca
1164 2866 1358 2936 mandamus,
1383 2873 1533 2938 quatenus

270 2973 387 3031 dictum
409 2974 573 3030 Eventium
596 2975 647 3031 vel
672 2981 904 3047 procuratorem
929 2989 1020 3031 suum
1040 2975 1105 3030 eius
1120 2975 1244 3031 nomine
1260 2974 1290 3030 in
1309 2973 1532 3047 possessionem

269 3079 473 3150 canonicatus,
497 3079 662 3152 prebende,
684 3079 858 3149 domorum,
889 3081 1003 3136 iurium
1034 3087 1063 3137 et
1094 3079 1348 3153 pertinentarium
1381 3079 1530 3151 ipsorum.

269 3192 373 3242 amoto
397 3184 507 3242 exinde
531 3186 672 3258 quolibet
695 3185 861 3254 detentore,
884 3200 939 3241 vos
962 3185 1013 3242 vel
1038 3186 1117 3242 alter
1147 3193 1286 3241 vestrum
1310 3199 1366 3258 per
1389 3199 1453 3252 νος,
1478 3182 1528 3239 vel

270 3307 326 3363 per
348 3291 447 3348 alium
471 3298 522 3348 aut
546 3292 633 3362 alios,
657 3292 837 3348 auctoritate
869 3296 974 3348 nostra
1004 3290 1155 3347 inducatis
1180 3297 1209 3347 et
1232 3288 1404 3347 defendatis
1426 3289 1532 3347 induc·

269 3404 345 3467 tum,
369 3396 513 3454 facientes
530 3412 599 3453 eum
617 3398 647 3454 in
671 3397 753 3454 dicta
777 3397 905 3453 ecclesia
929 3397 958 3453 in
976 3397 1157 3453 canonicum
1175 3397 1271 3468 recipi
1296 3403 1325 3453 et
1349 3396 1378 3452 in
1396 3395 1532 3464 fratrem,

269 3502 330 3559 sibi
352 3502 445 3559 stallo
469 3502 499 3559 iu
524 3503 618 3560 choro
642 3508 673 3560 et
694 3503 764 3561 loco
795 3503 825 3559 in
858 3503 995 3574 capitulo
1026 3518 1097 3558 cum
1129 3501 1320 3575 plenitudine
1344 3501 1419 3558 iuris
1442 3515 1531 3556 cano-

268 3607 328 3664 nici
360 3607 522 3679 assignatis
531 3627 538 3676 ;
571 3609 797 3665 nonobstante
829 3614 943 3664 statuto
974 3607 1012 3664 de
1042 3614 1126 3664 certo
1157 3607 1373 3664 canonicorum
1404 3621 1533 3663 numero

268 3713 439 3770 iuramento
463 3713 513 3770 vel
537 3714 771 3771 confirmatione
798 3714 969 3786 apostolica
999 3729 1052 3770 seu
1073 3728 1269 3785 quacumque
1292 3712 1439 3769 firmitate
1468 3712 1533 3767 val-

267 3819 339 3889 lat0,
364 3826 416 3876 aut
439 3819 464 3876 si
488 3834 545 3892 pro
569 3820 638 3877 aliis
662 3820 693 3876 in
717 3819 798 3876 dicta
821 3819 950 3876 ecclesia
973 3818 1144 3875 direximus
1167 3819 1282 3891 scripta
1305 3825 1418 3884 nostra,
1441 3817 1492 3873 vel
1508 3817 1533 3873 si

267 3924 348 3981 sedis
372 3926 540 3999 apostolice
564 3926 616 3983 vel
641 3926 815 3998 legatorum
837 3927 903 3983 eius
934 3932 986 3983 aut
1019 3940 1202 3998 quacunque
1234 3924 1415 3980 auctoritate
1443 3923 1473 3980 in
1499 3937 1533 3978 ea

268 4030 297 4086 in
321 4030 482 4088 canonicos
505 4031 603 4103 aliqui
627 4032 686 4088 sint
717 4032 842 4104 recepti,
872 4032 921 4088 vel
954 4038 987 4088 ut
1016 4031 1213 4104 recipiantur,
1247 4029 1396 4099 insistant,
1419 4029 1532 4101 quibus

266 4144 394 4209 propter
417 4137 475 4194 hoc
498 4151 560 4208 quo
584 4135 623 4193 ad
646 4138 867 4194 assecutionem
892 4138 1026 4194 aliorum
1049 4135 1284 4204 beneficiorum,
1308 4141 1528 4208 personatuum

266 4241 318 4298 vel
341 4240 525 4313 dignitatum
549 4259 602 4298 seu
626 4243 854 4315 prebendarum
879 4243 1024 4300 nolumus
1048 4242 1254 4316 preludicium
1273 4243 1421 4315 generari,
1438 4241 1488 4297 vel
1506 4240 1531 4296 si

266 4346 423 4418 aliquibus
452 4363 469 4404 a
500 4347 572 4404 sede
600 4349 771 4421 apostolica
801 4351 840 4407 sit
872 4348 1036 4418 indultum,
1061 4347 1144 4421 quod
1177 4348 1215 4405 ad
1248 4348 1457 4420 receptionem
1483 4347 1532 4403 vel

266 4453 474 4524 provisionem
499 4454 629 4511 alicuius
653 4455 780 4512 minime
811 4460 980 4525 teneantur,
1013 4454 1160 4527 quodque
1190 4453 1228 4511 ad
1254 4454 1284 4510 id
1309 4454 1458 4526 compelli
1483 4454 1533 4510 vel

265 4556 404 4615 interdici
428 4564 480 4615 aut
503 4559 649 4632 suspendi
672 4575 725 4617 seu
748 4560 1010 4617 excommunicari
1033 4575 1093 4617 non
1119 4560 1246 4632 possint,
1268 4565 1297 4615 et
1321 4558 1403 4632 quod
1426 4557 1464 4615 de
1480 4559 1532 4615 be·

265 4661 390 4734 neficiis‚
422 4666 638 4737 personatibus
668 4666 719 4723 vel
750 4665 953 4739 dignitatibus
984 4680 1036 4723 seu
1061 4664 1229 4740 prebendis
1262 4665 1300 4722 ad
1332 4664 1530 4722 collationem

265 4767 405 4843 ipsorum
431 4771 643 4844 spectantibus
668 4772 748 4830 nulli
772 4765 874 4831 valeat
905 4771 1065 4846 provideri
1098 4786 1156 4846 per
1186 4771 1284 4844 ipsius
1310 4769 1393 4828 sedis
1416 4770 1534 4829 litteras
