3488 5242
237 327 277 383 70
677 309 749 368 Doc.
774 305 824 367 82.
851 343 888 353 -
913 309 969 367 An.
995 323 1084 387 1292.

237 510 342 567 biense
372 508 411 566 ad
440 513 578 566 nostram
609 506 782 565 accedendo
813 509 1005 581 presenciam
1036 508 1196 567 humiliter
1220 509 1426 583 supplicando
1448 525 1504 584 po-

236 615 398 685 stularunt,
422 619 455 671 ut
477 615 580 687 ipsam
602 613 765 671 ecclesiam
789 613 975 671 sanctissimi
997 615 1080 687 regis
1103 613 1252 689 Stephani
1273 616 1504 688 zagrabiensem

235 721 458 778 munificenciis
490 720 649 793 regalibus
679 719 858 793 prospicere
889 735 947 793 pro
974 721 1073 779 salute
1097 725 1202 778 nostra
1226 727 1256 778 et
1278 736 1384 778 amore
1407 721 1504 780 divini

235 827 370 883 numinis
402 833 431 883 et
463 827 560 899 ipsius
591 827 674 883 beati
702 826 784 898 regis
815 823 963 899 Stephani
994 825 1203 899 dignaremur,
1227 827 1258 883 in
1285 841 1321 884 eo
1345 825 1504 886 videlicet:

235 940 268 989 ut
300 933 426 991 terciam
458 938 580 1005 partem
611 931 720 989 tributi
751 929 810 988 fori
840 932 938 989 nostri
961 930 999 989 de
1023 937 1127 989 monte
1151 932 1302 990 Grecensi
1325 933 1452 990 ecclesie
1476 939 1505 991 et

237 1039 374 1111 capitulo
397 1037 537 1113 predicto
561 1038 634 1096 dare
658 1037 866 1109 dignaremur.
891 1037 955 1095 Nos
978 1039 1083 1111 itaque
1104 1038 1146 1096 ob
1168 1039 1378 1096 reverenciam
1401 1045 1431 1097 et
1454 1039 1505 1098 de·

236 1146 398 1202 v-ocionem
429 1160 523 1217 quam
553 1145 583 1202 in
615 1144 683 1217 ipso
714 1142 804 1201 beato
835 1158 906 1215 rege
937 1141 1094 1217 Stephano
1131 1145 1268 1217 gerimus
1291 1151 1321 1201 et
1345 1145 1505 1216 habemus,

236 1253 322 1309 cuius
354 1252 472 1309 meritis
503 1257 531 1307 et
555 1250 700 1324 precibus
724 1254 850 1306 tronum
872 1250 970 1307 nostri
992 1249 1151 1322 regiminis
1175 1251 1291 1324 pariter
1314 1257 1344 1308 et
1367 1256 1505 1309 nostram

239 1373 384 1415 coronam
417 1355 594 1413 conservari
629 1360 706 1412 nutu
737 1354 844 1413 divino
871 1354 1081 1414 indubitanter
1104 1356 1259 1414 credimus
1282 1362 1312 1415 et
1335 1372 1505 1430 speramus,

240 1479 275 1520 ac
306 1478 363 1535 pro
394 1463 495 1519 anime
524 1467 627 1519 nostre
657 1459 804 1531 remedio,
836 1463 964 1520 terciam
987 1467 1111 1536 partem
1134 1463 1243 1521 tributi
1264 1462 1324 1521 fori
1345 1463 1441 1549 nostri
1465 1461 1504 1519 de

237 1578 341 1626 monte
357 1569 502 1627 Grecensi
526 1561 703 1642 supradicti,
732 1568 818 1625 cuius
840 1568 938 1626 eciam
961 1568 1039 1626 duas
1062 1573 1165 1642 partes
1181 1585 1219 1626 ex
1235 1570 1404 1626 collacione
1420 1570 1505 1642 regia

238 1675 387 1733 traditam
410 1683 440 1733 et
463 1676 609 1732 collatam
634 1674 733 1732 eciam
755 1674 786 1732 in
809 1681 898 1732 antea
921 1675 1026 1748 ipsum
1045 1675 1218 1748 capitulum
1234 1673 1412 1748 possidebat
1429 1675 1504 1732 inte-

242 1782 379 1853 graliter,
403 1781 491 1854 quasi
514 1772 770 1838 consolidacionis
793 1781 859 1838 iure
882 1780 984 1838 eidem
999 1781 1139 1854 capitulo
1154 1780 1305 1851 dedimus,
1321 1779 1506 1838 donavimus

240 1894 270 1944 et
293 1887 481 1944 contulimus
505 1890 656 1959 perpetuo
680 1885 871 1958 integraliter
894 1884 1123 1959 possidendam.
1147 1884 1228 1942 Cum
1244 1886 1340 1942 eciam
1358 1886 1397 1942 sit
1412 1886 1507 1957 legali

236 1993 414 2066 provisione
447 1993 624 2061 sanccitum,
655 1995 689 2047 ut
716 1991 747 2048 in
771 1991 865 2048 rebus
889 1991 1017 2048 ecclesie
1041 1990 1194 2048 donativis
1218 1992 1336 2064 optima
1359 1991 1398 2048 sit
1421 2006 1505 2048 men·

236 2114 307 2155 sura
331 2113 435 2154 rerum
459 2096 644 2153 donatarum
667 2110 845 2153 mensuram
868 2112 929 2153 non
953 2097 1075 2153 habere.
1099 2096 1246 2153 Volentes
1269 2104 1299 2153 et
1322 2101 1503 2154 statuentes:

245 2211 278 2261 ut
301 2203 408 2260 nullus
438 2203 536 2259 banus
568 2216 625 2275 pro
657 2208 797 2274 tempore
827 2202 1017 2272 constitutus,
1049 2202 1102 2258 vel
1125 2200 1274 2261 officiales
1303 2217 1410 2259 eorum
1439 2217 1507 2275 pre·

238 2309 354 2366 dictum
385 2309 558 2382 capitulum
588 2307 796 2380 zagrabiensis
826 2307 953 2364 ecclesie
977 2307 1028 2364 vel
1052 2307 1231 2364 tributarios
1254 2308 1434 2365 eorumdem
1458 2324 1505 2365 ra·

237 2415 323 2472 cione
354 2415 447 2471 tercie
482 2415 579 2487 partis
613 2414 665 2470 vel
700 2413 804 2470 totalis
838 2413 945 2470 tributi
985 2412 1045 2470 fori
1084 2411 1244 2471 Grecensis
1284 2413 1430 2486 sepedicti
1469 2412 1507 2469 de

238 2525 339 2577 cetero
362 2519 556 2592 aliquatenus
583 2519 752 2591 inquietare
779 2519 898 2592 possint
927 2518 979 2575 vel
1003 2518 1175 2576 molestare.
1211 2519 1244 2576 ln
1268 2519 1353 2575 cuius
1377 2518 1422 2575 rei
1444 2533 1507 2574 me·

238 2625 369 2682 moriam
397 2630 608 2698 perpetueque
638 2623 794 2681 firmitatis
822 2632 979 2698 presentes
1007 2624 1214 2681 concessimus
1237 2625 1354 2681 litteras
1374 2622 1507 2696 duplicis

238 2730 334 2801 sigilli
346 2731 442 2787 nostri
458 2731 628 2788 munimine
644 2731 813 2787 roboratas
827 2731 942 2788 Datum
955 2747 1012 2805 per
1031 2745 1139 2787 manus
1155 2730 1280 2787 discreti
1296 2730 1356 2786 viri
1369 2729 1509 2801 magistri

238 2837 400 2906 Theodori,
417 2837 552 2894 albensis
568 2837 696 2894 ecclesie
712 2838 870 2911 prepositi,
887 2838 957 2895 aule
973 2842 1076 2894 nostre
1094 2836 1346 2905 vicecancellarii,
1361 2835 1466 2893 dilecti
1479 2841 1508 2892 et

238 2941 341 2999 tidelis
364 2942 468 2999 nostri.
495 2944 582 2999 Anno
607 2941 724 2999 domini
748 2943 919 3000 millesimo
942 2943 993 2999 CC
1022 2943 1221 3014 nonagesimo
1245 2941 1387 2999 secundo
1410 2941 1508 3013 Regni

243 3054 345 3104 autem
371 3048 466 3104 nostri
490 3063 570 3104 anno
593 3047 736 3119 secundo,
760 3049 802 3105 Vl
825 3048 973 3106 kalendas
995 3048 1079 3132 Julii,
1103 3047 1272 3106 indiccione
1296 3048 1408 3119 quinta.

335 3165 474 3229 Originale
500 3165 526 3214 in
551 3166 709 3224 membrana,
735 3182 749 3215 a
775 3167 873 3216 sericea
898 3167 980 3216 rubra
999 3173 1025 3215 et
1044 3165 1124 3215 viridi
1144 3180 1208 3215 zona
1227 3166 1359 3229 appendet
1378 3164 1504 3228 sigillum.

244 3254 285 3302 Ex
314 3254 383 3302 arch.
415 3270 462 3303 ven
500 3255 577 3318 capit.
607 3256 710 3319 zagrab.
742 3255 802 3305 susc.
831 3266 868 3304 10.
894 3271 933 3305 nr.
957 3257 998 3316 46.
1024 3257 1097 3321 Joan.
1124 3254 1232 3303 Tlaleie
1257 3254 1326 3303 Mon.
1345 3253 1405 3302 hist.
1426 3253 1504 3316 episc.

240 3342 343 3405 zagrab.
365 3341 383 3391 I.
404 3358 428 3406 p.
449 3344 507 3392 228.

845 3487 906 3552 82.
983 3486 985 3491 ’

349 3628 425 3675 Anno
448 3635 522 3689 1292,
547 3636 584 3684 13.
603 3626 677 3693 Julii.
697 3626 850 3692 Zagrabiae.

251 3751 426 3822 Guilermus,
456 3752 486 3808 T
483 3754 684 3825 enplariomm
707 3755 849 3826 magister,
872 3754 1019 3811 Andrcam
1038 3754 1098 3810 ΙΙΙ.
1115 3772 1207 3826 regem
1232 3752 1408 3824 Zagrabiam
1424 3769 1511 3824 usque

240 3876 321 3931 quem
345 3858 518 3927 adduxerat,
550 3859 583 3915 ob
608 3860 748 3931 pecuniae
770 3861 948 3932 peniurr'am,
979 3860 1038 3916 ord.
1077 3860 1107 3916 T
1103 3860 1305 3932 emplart'orum
1331 3866 1447 3925 terram,
1463 3858 1510 3929 pi-

766 3966 856 4039 gnori
876 3966 989 4039 obligat.

332 4107 395 4164 Nos
427 4107 522 4165 frater
553 4107 757 4180 Guyllermus
786 4108 825 4166 de
858 4109 978 4179 Peimis‚
1011 4108 1158 4180 magister
1195 4105 1359 4163 domorum
1395 4107 1511 4164 milicie

244 4212 369 4286 Templi
393 4229 449 4286 per
471 4214 663 4286 Hungariam
686 4221 715 4271 et
738 4213 943 4273 Sclauoniam.
967 4212 1183 4286 Significamus
1204 4242 1239 4250 —
1268 4242 1303 4250 —
1332 4211 1414 4283 quod
1439 4228 1510 4269 cum

245 4333 299 4374 nos
322 4317 482 4375 dominum
506 4319 752 4377 illustrissimum
770 4319 934 4390 Andream,
951 4319 999 4376 dei
1016 4318 1119 4391 gracia
1145 4332 1250 4389 regem
1268 4317 1434 4388 Hungarie,
1452 4332 1510 4390 pro

248 4422 379 4480 diversis
402 4430 431 4480 et
455 4424 549 4481 variis
573 4426 706 4496 negociis
730 4424 895 4483 domorum
923 4431 1099 4483 nostrarum
1130 4423 1345 4479 universarum
1369 4422 1398 4478 in
1423 4422 1507 4478 Hun-

247 4529 332 4599 garia
354 4535 383 4585 et
406 4527 570 4587 Sclauonia
592 4531 800 4602 existencium,
824 4547 922 4603 usque
946 4528 1129 4602 Zagrabiam
1162 4527 1257 4585 secuti
1281 4526 1454 4598 fuissemus
1480 4534 1509 4584 et

247 4647 303 4689 nos
326 4648 419 4706 penes
443 4634 574 4693 eundem
598 4635 760 4694 dominum
781 4651 887 4709 regern
910 4651 968 4709 pro
988 4635 1123 4708 negociis
1146 4633 1311 4691 domorum
1332 4637 1511 4690 nostrarum

247 4737 380 4794 multam
402 4740 565 4812 pecuniam
588 4741 851 4817 expendissemus,
874 4748 904 4799 et
927 4739 1113 4814 Zagrabiam
1139 4737 1348 4813 perveniendo
1372 4742 1436 4797 tota
1460 4754 1512 4797 ex·
