3488 5242
616 301 687 356 Dec.
710 295 763 373 96.
792 332 826 339 —
854 298 909 355 An.
934 294 1023 374 1308.
1415 304 1452 361 81

188 404 582 412 -----.---,....--,-.-...--
602 405 688 410 --
707 406 740 409 -
757 404 820 409 0-—

185 497 312 554 ecclesie
344 502 372 553 et
405 514 461 569 pro
493 497 621 553 ecclesia
653 502 872 557 constructum.
900 495 938 553 de
972 497 1054 569 regis
1090 496 1161 554 Bele
1196 497 1390 571 beneplacito
1422 502 1451 554 et

186 619 308 659 assensu
340 603 545 671 zagrabiensis
570 604 706 676 episcopi
730 609 759 658 et
782 603 909 659 ecclesie
934 601 999 659 fore
1034 602 1224 675 dignoscitur
1256 603 1348 676 pleno
1377 604 1453 660 iure.

186 708 274 780 Quod
298 724 315 763 a
340 707 525 780 quibusdam
552 709 744 781 temporibus
767 724 822 781 per
846 724 972 765 manum
992 709 1135 766 laicalem
1151 711 1308 779 transiens,
1326 709 1451 767 tandem

187 798 225 871 ad
259 816 395 871 ltlarcum
431 813 622 871 sacerdotem
654 814 692 871 de
723 814 871 883 Veneciis,
910 815 1047 872 eiusdem
1085 817 1211 873 ecclesie
1246 817 1454 888 zagrabiensis

187 920 366 975 canonicum
398 920 497 975 extitit
528 919 718 976 devolutum.
751 920 858 976 Dictus
889 936 963 977 vero
996 922 1125 991 Marcus
1156 920 1204 977 dei
1229 922 1340 978 timore
1371 926 1455 994 post·

187 1026 295 1097 posito,
320 1026 419 1081 victus
442 1024 618 1097 cupiditate,
643 1024 726 1081 idem
749 1030 883 1082 castrum
920 1030 1044 1098 accepta
1069 1027 1207 1099 pecunia,
1231 1027 1376 1099 potestati
1399 1032 1459 1084 tra-

188 1129 265 1186 didit
289 1131 419 1187 seculari
454 1132 483 1187 in
508 1130 645 1187 eiusdem
669 1131 796 1186 ecclesie
825 1146 972 1203 magnum
994 1130 1200 1205 preludicium
1225 1140 1254 1189 et
1277 1147 1454 1204 gravamen.

189 1237 267 1292 Cum
293 1237 386 1307 igitur
417 1237 464 1293 his
496 1238 525 1292 in
559 1236 698 1309 partibus
732 1252 775 1306 ea,
800 1253 859 1309 que
884 1236 1028 1307 diximus,
1053 1243 1117 1294 tam
1140 1236 1303 1295 manifesta
1327 1239 1456 1295 veritate

190 1349 321 1414 pateant,
345 1348 377 1398 ut
401 1343 444 1399 eis
464 1341 630 1399 contradici
662 1357 722 1398 non
756 1343 861 1415 possit,
886 1359 1035 1416 oppresse
1060 1358 1115 1416 per
1138 1344 1196 1400 boc
1220 1344 1334 1415 ingenti
1358 1345 1453 1402 servi-

189 1454 252 1503 tute
284 1448 418 1517 ecclesie
452 1464 511 1519 que
542 1447 660 1503 cunctis
688 1448 837 1520 invigilat,
866 1454 968 1505 vestra
992 1448 1135 1520 dignetur
1158 1450 1256 1522 pietas
1281 1448 1454 1522 providere.

190 1552 303 1608 Datum
345 1551 428 1608 Bude
460 1552 545 1623 Vlll.‚
587 1551 645 1608 kal.
676 1553 759 1634 Julii.
785 1553 982 1610 Pontificatus
1017 1553 1135 1610 domini
1169 1539 1337 1610 Clementis
1376 1569 1457 1627 pape

191 1659 297 1729 quinti,
322 1674 401 1714 anno
425 1664 544 1730 quarto,

279 1809 307 1857 ln
328 1810 436 1859 archivo
456 1810 645 1874 archiepiscop.
667 1811 770 1873 zagrab.
792 1810 904 1859 Krtetie.
926 1811 993 1860 llist.
1014 1813 1074 1860 eccl.
1104 1813 1208 1876 zagrab.
1228 1799 1253 1877 p.
1275 1821 1314 1867 70.
1335 1812 1456 1862 Farlatti.

192 1897 266 1962 lllyr.
288 1899 396 1947 Sacrum
418 1899 448 1945 V.
470 1915 493 1962 p.
516 1900 573 1958 396.
596 1899 765 1962 Kukuljevic‘.
786 1899 871 1949 Arkiv
890 1915 917 1948 za
938 1900 1042 1964 poviest
1059 1901 1154 1965 jugosl.
1175 1900 1222 1950 111.
1243 1917 1268 1965 p.
1288 1902 1332 1951 82.

796 2164 860 2230 96.

282 2326 357 2372 :tuno
380 2326 453 2380 1308,
474 2335 513 2383 ro.
534 2323 698 2387 septembris.
719 2325 803 2387 Supra
825 2329 932 2387 portum
951 2323 1062 2388 regium,
1084 2323 1236 2389 Zagrabiae.

194 2453 244 2507 Fr.
277 2451 455 2521 Arrqnslr'tms
485 2452 565 2523 episc.
594 2451 709 2523 agrati.
740 2451 774 2507 da
795 2451 902 2507 ivtrirstu
922 2450 1078 2509 detentam(
1100 2453 1191 2508 castri
1211 2451 1340 2510 Mained
1360 2461 1461 2510 tonna

596 2559 706 2614 carratas
729 2556 862 2613 Babtmic'
872 2564 1060 2629 protestatur.

285 2722 388 2777 Frater
412 2721 542 2777 Gentilis
567 2721 767 2777 miseracione
793 2720 897 2776 divina
929 2721 1009 2777 tituli
1043 2721 1139 2776 sancti
1172 2721 1295 2777 Martini
1319 2721 1349 2778 in
1374 2735 1461 2778 mon·

197 2829 278 2884 tibus
312 2828 463 2900 presbiter
486 2825 659 2895 cardinalis,
685 2827 856 2899 apostolice
880 2826 961 2883 sedis
985 2827 1113 2897 legatus.
1131 2826 1290 2885 Universis
1307 2833 1463 2900 presentes

195 2933 313 2989 litteras
337 2933 518 3005 inspecturis
543 2932 673 2988 salutem
700 2933 728 2987 in
746 2930 881 2988 domino
899 2931 1026 2988 Noverit
1044 2933 1228 2989 universitas
1252 2939 1363 3002 vestra,
1380 2932 1463 3005 quod

198 3038 382 3094 venerabilis
407 3040 435 3094 in
461 3039 584 3094 Christo
610 3046 704 3111 pater.
729 3038 824 3094 t'rater
852 3039 1047 3110 Augustinus
1065 3037 1114 3095 dei
1136 3040 1238 3110 gracia
1257 3039 1464 3110 zagrabiensis

197 3146 359 3216 episcopus
384 3146 412 3200 in
438 3152 540 3200 nostra
564 3154 592 3200 et
618 3145 851 3213 magnificorum
876 3144 1013 3200 virorum
1032 3142 1177 3216 Stephani
1195 3150 1224 3200 et
1246 3144 1394 3226 johannis
1418 3159 1469 3201 co-

197 3252 308 3307 mitum
334 3250 476 3321 Baboneg
504 3251 661 3322 presencia
686 3251 876 3311 constitutus,
901 3251 1062 3321 requisivit
1086 3249 1250 3321 diligenter
1274 3256 1303 3306 et
1319 3251 1467 3307 instanter

199 3356 297 3428 peciit,
322 3365 354 3411 ut
378 3363 513 3411 castrum
537 3355 654 3412 dictum
680 3354 818 3425 Medued,
843 3355 926 3427 quod
951 3356 1078 3413 ecclesie
1101 3355 1308 3427 zagrabiensis
1331 3371 1396 3412 esse
1420 3355 1465 3412 di-

198 3461 332 3517 noscitur
356 3467 384 3516 et
408 3461 445 3517 ad
470 3476 522 3517 eos
545 3477 692 3533 perversa
726 3462 820 3518 Marci
851 3463 988 3519 canonici
1020 3462 1227 3534 zagrabiensis
1255 3460 1390 3519 {accione
1414 3461 1466 3519 de·

199 3568 341 3623 volutum
365 3568 474 3635 extitit,
498 3569 556 3639 ipsi
587 3568 734 3639 episcopo
765 3573 794 3624 et
826 3567 925 3624 eidem
958 3569 1149 3640 zagrabiensi
1178 3568 1305 3625 ecclesie
1328 3567 1467 3625 restitue·

199 3680 274 3743 rent,
297 3673 429 3729 offerens
461 3690 492 3729 se
525 3679 666 3746 paratum
699 3671 736 3728 ad
769 3675 996 3731 restitucionem
1032 3674 1159 3747 pecunie
1184 3689 1241 3746 pro
1265 3689 1327 3747 qua
1350 3673 1467 3731 dictum

200 3788 333 3837 castrum
358 3778 530 3835 abeodem
555 3779 700 3835 canonico
735 3787 925 3852 receperunt,
957 3788 985 3836 et
1009 3780 1047 3837 ad
1081 3795 1172 3837 omne
1203 3778 1289 3836 aliud
1320 3780 1466 3836 interesse

200 3886 367 3942 secundum
392 3887 486 3942 nostri
520 3887 753 3942 extimacionem
780 3884 892 3943 iudicii.
916 3887 952 3944 Et
976 3887 1123 3958 quoniam
1147 3885 1221 3942 dicti
1248 3885 1369 3942 nobiles
1392 3886 1469 3959 peti·

201 3993 319 4050 cionem
344 3993 408 4047 eius
432 3991 468 4047 ad
495 4008 620 4064 presens
644 3998 839 4048 asseruerunt
863 3990 1028 4048 admittere
1044 4008 1076 4048 se
1093 4006 1153 4048 non
1173 4006 1273 4064 posse,
1297 3990 1380 4046 idem
1402 3992 1467 4064 epi·

201 4115 312 4172 scopus
338 4099 544 4170 proclamavit
567 4106 595 4153 et
620 4104 808 4171 protestatus
839 4107 883 4154 est
915 4113 1018 4154 coram
1048 4098 1137 4154 nobis
1160 4096 1328 4153 comitibus
1351 4095 1468 4153 eisdem

202 4206 403 4277 presentibus,
428 4211 562 4261 castrum
586 4219 677 4261 suum
701 4204 741 4260 ab
767 4204 840 4276 ipsis
864 4219 900 4261 eo
916 4204 1013 4261 invito
1031 4212 1059 4261 et
1081 4202 1308 4260 contradicente
1332 4201 1469 4261 detineri.

202 4309 301 4384 Super
331 4311 444 4382 quibus
477 4311 686 4382 requisicione.
720 4310 878 4382 peticione.
911 4310 1159 4382 proclamacione
1188 4325 1223 4365 ac
1247 4308 1472 4381 protestacione

203 4416 274 4472 dicti
299 4417 434 4489 episcopi
460 4424 489 4472 et
512 4415 692 4472 eorumdem
718 4417 865 4472 comitum
891 4417 1097 4488 responsione,
1113 4415 1152 4472 ad
1169 4415 1350 4472 instanciam
1373 4414 1470 4487 ipsius

202 4523 339 4594 episcopi
365 4529 520 4595 presentes
545 4522 661 4578 litteras
685 4521 723 4577 ad
749 4522 883 4578 t'uturam
907 4521 950 4578 rei
967 4522 1152 4578 memoriam
1168 4519 1236 4576 fieri
1253 4517 1472 4576 mandavimus

203 4637 232 4683 et
256 4628 351 4683 nostri
375 4627 468 4698 sigilli
493 4629 680 4700 appensione
704 4628 825 4684 muniri.
851 4629 963 4684 Actum
987 4642 1081 4700 super
1104 4628 1204 4699 ripam
1225 4623 1361 4687 fluminis
1378 4623 1471 4693 lana,

203 4733 232 4788 in
274 4733 343 4789 loco
374 4734 426 4804 qui
456 4740 582 4788 vocatur
615 4739 721 4806 portus
753 4733 864 4804 regius,
888 4733 972 4788 iuxta
1005 4731 1196 4802 Zagrabiam.
1229 4731 1318 4786 Anno
1350 4728 1469 4786 domini

1347 4847 1365 4895 ὁ
