3488 5242
242 335 300 390 252
661 324 734 382 Doc.
757 321 829 382 262.
855 358 892 368 -
910 325 966 382 An.
991 320 1079 402 1376.

236 527 342 578 nostro
365 521 403 578 de
427 522 601 592 Bukoucha,
626 540 660 580 ac
684 524 819 596 quodam
845 539 905 581 uno
927 525 1105 582 molendino
1122 526 1152 583 in
1168 525 1263 582 fluvio
1280 525 1501 597 lledwenycha

237 636 354 697 vocato,
387 634 416 685 et
449 629 478 684 in
511 630 622 686 tenutis
652 630 785 687 civitatis
815 629 978 687 Grecensis
1010 631 1165 701 existente,
1189 646 1260 687 curn
1283 638 1364 687 terra
1388 631 1501 688 arabili

236 732 276 790 ad
299 733 329 790 id
354 733 567 790 molendinum
600 736 780 808 pertinente,
811 736 955 792 similiter
989 752 1059 792 cum
1093 736 1285 807 quibuslibet
1314 737 1501 793 utilitatibus

237 838 417 895 eorumdem
449 840 536 896 vinee
567 847 597 896 et
626 841 795 898 molendini
827 842 1020 913 presentibus
1052 843 1167 913 pariter
1198 848 1227 899 et
1259 826 1389 909 futuris;
1417 843 1500 912 item,

237 944 392 1016 quandam
418 950 532 1002 terram
557 947 708 1003 arabilem
732 947 770 1003 ad
795 963 848 1003 sex
872 947 1017 1004 videlicet
1040 947 1146 1017 dietas,
1174 963 1269 1019 quam
1293 948 1323 1004 in
1347 947 1500 1004 territorio

237 1051 297 1107 vici
321 1051 502 1108 latinorum
525 1052 565 1109 ab
589 1053 716 1125 antiquo
750 1053 825 1126 ipsis
850 1054 1104 1110 testamentaliter
1126 1054 1261 1126 legatam
1286 1053 1501 1127 possedissent,

235 1155 337 1213 eidem
361 1156 488 1214 ecclesie
509 1159 605 1215 sancti
628 1159 776 1240 Johannis
799 1166 829 1215 et
851 1159 933 1215 dicto
957 1160 1092 1232 plebano
1115 1175 1150 1217 ac
1174 1176 1230 1232 per
1250 1175 1321 1216 eum
1338 1159 1501 1231 quibusvis

236 1262 297 1319 iam
321 1262 401 1320 dicte
424 1264 552 1320 ecclesie
575 1265 671 1321 sancti
691 1265 839 1346 Johannis
863 1265 996 1337 baptiste
1023 1265 1196 1322 rectoribus
1223 1265 1282 1322 sibi
1307 1265 1337 1321 in
1362 1263 1501 1322 futurum

236 1369 478 1439 succedentibus
508 1386 578 1427 cum
611 1371 696 1427 omni
727 1386 763 1428 eo
793 1370 931 1428 dominio
962 1378 991 1427 et
1023 1371 1219 1443 proprietate,
1241 1371 1354 1443 quibus
1377 1370 1500 1426 easdem

237 1477 296 1549 ipsi
320 1474 431 1533 fratres
455 1476 633 1533 habuissent
656 1483 686 1533 et
709 1477 916 1550 possedissent
939 1476 1033 1533 modo
1057 1477 1211 1533 consimili
1234 1477 1265 1533 in
1285 1475 1501 1533 concambium

236 1581 400 1652 dedissent,
430 1581 626 1639 tradidissent
657 1588 686 1639 et
718 1583 931 1654 assignassent,
963 1598 1037 1654 ymo
1067 1582 1217 1640 dederunt
1248 1589 1276 1639 et
1308 1582 1502 1652 assignarunt

236 1686 303 1763 jure
335 1689 559 1762 perhempnali,
595 1689 748 1759 tenendas,
782 1688 983 1762 possidendas
1014 1688 1130 1762 pariter
1157 1696 1187 1745 et
1210 1688 1375 1756 habendaS,
1399 1685 1502 1744 condi·

236 1794 322 1850 cione
347 1800 448 1851 tamen
463 1802 501 1860 ,et
524 1795 662 1851 serviciis
685 1795 775 1851 nobis
798 1793 959 1850 dumtaxat
989 1793 1126 1866 capitulo
1156 1793 1347 1866 zagrabiensi
1378 1792 1415 1848 de
1439 1792 1502 1848 iam

238 1898 320 1956 dicto
351 1900 460 1973 predio
496 1900 608 1972 Blyzna
642 1906 751 1957 vocato
785 1900 912 1970 debitis,
948 1900 1213 1973 provenientibus,
1248 1916 1371 1972 semper
1407 1899 1502 1955 salvis

237 2006 476 2063 remanentibus
508 2006 587 2062 Mete
618 2012 720 2062 autem
754 2006 849 2079 ipsius
882 2006 981 2078 predii
1005 2013 1034 2062 et
1059 2012 1139 2063 terre
1163 2007 1330 2078 prenotatis
1355 2004 1502 2061 fratribus

236 2120 265 2170 et
298 2128 404 2170 eorum
436 2113 569 2169 claustro
600 2111 787 2185 supradicto,
819 2112 912 2168 modo
943 2127 1005 2184 quo
1036 2128 1138 2185 supra.
1179 2112 1266 2182 datis,
1299 2117 1390 2184 prout
1421 2111 1503 2184 ipsas

237 2219 327 2276 nobis
351 2218 548 2276 honorabiles
572 2219 640 2287 viri,
664 2217 798 2275 domini:
823 2219 937 2275 Paulus
953 2225 1058 2276 cantor
1079 2226 1108 2276 et
1125 2219 1243 2275 Blasius
1270 2218 1503 2275 archidiaconus

236 2324 451 2394 kamarcensis‚
489 2339 604 2382 necnon
640 2324 787 2396 magister
814 2324 968 2394 Nicolaus,
999 2330 1091 2397 atque
1119 2325 1265 2395 magister
1288 2323 1431 2406 jacobus,
1455 2338 1503 2379 ar·

236 2429 433 2487 chidiaconus
464 2430 502 2486 de
533 2429 644 2498 lurda,
675 2430 705 2487 in
730 2430 859 2487 ecclesia
887 2430 1084 2498 transilvana‚
1109 2430 1242 2486 vicarius
1266 2429 1362 2486 nostri
1385 2429 1502 2501 episco-

238 2541 326 2610 patus
351 2536 540 2609 temporaliS,
564 2537 638 2593 socii
661 2543 691 2593 et
714 2536 910 2594 concanonici
933 2537 1038 2607 nostri,
1063 2551 1178 2593 necnon
1203 2534 1354 2606 Mychael,
1370 2533 1501 2590 condam

238 2642 370 2711 villicus,
396 2641 542 2711 Andreas,
566 2642 666 2698 dictus
689 2642 758 2713 Gay
781 2647 810 2699 et
835 2642 955 2698 Blasius
979 2641 1126 2712 carnifex,
1150 2643 1233 2698 cives
1256 2640 1448 2713 episcopales
1464 2638 1503 2695 de

238 2748 306 2805 vico
330 2748 518 2818 latinorum,
542 2763 620 2820 quos
643 2747 681 2805 ad
707 2747 737 2805 id
762 2747 950 2805 duxeramus
974 2749 1179 2805 communiter
1199 2745 1404 2816 destinandos
1421 2752 1503 2802 retu-

237 2856 338 2912 lerunt
368 2854 482 2910 seriose
511 2870 548 2910 eo
579 2854 672 2911 modo
703 2853 947 2926 distinguuntur:
979 2854 1082 2911 Prima
1117 2861 1199 2910 meta
1223 2853 1330 2925 incipit
1355 2853 1384 2908 in
1408 2851 1502 2908 lluvio

239 2960 351 3031 Blyzna
375 2966 405 3016 et
428 2960 568 3032 procedit
600 2976 706 3017 versus
738 2960 926 3017 occidentem
961 2960 1074 3017 directe
1106 2959 1143 3016 ad
1170 2959 1425 3030 Belangoncham,
1449 2958 1502 3014 ubi

237 3073 281 3122 est
314 3075 394 3122 meta
427 3070 534 3136 terrea,
566 3064 676 3122 deinde
709 3082 817 3122 versus
847 3066 978 3124 eundem
1010 3065 1199 3123 occidentem
1226 3063 1326 3122 eundo
1364 3063 1503 3136 pervenit

238 3171 277 3228 ad
310 3173 402 3241 viam,
435 3188 494 3243 que
527 3172 633 3228 transit
665 3171 702 3228 dc
733 3171 893 3244 Zagrabya
924 3188 1031 3228 versus
1059 3172 1170 3228 villam
1194 3170 1398 3243 Stephanoch,
1422 3169 1502 3225 circa

239 3293 332 3350 quam
357 3284 402 3334 est
425 3284 507 3334 meta
538 3283 644 3348 terrea,
676 3277 787 3334 deinde
819 3277 1045 3350 progrediendo
1077 3293 1184 3333 versus
1215 3276 1344 3332 eandem
1376 3276 1502 3348 plagam

239 3383 460 3440 occidentalem
482 3384 511 3440 in
536 3384 691 3455 quandam
714 3384 841 3453 vallem,
865 3384 918 3440 ubi
942 3389 986 3440 est
1010 3389 1092 3440 meta
1117 3389 1223 3452 terrea,
1240 3382 1350 3438 exhinc
1367 3380 1503 3437 ascendit

239 3497 375 3546 montem
400 3505 507 3546 versus
523 3490 713 3546 occidentem
730 3489 966 3563 progrediendo,
983 3490 1037 3546 ubi
1054 3497 1098 3546 est
1114 3505 1174 3545 una
1191 3489 1284 3544 arbor
1300 3487 1379 3543 ilicis
1396 3502 1502 3558 parva,

239 3601 321 3652 meta
345 3600 445 3652 terrea
467 3595 662 3666 circumfusa,
695 3596 736 3652 ab
760 3595 830 3652 inde
853 3595 939 3652 vadit
962 3595 999 3651 ad
1025 3595 1156 3651 eundem
1180 3593 1370 3650 occidentem
1394 3608 1503 3665 perve-

238 3701 344 3773 nitque
367 3700 405 3756 ad
433 3701 589 3773 quandam
613 3702 705 3772 viam,
729 3702 783 3758 ubi
806 3707 852 3757 est
873 3701 967 3759 arbor
991 3701 1078 3771 ilicis,
1095 3705 1178 3756 meta
1193 3704 1292 3756 terrea
1308 3696 1503 3767 circumfusa,

238 3808 279 3864 ab
311 3806 379 3864 inde
412 3806 512 3865 eundo
544 3807 659 3865 directe
690 3807 728 3864 ad
761 3807 893 3865 eundem
927 3807 1116 3864 occidentem
1147 3812 1177 3862 et
1201 3804 1386 3862 transeundo
1409 3819 1502 3860 unam

239 3913 364 3984 vallem,
389 3913 643 3986 ascendendoque
667 3914 871 3970 monticulum
895 3912 1019 3970 devenit
1041 3912 1080 3969 ad
1101 3911 1259 3984 quoddam
1276 3910 1433 3980 fossatum,
1450 3911 1504 3968 ubi

239 4023 285 4075 est
315 4024 397 4075 meta
429 4024 536 4088 terrea,
568 4020 599 4076 in
630 4019 733 4076 medio
757 4019 843 4076 cuius
866 4024 947 4076 mete
971 4023 1041 4075 sunt
1065 4019 1125 4075 due
1146 4019 1272 4076 arbores
1296 4017 1375 4074 ilicis
1399 4033 1503 4089 parve,

239 4125 313 4181 item
345 4125 385 4181 ab
414 4125 484 4182 inde
514 4125 713 4197 progreditur
743 4125 858 4182 directe
891 4125 928 4182 ad
960 4124 1094 4181 eundern
1118 4124 1316 4194 occidentem,
1340 4123 1427 4195 quasi
1448 4139 1504 4196 per

240 4229 399 4302 quoddam
429 4230 577 4287 fossatum
609 4237 639 4287 et
669 4231 753 4288 venit
784 4232 815 4288 in
847 4230 1002 4304 quandam
1031 4230 1147 4287 vallem
1169 4230 1199 4287 in
1223 4230 1308 4286 cuius
1333 4228 1435 4285 medio
1459 4234 1504 4285 est

240 4352 299 4392 una
322 4336 416 4393 arbor
440 4337 527 4407 ilicis,
551 4342 633 4394 meta
656 4345 754 4394 terrea
778 4336 972 4406 circumfusa,
996 4337 1066 4393 inde
1089 4335 1128 4392 ad
1152 4336 1245 4392 aliam
1270 4341 1385 4391 metam
1406 4335 1505 4391 consi-

240 4442 347 4498 milem
379 4443 459 4500 circa
490 4443 646 4515 quandam
674 4444 758 4501 viam
782 4449 924 4502 erectam.
957 4444 997 4500 ab
1020 4442 1089 4500 inde
1112 4441 1303 4498 ascendendo
1327 4441 1442 4499 directe
1465 4441 1503 4498 ad

240 4547 341 4620 ipsum
366 4548 556 4605 occidentem
587 4549 618 4605 in
640 4549 737 4607 latere
761 4550 873 4607 montis
905 4557 950 4607 est
973 4557 1055 4606 meta
1080 4555 1178 4606 terrea
1202 4548 1347 4605 arborem
1370 4548 1450 4605 ilicis
1473 4548 1503 4605 in

240 4669 272 4709 se
303 4654 468 4725 continens,
499 4655 611 4712 abhinc
642 4655 672 4712 in
704 4656 818 4713 verlice
849 4657 947 4728 ipsius
979 4657 1093 4714 montis
1120 4659 1164 4713 est
1188 4660 1270 4712 meta
1293 4655 1504 4725 consimiliter,

240 4758 350 4818 deinde
373 4761 467 4818 intrat
491 4775 636 4834 magnam
659 4761 785 4833 vallem,
808 4763 864 4820 ubi
887 4766 932 4819 est
956 4769 1037 4820 meta
1060 4761 1270 4834 consimiliter,
1293 4761 1331 4819 de
1354 4776 1436 4819 novo
1460 4766 1505 4817 est
