3488 5242
632 338 705 396 Doc.
723 333 801 415 360.
827 370 863 378 -
881 337 938 394 An.
962 349 1051 414 1392.
1414 351 1473 411 335

212 556 250 597 ex
283 540 372 599 dictis
401 540 509 598 litibus
539 539 707 611 insurgere,
741 536 800 595 deo
827 536 960 607 volente,
990 535 1088 594 dictas
1119 535 1197 605 lites,
1231 534 1424 592 differencias
1447 539 1476 591 et

212 648 385 720 pressiones
408 647 515 720 pocius
537 645 698 702 concordie
722 659 815 716 quam
847 643 960 700 iudicio
991 643 1069 700 inter
1100 657 1133 699 se
1159 630 1325 698 terminare
1360 639 1479 698 delibe·
1576 626 1581 638 ’

212 761 327 824 rarunt,
351 754 381 810 in
404 769 459 810 nos
482 752 768 825 compromittentes
788 749 883 807 modo
907 755 937 806 et
960 748 1062 807 forma
1077 749 1226 806 contentis
1242 749 1272 805 in
1288 749 1386 805 literis
1403 747 1476 804 utri·

212 875 310 931 usque
333 875 440 916 eorum
464 858 577 929 sigillis
593 857 744 930 sigillatis,
762 871 894 928 quarum
913 861 1033 913 tenores
1049 860 1220 928 sequuntur
1242 862 1272 911 et
1295 860 1365 911 sunt
1382 854 1478 911 tales:

213 970 243 1022 et
266 966 377 1038 prim0‚
410 972 496 1022 tenor
520 965 692 1021 litterarum
724 962 841 1020 domini
873 962 1010 1037 episcopi
1042 961 1112 1018 talis
1145 968 1205 1018 est:
1238 955 1311 1039 (vid.
1335 976 1379 1016 nr.
1405 974 1477 1031 351,

214 1086 293 1128 anno
310 1085 400 1145 1391,
420 1084 445 1138 7.
462 1061 618 1143 octobris).
634 1069 735 1125 Tenor
752 1069 879 1141 capituli
897 1068 1071 1125 litterarum
1088 1067 1158 1124 talis
1175 1075 1234 1124 est:
1252 1060 1327 1144 (vid.
1343 1083 1387 1123 nr.
1405 1078 1477 1138 350,

214 1192 293 1234 anno
322 1191 413 1250 1391,
438 1174 464 1233 6.
489 1166 645 1250 octobris).
671 1175 760 1231 Dicto
784 1179 887 1231 autem
911 1174 1136 1246 compromisso
1152 1189 1209 1246 per
1224 1172 1360 1245 prefatas
1375 1180 1478 1245 partes

214 1283 244 1340 in
268 1298 332 1352 nos,
356 1288 390 1339 ut
413 1282 611 1354 premittitur,
636 1280 718 1337 facto
749 1286 778 1337 01
808 1281 898 1337 nobis
929 1285 1103 1353 presentato
1134 1295 1190 1352 per
1221 1280 1304 1352 ipsas
1326 1281 1478 1352 nobisque

213 1388 377 1461 requisitis,
401 1394 435 1444 ut
458 1402 527 1444 cum
553 1386 645 1443 finem
671 1385 893 1459 imponendum
918 1386 1026 1444 litibus
1049 1389 1128 1443 inter
1151 1386 1249 1443 dictas
1265 1391 1368 1459 partes
1390 1386 1478 1444 labo·

213 1511 282 1552 rare
306 1501 335 1551 et
358 1500 461 1567 partes
484 1492 522 1549 ad
545 1491 741 1549 concordiam
766 1491 911 1549 reducere
926 1491 1119 1561 deberemus,
1147 1491 1374 1549 considerantes
1394 1492 1478 1565 quod

213 1601 286 1657 licet
309 1599 464 1666 immeriti,
488 1597 656 1655 sacerdotis
680 1604 780 1655 tamen
805 1598 965 1670 fungimur
987 1597 1100 1667 offici0,
1124 1599 1210 1655 cuius
1234 1615 1306 1656 01110
1327 1601 1406 1657 inter
1430 1617 1478 1657 ce·

214 1713 279 1763 tera
293 1705 492 1777 dignoscitur
515 1705 660 1761 interesse
683 1704 839 1776 quoslibet
870 1704 1080 1762 discordantes
1103 1705 1141 1762 ad
1167 1705 1364 1763 concordiam
1387 1721 1477 1762 revo

214 1827 292 1881 care,
316 1812 385 1868 lites
408 1810 530 1867 solvere
554 1816 583 1866 et
608 1811 706 1882 iurgia
728 1811 917 1882 ubicumque
941 1810 971 1866 in
996 1816 1146 1882 quantum
1170 1816 1270 1884 potest
1302 1811 1424 1869 auferre
1448 1818 1477 1869 et

216 1917 299 1989 quod
325 1918 402 1973 sicut
425 1931 521 1989 parve
544 1931 593 1972 res
626 1915 788 1972 concordia
812 1922 959 1986 crescunt,
983 1918 1025 1974 ita
1059 1919 1192 1975 maxime
1219 1918 1373 1976 discordia
1397 1919 1474 1976 dila·

215 2024 339 2091 buntur,
363 2023 481 2079 dictum
504 2022 763 2094 compromissum
788 2022 1017 2096 acceptavimus
1039 2023 1255 2095 assignatoque
1279 2025 1421 2096 partibus
1437 2024 1477 2082 ad

215 2128 247 2186 id
271 2134 354 2186 certo
378 2128 519 2197 termin0,
543 2135 576 2184 ut
604 2142 709 2185 coram
739 2129 828 2184 nobis
859 2127 1064 2200 producerent
1094 2130 1262 2202 peticiones
1285 2131 1425 2203 ipsorum
1449 2138 1478 2189 et

216 2235 409 2292 intenciones
433 2233 549 2290 Tamen
574 2233 757 2291 adveniente
781 2235 849 2307 ipso
875 2235 1006 2291 termino
1037 2240 1066 2291 et
1096 2236 1186 2293 nobis
1210 2237 1240 2294 in
1263 2237 1402 2295 sacristia
1424 2254 1477 2295 seu

216 2342 406 2398 thezaurario
429 2332 640 2417 (cathedralis)
663 2340 791 2397 ecclesie
815 2341 1021 2412 zagrabiensis
1045 2356 1103 2413 pro
1126 2342 1275 2400 tribunali
1299 2343 1477 2403 sedentibus

215 2462 273 2520 pro
297 2446 417 2520 prefato
441 2446 567 2502 domino
590 2446 744 2519 episcopo,
768 2446 868 2503 nobili
890 2447 959 2505 viro
984 2448 1476 2522 1110815110Ρο110,1111οΝ10011ιί,

215 2552 272 2610 filii
297 2554 425 2609 Michael
451 2551 489 2608 de
514 2553 626 2620 Rauen,
651 2551 766 2608 decano
789 2552 818 2609 in
843 2553 1069 2626 temporalibus
1085 2554 1182 2627 ipsius
1198 2554 1315 2613 domini
1338 2557 1476 2630 episcopi

215 2675 286 2716 cum
311 2660 422 2716 litteris
446 2659 665 2732 procuratoriis
681 2658 828 2727 eiusdem,
845 2659 913 2731 ipso
929 2664 1000 2717 tunc
1017 2661 1153 2733 capitulo
1169 2668 1318 2734 presente,
1337 2664 1477 2736 proposi·

215 2772 280 2822 turn
298 2765 355 2823 fuit
371 2766 401 2822 in
425 2766 506 2822 hunc
530 2763 673 2822 modum:
698 2765 780 2837 quod
806 2766 908 2837 ipsum
933 2767 1105 2839 capitulum
1121 2774 1151 2824 et
1167 2769 1304 2825 canonici
1323 2769 1475 2842 prelibate

215 2874 342 2929 ecclesie
366 2872 571 2943 zagrabiensis
595 2872 624 2928 in
649 2872 795 2928 omnibus
818 2874 930 2929 sanctis
953 2873 1078 2944 synodis
1109 2890 1164 2947 per
1188 2875 1291 2947 ipsum
1315 2875 1477 2932 dominum

215 2979 395 3051 episcopum
421 2977 592 3046 celebratis,
617 2984 720 3050 preter
743 2978 877 3050 primam
898 2978 1060 3050 synodum,
1077 2981 1191 3037 multas
1214 2981 1409 3050 rebelliones,
1434 2981 1477 3038 in·

215 3085 308 3141 iurias
332 3090 361 3141 et
386 3084 566 3140 insolencias
590 3084 791 3141 multimodas
815 3091 920 3141 contra
944 3086 1046 3158 ipsum
1069 3086 1301 3157 adamaverunt,
1323 3103 1379 3160 per
1401 3103 1477 3159 quas

216 3190 316 3247 clems
339 3206 411 3246 suus
435 3191 463 3247 in
488 3191 598 3247 maiori
623 3196 710 3262 parte
733 3190 773 3246 ab
797 3191 861 3249 eius
885 3191 1065 3249 obediencia
1088 3199 1133 3249 est
1157 3208 1293 3263 aversus,
1318 3193 1477 3266 multaque

216 3313 253 3353 ex
277 3313 313 3353 eo
337 3297 480 3353 sustinuit
504 3295 617 3353 damna
641 3304 670 3353 et
693 3296 821 3353 sustinet
844 3296 882 3353 de
906 3298 1047 3370 presenti.
1074 3298 1157 3367 ltem,
1181 3298 1264 3371 quod
1292 3297 1365 3356 dicti
1388 3315 1477 3357 cano·

215 3403 274 3460 nici
299 3409 329 3459 et
352 3403 524 3474 capitulum
548 3402 694 3475 predictis
717 3417 776 3458 non
801 3403 933 3459 contenti
961 3403 992 3459 111
1022 3404 1115 3460 0111115
1142 3404 1256 3474 regalis
1278 3409 1308 3460 01
1331 3404 1477 3476 reginalis

216 3509 420 3577 maiestatum,
453 3508 706 3580 prelatorumque
737 3513 767 3563 et
798 3508 948 3565 baronum
980 3510 1128 3582 ipsorum,
1160 3515 1319 3582 postremo
1350 3511 1477 3568 veroin

216 3614 300 3670 curia
323 3629 451 3670 romana
475 3629 577 3670 coram
603 3612 731 3670 domino
753 3618 858 3670 nostro
882 3630 964 3687 papa
996 3622 1025 3672 et
1055 3617 1120 3672 eius
1143 3630 1231 3672 sacro
1254 3616 1387 3687 collegio
1410 3631 1474 3673 car·

216 3719 367 3776 dinalium
391 3720 420 3775 in
445 3720 626 3776 consistorio
651 3720 777 3792 publico
802 3720 901 3776 multa
924 3726 1030 3777 contra
1053 3722 1156 3794 ipsum
1181 3727 1419 3795 proposuerunt,
1444 3737 1479 3778 ea

216 3826 246 3882 in
271 3832 357 3898 parte
380 3841 439 3882 non
465 3825 621 3882 modicum
646 3827 709 3882 imo
732 3826 862 3883 nimium
895 3827 998 3898 ipsum
1030 3826 1217 3896 difamand0,
1250 3833 1379 3900 propter
1402 3844 1480 3900 quus

216 3931 447 3988 diffamaciones
471 3938 500 3987 et
524 3932 756 4004 proposiciones
787 3933 889 4005 ipsum
921 3932 1081 3990 dominum
1114 3935 1295 4006 episcopum
1328 3948 1389 3991 non
1413 3949 1479 3991 rno-

216 4037 300 4095 dicas
323 4038 460 4110 oportuit
484 4039 588 4094 subire
611 4054 768 4110 expensas.
792 4039 878 4108 110111,
902 4037 1053 4110 quasdam
1078 4039 1244 4111 particulas
1269 4044 1357 4109 terre,
1384 4055 1479 4096 unam

217 4143 436 4215 Bokaniapolia
460 4143 507 4199 ad.
524 4144 632 4200 villam
657 4144 853 4218 episcopatus
876 4146 922 4201 sui
947 4145 1119 4216 Chicherye
1134 4145 1323 4217 pertinentes
1338 4150 1369 4201 et
1384 4145 1478 4202 aliam

216 4266 309 4323 penes
332 4250 504 4331 Jelenowcz
528 4250 666 4306 habitam
699 4257 728 4307 et
758 4251 907 4307 nonnulla
938 4255 1035 4323 prata,
1067 4265 1166 4322 agros,
1198 4251 1293 4307 silvas
1316 4255 1346 4307 01
1369 4251 1478 4307 rubeta

216 4357 297 4413 circa
321 4362 350 4412 ct
374 4371 472 4429 prope
497 4356 614 4425 Vgram
638 4357 760 4412 habitos
783 4364 812 4413 et
834 4357 997 4413 existentes
1021 4348 1232 4434 occupare(nt)
1256 4362 1285 4413 et
1308 4357 1479 4415 detinerent

217 4469 380 4535 occupatas
402 4479 455 4519 seu
475 4467 632 4535 occupata,
653 4478 747 4534 super
770 4463 883 4535 quibus
899 4477 955 4534 per
978 4477 1033 4519 nos
1056 4469 1086 4519 et
1108 4470 1246 4520 nostram
1262 4463 1478 4520 arbitrativam

217 4576 246 4625 et
269 4568 460 4625 definitivam
478 4568 664 4625 sentenciam
688 4584 725 4624 ex
750 4574 838 4640 parte
861 4568 1015 4626 dictorum
1038 4569 1237 4627 dominorum
1260 4571 1478 4627 canonicorum

217 4675 345 4747 capituli
369 4675 434 4746 ipse
458 4674 602 4731 dominus
625 4674 789 4747 episcopus
816 4674 942 4748 petebat
971 4675 1031 4731 sibi
1061 4674 1299 4733 satisfactionem
1331 4674 1479 4748 impendi,

216 4780 345 4838 arbitrio
369 4787 471 4837 tamen
494 4786 599 4837 nostro
630 4786 660 4837 et
690 4780 909 4838 deliberacioni
939 4796 975 4838 ac
1006 4780 1189 4839 discussioni
1214 4781 1476 4855 disposiciouique
