3488 5242
647 375 720 432 Dec.
739 389 812 452 331.
839 408 875 416 -
899 375 955 432 An.
979 371 1068 452 1387.
1432 396 1493 457 309

230 574 361 630 termino
395 573 549 644 assignato
580 572 669 629 nobis
699 572 834 629 fideliter
864 572 1048 630 rescribatis.
1082 573 1198 630 Datum
1231 573 1261 630 in
1299 574 1494 647 Kapruncba‚

230 678 305 736 seria
344 687 453 751 quarta
488 679 631 751 proxima
666 684 735 735 ante
770 677 883 735 testum
923 679 1005 736 beati
1039 678 1199 736 Laurencii
1223 680 1366 737 martiris.
1406 682 1494 739 Anno

230 784 348 842 domini
373 785 663 842 MCCCLXXXVII.

317 921 338 971 Ε
360 928 523 986 transumpto
545 919 656 985 capituli
675 919 861 985 zagrabiensis,
882 926 911 970 ut
931 919 1007 969 infra.

818 1186 901 1252 331.

334 1349 409 1395 Anno
431 1347 504 1404 1387,
524 1356 565 1394 20.
587 1344 707 1409 Augusti.
727 1344 880 1409 Zagrabiae.

233 1472 396 1546 Grprtulum
420 1475 481 1530 eccl.
504 1474 621 1545 :agrae
651 1472 865 1546 Segimundum
889 1473 1065 1545 Hungunire
1087 1481 1134 1529 etc.
1158 1491 1250 1546 regem
1275 1474 1309 1530 de
1328 1475 1495 1532 introductis

318 1580 425 1636 ciuibus
448 1581 478 1635 in
497 1581 698 1653 possessionem
722 1578 896 1637 Petrouinae
918 1585 946 1634 et
966 1577 1129 1652 Israsthyu,
1152 1580 1295 1635 certiorem
1310 1580 1398 1653 facit.

316 1739 516 1797 Serenissimo
539 1742 673 1814 principi
706 1741 832 1798 domino
862 1738 1069 1810 sigismundo,
1093 1738 1142 1796 dei
1170 1740 1274 1810 gracia
1298 1740 1403 1796 inclito
1426 1742 1491 1812 regi

228 1849 371 1918 Vngarie,
393 1848 563 1917 Dalmacie‚
591 1847 717 1904 (Troacie
741 1854 804 1916 etc,
836 1862 871 1902 ac
903 1845 1072 1902 marchioni
1104 1844 1405 1917 Brandemburgensi
1429 1854 1493 1916 etc,

227 1954 354 2011 domino
378 1953 518 2026 ipsorum
542 1954 683 2023 naturali,
708 1953 880 2026 capitulum
904 1967 958 2008 sue
981 1950 1188 2023 zagrabiensis
1218 1951 1353 2021 ecclesie,
1377 1952 1493 2009 oracio·

227 2076 302 2116 num
326 2058 473 2130 suffragia
497 2059 680 2115 devotarum
705 2073 764 2131 pro
788 2057 897 2115 eodem
920 2056 961 2113 ad
983 2056 1085 2113 filium
1109 2057 1239 2128 virginis
1266 2057 1408 2129 gloriose.
1432 2058 1493 2115 Ve·
1570 2038 1574 2046 ’

226 2172 291 2222 stra
314 2166 435 2222 noverit
458 2165 653 2234 excellencia,
670 2180 725 2221 nos
742 2171 843 2221 vestre
859 2162 1061 2220 sublimitatis
1077 2163 1195 2220 litteras
1211 2163 1387 2219 statutorias
1403 2163 1493 2221 aliter

227 2277 257 2328 et
279 2270 516 2328 introductorios
547 2286 605 2343 pro
633 2278 721 2344 parte
748 2270 865 2340 iudicis,
890 2270 1061 2325 iuratorum
1084 2276 1113 2325 et
1136 2269 1354 2326 universorum
1377 2269 1493 2326 civium

226 2377 359 2433 civitatis
384 2382 485 2433 vestre
509 2376 670 2433 Grecensis
695 2376 732 2434 de
757 2376 915 2447 Zagrabia,
940 2376 1029 2433 nobis
1052 2375 1191 2445 directas,
1216 2376 1332 2432 honore.
1357 2390 1419 2447 quo
1441 2375 1493 2432 de·

227 2483 289 2538 cuit
312 2484 463 2555 recepisse
487 2483 516 2538 in
541 2484 597 2539 hec
622 2484 731 2540 verba:
763 2476 837 2560 (vid.
868 2499 913 2539 nr.
951 2495 1022 2554 330,
1053 2496 1133 2538 anno
1168 2481 1258 2553 1387,
1292 2481 1318 2538 8.
1342 2474 1493 2558 Augusti).

227 2588 290 2643 Nos
314 2587 406 2658 igitur
430 2587 583 2645 mandatis
607 2597 708 2645 vestre
735 2588 903 2645 maiestatis
935 2585 1063 2643 obedire
1095 2587 1261 2658 cupientes
1285 2592 1319 2643 ut
1344 2594 1493 2658 tenemur,

227 2710 359 2750 unacum
384 2694 504 2767 prefato
529 2694 637 2767 Egidio
661 2696 844 2763 theutonico,
869 2689 1037 2751 castellano
1055 2692 1093 2748 de
1112 2691 1214 2764 Selyn,
1230 2693 1356 2750 bomine
1380 2702 1492 2765 vestra,
1567 2726 1569 2730 ·

227 2800 256 2856 in
289 2800 404 2857 eisdem
436 2801 547 2857 litteris
579 2801 689 2857 vestris
721 2800 890 2857 statutoriis
925 2799 1109 2856 nominatim
1132 2798 1246 2855 inserto
1277 2807 1307 2855 et
1337 2814 1493 2871 expresso,

227 2921 321 2962 unum
347 2923 384 2963 ex
407 2907 505 2975 nobis,
528 2906 673 2962 videlicet
697 2907 800 2963 virum
824 2905 991 2962 discretum
1020 2905 1204 2976 magistrum
1239 2903 1421 2974 Barnabam,
1445 2921 1493 2962 so·

226 3012 307 3068 cium
332 3017 361 3068 et
385 3012 624 3069 concanonicum
649 3020 790 3068 nostrum
814 3011 853 3068 ad
879 3013 980 3085 ipsam
1011 3011 1213 3066 statucionem
1237 3018 1267 3067 et
1290 3009 1494 3068 introduccio·

226 3133 296 3174 nem
320 3119 592 3190 possessionariam
618 3116 791 3174 faciendam
814 3133 871 3190 pro
903 3117 1078 3173 testimonio
1110 3115 1256 3173 duximus
1286 3118 1493 3174 transmitten-

226 3223 310 3292 dum,
335 3224 387 3295 qui
411 3222 535 3279 tandem
558 3223 596 3279 ad
621 3238 676 3279 nos
700 3222 810 3280 exinde
834 3224 950 3281 reversi
975 3223 1064 3279 nobis
1096 3220 1288 3279 concorditer
1312 3222 1492 3293 retulerunt,

228 3329 312 3401 quod
336 3330 395 3401 ipsi
420 3328 495 3385 teria
519 3328 650 3385 secunda
676 3330 818 3401 proxima
834 3337 904 3386 ante
920 3329 1034 3385 festum
1049 3328 1274 3401 assumpcionis
1292 3329 1381 3385 beate
1397 3330 1493 3386 Marie

226 3435 364 3505 virginis.
390 3435 531 3506 proxime
549 3435 741 3507 preteritum,
766 3434 805 3491 ad
827 3434 918 3492 facies
935 3435 1179 3507 prescriptarum
1194 3435 1423 3506 possessionum
1440 3436 1493 3492 Pe-

228 3541 347 3597 trouina
370 3547 399 3597 et
423 3541 561 3597 Hrascha
583 3546 763 3597 vocatarum
779 3542 896 3613 pariter
911 3541 1107 3598 accessissent
1123 3549 1153 3596 et
1169 3539 1200 3596 in
1217 3538 1294 3596 facie
1311 3539 1492 3598 earumdem

227 3646 334 3702 vicinis
358 3653 387 3702 et
410 3647 629 3702 commetaneis
655 3647 807 3703 universis
830 3647 906 3704 inibi
926 3647 1102 3704 convocatis
1117 3651 1147 3702 et
1163 3645 1366 3719 presentibus,
1383 3644 1493 3705 diebus

226 3753 385 3822 legittimis
409 3753 494 3809 iuxta
518 3754 604 3825 regni
627 3754 722 3810 vestri
753 3752 1007 3810 consvetudinem
1038 3751 1077 3808 ad
1110 3751 1141 3809 id
1174 3752 1255 3824 aptis
1287 3766 1409 3808 moram
1432 3759 1492 3809 tra·

226 3859 340 3927 nentes,
364 3860 453 3915 nullo
476 3859 701 3916 contradictore
726 3859 801 3916 inibi
833 3864 1002 3931 apparente
1033 3873 1088 3914 nec
1120 3856 1346 3914 contradicente
1373 3872 1492 3914 memo·

226 3974 307 4021 ratas
331 3966 537 4037 possessiones
563 3965 724 4022 Petrouina
748 3973 777 4021 et
802 3964 939 4021 llrascha
963 3970 1087 4020 vocatas
1117 3964 1204 4020 iuxta
1218 3977 1332 4019 novam
1349 3961 1491 4021 donacio·

226 4088 295 4128 nem
321 4081 421 4128 vestre
445 4072 656 4132 sublimitatis.
681 4072 860 4128 memoratis
884 4071 985 4138 iudici,
1009 4070 1116 4126 iuratis
1139 4076 1169 4126 et
1191 4069 1344 4126 universis
1368 4069 1491 4126 civibus

225 4177 338 4233 factam
363 4177 438 4249 ipsis
461 4192 496 4232 ac
520 4191 626 4233 eorum
653 4175 818 4232 heredibus
841 4183 871 4232 et
895 4176 1126 4249 posteritatibus
1151 4181 1302 4248 perpetuo
1318 4179 1348 4231 et
1364 4173 1492 4247 pacifice

227 4282 436 4356 possidendas
461 4280 605 4338 tenendas
636 4290 664 4339 et
687 4282 845 4339 habendas
870 4281 1092 4338 introducendo
1115 4282 1298 4338 statuissent.
1321 4280 1438 4337 Datum
1461 4282 1492 4337 in

227 4389 304 4445 festo
328 4389 497 4445 beatissimi
522 4387 670 4461 Stephani
694 4388 783 4460 regis
809 4392 898 4445 Anno
922 4386 1039 4445 domini
1064 4386 1250 4460 supradicto.

315 4522 455 4586 Originale
477 4522 502 4571 in
523 4523 620 4578 charta,
646 4538 661 4571 a
681 4529 757 4588 tergo
777 4521 920 4587 vestigium
940 4520 1025 4586 sigilli
1045 4520 1209 4586 capitularis
1230 4519 1260 4570 In
1279 4519 1349 4569 arch.
1369 4519 1415 4569 lib.
1436 4535 1490 4587 reg.

226 4613 275 4662 civ.
292 4611 396 4676 zagrab.
