3488 5242
679 327 826 385 aerenda.
854 361 890 371 -
915 327 972 385 An.
998 321 1086 405 1376·

254 434 560 443 —-——-———

319 664 394 711 Anno
417 662 490 719 1376.
513 671 550 720 14.
571 660 729 710 novembris,
749 661 900 726 Zagrabiae.

247 787 435 844 zeustaclu'us
458 789 584 844 vicarius
604 789 750 861 generalis
774 789 858 861 regni
879 787 1036 847 Slnoom'oe
1058 790 1090 847 in
1112 791 1347 863 congregratione
1376 790 1511 846 trobilt'um

335 895 420 966 regni
441 891 574 952 balneum
598 895 627 950 in
650 896 714 951 vicu
737 896 971 967 captationem,
993 896 1054 952 eccl.
1079 896 1102 951 b.
1128 897 1240 967 oe'ngt'nl
1265 896 1421 954 adiudicat.

334 1036 397 1093 Nos
421 1031 618 1093 Leustachius
643 1039 776 1094 vicarius
800 1039 897 1094 tocius
920 1039 1007 1109 regni
1030 1038 1192 1095 Sclauonie
1215 1040 1368 1110 generalis
1386 1055 1442 1111 per
1457 1040 1510 1094 do-

247 1145 366 1200 minum
391 1142 581 1199 Lodouicum
606 1142 656 1200 dei
678 1146 781 1215 gracia
805 1145 945 1201 inclitum
963 1159 1068 1215 regem
1086 1145 1242 1215 Hungarie
1259 1143 1431 1216 deputatus.
1450 1147 1511 1203 lle-

247 1249 344 1305 morie
368 1247 623 1305 commendamus
648 1258 750 1306 tenore
779 1250 972 1323 presencium
1004 1251 1117 1321 quibus
1149 1249 1274 1323 expedit
1305 1251 1510 1321 significantes

247 1356 405 1423 universis,
429 1354 513 1426 quod
537 1370 609 1411 curn
634 1354 792 1428 predictus
816 1355 959 1412 dominus
984 1362 1087 1412 noster
1111 1372 1164 1411 rex
1191 1357 1342 1428 perceptis
1356 1358 1510 1427 querimo-

246 1461 303 1516 niis
327 1461 462 1532 religiosi
493 1461 549 1517 viri
579 1460 683 1518 fratris
716 1461 852 1518 Honoldi
880 1462 1002 1518 abbatis
1033 1462 1159 1517 ecclesie
1194 1462 1281 1517 beate
1312 1463 1441 1533 virginis
1472 1462 1510 1518 de

246 1564 396 1637 Zagrabia
419 1573 524 1623 contra
547 1565 705 1637 Gerynum
730 1568 831 1632 civem
856 1568 990 1624 civitatis
1010 1565 1171 1623 (irecensis
1191 1583 1285 1640 super
1301 1582 1345 1634 ee,
1364 1573 1395 1623 ut
1412 1566 1508 1639 quod-

245 1672 316 1728 dam
344 1673 489 1728 balneum
506 1672 586 1728 dicte
602 1674 729 1729 ecclesie
750 1689 811 1742 sue,
829 1672 986 1745 Zagrabie,
1008 1688 1105 1746 prope
1122 1675 1221 1746 ipsam
1238 1673 1399 1729 ecclesiam
1423 1676 1509 1730 beate

247 1778 374 1848 virginis
405 1793 492 1833 secus
523 1778 625 1834 rivum
662 1778 762 1836 Grech
792 1780 942 1847 habitum,
975 1796 1031 1852 per
1062 1781 1164 1852 ipsum
1197 1777 1356 1850 Gerynum
1385 1779 1414 1836 in
1442 1795 1507 1851 pre·

245 1883 392 1941 iudicium
414 1884 494 1940 dicte
517 1885 644 1941 ecclesie
670 1886 756 1942 beate
780 1886 908 1957 virginis
936 1885 1123 1942 detineretur
1139 1893 1332 1957 occupatum,
1351 1885 1409 1957 ipsi
1428 1886 1509 1956 regie

245 1989 405 2046 humiliter
431 1990 581 2062 porrectis
608 1992 769 2053 maiestati,
803 1990 1023 2047 discussionem
1057 1990 1234 2047 huiusmodi
1272 2006 1361 2047 cause
1393 1997 1422 2046 et
1445 1991 1510 2047 eius

244 2094 370 2152 finalem
398 2094 656 2153 adiudicationem
689 2097 719 2153 in
751 2098 867 2153 octavis
900 2095 969 2153 festi
1006 2097 1227 2157 penthecostes.
1260 2112 1339 2152 nunc
1368 2096 1509 2168 proxime

246 2202 407 2273 preteritis,
424 2217 480 2274 per
496 2216 566 2257 suas
583 2177 700 2258 litteras
716 2202 836 2274 regales
860 2211 965 2259 nostro
981 2201 1093 2259 iudicio
1110 2204 1288 2274 preceptive
1304 2203 1508 2259 commisisset

245 2306 478 2364 terminandam.
502 2307 597 2363 Cuius
621 2323 711 2364 cause
734 2308 836 2365 finalis
860 2310 1039 2365 terminacio
1064 2308 1134 2365 licet
1161 2310 1202 2365 ab
1234 2307 1342 2365 eodem
1368 2309 1508 2376 termino

245 2421 373 2485 propter
396 2413 549 2470 nobilium
574 2415 659 2485 regni
684 2415 847 2471 nobiscum
872 2414 1119 2471 adiudicancium
1147 2415 1342 2487 paucitatem.
1375 2429 1433 2487 pro
1456 2415 1509 2472 ha·

247 2503 345 2575 benda
369 2518 544 2575 huiusmodi
569 2535 659 2576 cause
677 2521 837 2578 maturiori
857 2521 1084 2577 deliberacione
1100 2521 1139 2576 ad
1156 2520 1325 2592 quindenas
1341 2520 1509 2577 residencie

244 2626 395 2681 exercitus
419 2627 495 2696 regii
513 2626 653 2696 proxime
672 2626 892 2698 proclamande
910 2641 1032 2698 pernes
1049 2636 1214 2698 prorogata
1230 2628 1371 2683 extiterit.
1389 2626 1507 2683 Tamen

245 2733 385 2803 partibus
407 2740 532 2803 recepto
556 2747 649 2805 super
673 2748 710 2789 eo
733 2733 860 2805 speciali
883 2734 969 2805 regio
993 2732 1147 2800 mandatu,
1173 2741 1204 2788 ut
1228 2741 1339 2804 partes,
1369 2747 1429 2789 non
1453 2734 1507 2789 ob·

244 2838 395 2894 stantibus
419 2838 488 2894 aliis
514 2838 624 2894 litteris
648 2839 760 2895 nostris
781 2840 1011 2910 prorogatoriis,
1035 2854 1106 2895 cum
1130 2840 1277 2895 omnibus
1305 2839 1368 2894 suis
1397 2839 1508 2894 iustru-

244 2944 355 2998 mentis
379 2944 408 2999 in
430 2953 566 2999 nostram
591 2944 755 3001 convocari
777 2942 916 3000 faciendo
935 2945 1134 3016 presenciam,
1152 2944 1300 3001 iudicium
1317 2959 1410 3016 super
1426 2942 1508 3000 lacto

243 3046 317 3104 dicti
342 3048 445 3105 balnei
469 3050 597 3121 equitati
620 3065 791 3121 congruens
816 3051 900 3106 iuxta
933 3051 1073 3122 parcium
1105 3050 1240 3122 allegata
1263 3058 1292 3106 et
1324 3048 1508 3106 eorumdem

244 3154 519 3210 instrumentorum
543 3156 654 3212 seriem
676 3157 756 3212 inter
772 3155 894 3212 easdem
912 3155 1091 3212 laceremus.
1110 3156 1196 3211 Feria
1213 3155 1346 3212 secunda
1363 3155 1508 3228 proxima

243 3267 313 3331 post
336 3259 447 3315 festum
472 3262 685 3332 apostolorum
714 3260 858 3332 Symonis
882 3270 912 3318 et
941 3261 1021 3344 Jude
1052 3263 1223 3329 beatorum,
1254 3277 1334 3318 nunc
1366 3261 1508 3333 proxime

244 3370 441 3433 transactum,
466 3368 551 3423 iuxta
575 3369 694 3439 regium
719 3367 907 3436 mandatum,
934 3384 989 3440 per
1012 3375 1148 3424 nostram
1174 3369 1369 3425 vocacionem
1402 3382 1508 3424 coram

243 3472 342 3540 nobis
368 3473 556 3544 prelatisque
580 3480 609 3529 et
634 3474 802 3530 baronibus
826 3476 911 3545 regni
935 3475 1195 3547 comparentibus,
1211 3473 1362 3531 discretus
1378 3475 1426 3531 vir
1443 3489 1506 3530 ma·

243 3576 338 3647 gister
365 3577 486 3645 Paulus,
511 3579 674 3634 canonicus
698 3586 728 3634 et
751 3586 856 3637 cantor
880 3581 1007 3636 ecclesie
1031 3581 1246 3651 zagrabiensis,
1272 3581 1415 3652 legittimi
1436 3596 1507 3653 pro·

243 3684 388 3738 curatorii
412 3681 542 3754 fungens
564 3683 678 3753 officie,
702 3699 759 3756 pro
787 3685 854 3758 ipso
882 3685 977 3742 t'ratre
1001 3684 1146 3742 Honoldo
1176 3686 1289 3742 abbate
1320 3686 1507 3758 exurgend0‚

243 3787 417 3859 predictum
445 3790 590 3845 balneum
616 3790 784 3860 litigiosum
810 3791 849 3846 ad
873 3790 988 3847 dictam
1012 3792 1174 3848 ecclesiam
1205 3793 1292 3848 beate
1319 3793 1448 3865 virginis
1469 3792 1508 3850 de

243 3892 308 3949 iure
334 3894 485 3964 pertinere
508 3895 655 3967 allegans,
680 3894 796 3952 ibidem
825 3895 975 3967 quasdam
1004 3898 1122 3953 litteras
1155 3897 1347 3955 honorabilis
1379 3900 1508 3971 capituli

243 4000 323 4056 dicte
351 4000 477 4056 ecclesie
500 4002 706 4073 zagrabiensis
722 4007 868 4072 patentes,
886 4003 1012 4073 antiquo
1028 4003 1134 4074 sigillo
1150 4001 1287 4060 eiusdem
1304 4006 1506 4076 consignatas,

243 4121 322 4163 anno
346 4106 464 4164 domiui
480 4108 648 4165 millesimo
665 4108 874 4166 ducentesimo
886 4110 1085 4180 nonagesimo
1103 4110 1205 4181 primo
1221 4109 1384 4178 confectas,
1401 4117 1507 4168 nostro

243 4213 404 4270 iudiciario
427 4215 562 4270 examini
585 4215 782 4286 presentavit,
806 4216 1010 4272 continentes:
1035 4215 1118 4287 quod
1145 4230 1216 4271 cum
1240 4215 1315 4271 olim
1340 4217 1419 4272 inter
1443 4232 1508 4273 ma·

242 4320 372 4390 gistrum
398 4318 523 4375 Petrum
547 4320 728 4376 canonicum
752 4319 871 4393 prefate
894 4321 1021 4377 ecclesie
1045 4321 1251 4392 zagrabiensis
1268 4321 1308 4376 ab
1325 4336 1393 4389 una,
1411 4321 1506 4378 abba·

244 4431 368 4496 temque
391 4424 429 4481 de
453 4426 553 4482 insula
576 4426 671 4483 sancti
694 4427 803 4509 jacobi
827 4434 857 4483 et
879 4428 945 4484 eius
968 4425 1078 4486 fratres
1104 4436 1190 4498 parte
1214 4442 1251 4482 ex
1275 4426 1373 4482 altera
1389 4427 1419 4483 in
1437 4442 1505 4498 pre·

243 4532 343 4587 sencia
367 4532 554 4588 venerabilis
571 4532 667 4605 patris
684 4531 802 4589 domini
816 4533 964 4614 Johannis
987 4532 1119 4589 condam
1137 4535 1363 4605 prememorate
1377 4533 1506 4590 ecclesie

242 4636 448 4707 zagrabiensis
465 4638 612 4710 episcopi,
629 4653 724 4712 super
740 4637 821 4695 lacto
839 4636 927 4696 fundi
941 4654 995 4696 seu
1012 4640 1070 4695 loci
1093 4637 1251 4696 cuiusdem
1271 4638 1373 4695 balnei
1391 4638 1421 4695 in
1437 4640 1507 4697 rivo

242 4740 352 4812 Grech‚
377 4743 485 4799 subtus
509 4744 627 4801 curiam
653 4745 749 4817 ipsius
777 4744 918 4817 magistri
940 4744 1023 4802 Petri
1047 4745 1211 4815 existentis,
1236 4760 1291 4818 per
1314 4745 1422 4818 ipsum
1441 4760 1511 4797 m-
