3488 5242
603 345 676 401 Doc.
701 357 766 419 155.
791 340 859 419 156.
886 377 922 386 -
949 343 1004 400 An.
1028 357 1116 420 1332.
1444 357 1502 416 137

795 450 1003 457 ——...-—--.—
1010 450 1104 456 —-——-
1311 448 1405 454 .-——
1413 447 1499 454 ..—

241 543 319 614 Hay,
342 542 511 599 colocensis
534 542 681 600 dioecesis
705 548 735 600 et
757 542 973 601 archidiacono
988 543 1149 600 leodiensi
1166 540 1339 610 mandatur,
1355 545 1390 598 ut
1404 539 1505 597 eidem

242 648 331 705 Petro
348 648 522 720 predictum
539 650 752 706 canonicatum
768 655 798 706 et
814 654 992 706 vacaturam
1016 647 1226 722 praebendam
1243 645 1376 704 conferri
1392 653 1505 704 curent.

329 784 351 832 E
370 799 424 848 reg.
444 783 512 848 orig.
531 799 570 833 an.
592 784 651 833 XV.
671 786 701 833 Α.
716 784 838 833 Thciner.
859 783 928 833 Mon.
943 785 1030 849 Hung.
1044 783 1103 833 hist.
1122 782 1141 832 1.
1161 799 1187 848 p.
1201 793 1258 842 531.

831 1015 910 1080 155.

348 1160 423 1206 Anno
445 1165 519 1215 1332,
538 1170 561 1219 9.
581 1156 678 1206 martii.
697 1155 851 1222 Zagrabiae.

285 1284 448 1357 operulam
472 1285 664 1358 zagrabiense·
677 1286 787 1342 litteras
810 1304 904 1342 omnes
925 1286 958 1342 de
980 1285 1131 1342 donatione
1145 1286 1259 1358 palatii
1278 1286 1337 1342 civi
1363 1284 1478 1343 Gilioni

716 1391 814 1466 sucta,
836 1392 1025 1448 transummt't.

332 1533 398 1590 Non
423 1534 595 1606 capitulum
619 1535 746 1592 ecclesie
769 1535 984 1608 zagrabiensis.
1008 1533 1224 1607 Significamus
1248 1534 1362 1605 quibus
1384 1532 1510 1607 expedit

245 1655 300 1712 per
325 1645 489 1712 presenteS,
514 1639 595 1711 quod
622 1639 772 1697 discretus
796 1642 852 1711 vir,
877 1642 1024 1712 magister
1039 1634 1201 1722 johannes.
1218 1639 1452 1697 archidiaconus
1471 1638 1510 1696 de

243 1743 392 1813 Guerche,
417 1745 517 1802 socius
549 1751 579 1802 et
604 1747 827 1803 concanonicus
850 1751 961 1812 noster,
986 1751 1016 1802 et
1032 1745 1235 1803 Custanchius
1251 1742 1417 1815 aurifaber,
1434 1744 1511 1802 civis

242 1849 412 1919 GrecensiS,
437 1857 553 1909 tutores
578 1852 716 1909 filiorum
739 1852 886 1909 Endreoli
903 1851 942 1908 ad
959 1857 1097 1908 nostram
1115 1851 1318 1923 personaliter
1334 1850 1510 1907 accedentes

242 1958 443 2030 presenciam,
467 1958 673 2015 exhibuerunt
704 1959 793 2015 nobis
825 1959 942 2015 litteras
973 1957 1147 2014 communis
1177 1956 1310 2013 civitatis
1341 1955 1379 2014 de
1407 1961 1511 2018 moute

167 2109 171 2117 .
243 2061 354 2132 Grech,
379 2063 522 2136 pendenti
546 2064 651 2136 sigillo
675 2079 783 2121 eorum
814 2064 1015 2135 consignatas,
1046 2067 1184 2135 petentes
1214 2077 1232 2118 a
1259 2062 1348 2119 nobis
1371 2077 1443 2118 cum
1466 2061 1511 2119 in·

243 2170 366 2236 stancia
390 2175 423 2225 ut
447 2169 570 2226 casdem
596 2169 633 2227 de
657 2170 755 2227 verbo
775 2169 814 2227 ad
823 2169 964 2226 ‘verbum
982 2167 1154 2238 transcribi,
1171 2168 1330 2240 nostrique
1346 2167 1442 2239 sigilli
1457 2181 1511 2240 ap-

244 2274 389 2346 pensione
405 2273 575 2331 iaceremus
590 2276 770 2349 consignari.
785 2276 924 2348 Quarum
938 2274 1065 2348 quidem
1079 2281 1166 2331 tenor
1180 2274 1251 2331 talis
1264 2280 1325 2332 est:
1339 2267 1379 2352 (v.
1400 2290 1444 2331 nr.
1463 2288 1510 2347 ⁷9·

245 2380 283 2436 de
306 2395 386 2436 anno
414 2397 504 2453 1291,
534 2397 579 2438 ιι.
606 2376 759 2457 Augusti.)
776 2382 838 2438 Nos
854 2387 959 2439 autem
977 2381 1064 2438 iustis
1088 2386 1118 2437 et
1140 2380 1284 2452 congruis
1307 2378 1512 2452 peticionibus

245 2485 426 2543 eorumdem
451 2493 626 2556 annuentes,
652 2489 787 2544 maxime
819 2487 892 2560 quia
924 2486 1098 2544 invenimus
1128 2501 1179 2542 eas
1209 2500 1270 2542 non
1293 2484 1428 2554 abrasas,
1451 2499 1513 2541 non

245 2593 437 2661 cancellatas,
459 2609 513 2648 nec
537 2593 566 2649 in
591 2594 695 2665 aliqua
719 2594 766 2650 sui
790 2600 877 2666 parte
900 2592 1036 2653 viciatas.
1057 2592 1139 2665 ipsas
1155 2590 1194 2648 de
1210 2591 1308 2648 verbo
1323 2589 1362 2647 ad
1379 2589 1512 2647 verbum

246 2698 416 2768 transcribi,
441 2699 598 2770 nostrique
622 2699 718 2770 sigilli
732 2699 930 2772 opposicione
947 2697 1076 2756 fecimus
1099 2697 1280 2769 consignari.
1305 2695 1420 2753 Datum
1437 2694 1514 2752 feria

245 2804 378 2863 secunda
402 2805 545 2878 proxima
570 2813 638 2879 post
663 2805 850 2863 dominicam
868 2805 1031 2862 lnvocavit.
1056 2805 1145 2860 Anno
1172 2801 1290 2859 domini
1314 2800 1514 2859 MCCCXXX

245 2910 386 2969 secundo.

334 3029 474 3093 Originale
500 3029 525 3078 in
555 3029 712 3078 membrana.
739 3029 864 3094 Sigillum
890 3044 905 3078 a
929 3043 993 3078 zona
1018 3029 1117 3078 sericea
1136 3029 1266 3094 dependet
1291 3028 1321 3078 ln
1339 3027 1410 3077 arch.
1431 3028 1510 3077 Acad.

246 3118 340 3168 Scient.
362 3118 462 3167 Slavor.
483 3117 575 3166 merid.

837 3313 919 3379 156.

353 3458 428 3503 Anno
452 3463 525 3511 1332,
548 3456 585 3503 18.
606 3453 702 3503 martii.
727 3454 755 3504 In
775 3455 914 3520 Viicgrad.

256 3581 376 3636 (broliis
407 3581 583 3653 Hongnriae
612 3588 659 3637 etc.
688 3600 749 3653 rex,
779 3582 964 3639 beneditionem
979 3585 1094 3656 prolatet
1113 3603 1133 3639 o
1148 3585 1226 3658 filiis
1255 3582 1380 3641 Gt'liom's
1402 3583 1515 3639 tuntum

398 3686 506 3753 Einlre,
523 3687 592 3760 filio
614 3705 661 3743 ser
689 3687 796 3744 Gerrizi
816 3689 930 3762 eiusque
944 3689 1013 3763 filio
1036 3690 1186 3757 Miclzuclr',
1215 3689 1372 3763 confirmat.

339 3830 401 3887 Nos
433 3831 566 3911 Karolus
598 3830 647 3888 dei
678 3833 781 3903 gracia
811 3848 866 3888 rex
890 3833 1054 3905 Hungarie.
1079 3832 1296 3906 significamus
1319 3838 1424 3889 tenore
1447 3847 1516 3905 pre·

248 3938 383 3993 sericium
409 3937 522 4008 quibus
545 3936 671 4009 expedit
695 3938 853 4003 universis,
878 3939 1027 3995 memorie
1050 3937 1309 3996 commendantes.
1333 3936 1425 4010 Quod
1444 3952 1515 3994 cum

248 4042 442 4114 (magnificus
459 4035 518 4116 vir)
537 4041 647 4114 llykch
664 4043 763 4099 banus
780 4044 877 4100 tocius
893 4042 1063 4114 Sciauonie‚
1080 4044 1272 4114 Michaelem,
1289 4043 1391 4100 filium
1405 4041 1516 4113 Endre,

248 4149 349 4206 civem
370 4154 511 4205 nostrum
536 4147 573 4204 de
607 4153 711 4205 monte
741 4147 887 4206 Grecensi
919 4147 958 4206 ad
982 4149 1172 4207 celsitudinis
1195 4155 1301 4206 nostre
1324 4149 1517 4224 presenciam

249 4253 286 4311 ad
311 4261 436 4310 octavas
467 4253 528 4310 diei
560 4271 717 4325 cynerum,
748 4270 827 4311 anno
858 4253 976 4312 domini
1001 4255 1199 4313 MCCCXXX
1222 4254 1357 4312 secundo
1380 4255 1409 4312 in
1434 4254 1516 4312 facto

250 4359 409 4416 cuiusdam
435 4360 569 4434 pallacii,
593 4376 732 4417 asserens
756 4361 858 4434 ipsum
883 4361 1052 4435 pallacium
1076 4362 1114 4418 ad
1140 4363 1187 4419 ius
1210 4363 1341 4419 banatus
1362 4362 1516 4435 pertinere

249 4483 286 4523 ex
310 4482 354 4536 e0,
379 4467 461 4539 quod
494 4468 596 4540 ipsum
627 4468 796 4540 pallacium
829 4467 935 4525 fuisset
967 4466 1115 4542 Stephani
1142 4466 1300 4541 quondam
1324 4468 1395 4524 bani
1419 4468 1517 4525 tocius

251 4571 422 4642 Sciauonie‚
446 4573 598 4645 legittime
621 4577 788 4644 evocasset,
817 4573 955 4646 ipsisque
978 4574 1095 4631 octavis
1118 4572 1179 4631 diei
1203 4588 1351 4646 cynerum
1373 4588 1517 4631 occuren-

251 4679 343 4747 tibus,
364 4677 502 4751 prefatus
534 4679 675 4751 Michael,
709 4678 793 4736 filius
820 4677 952 4749 Andree,
975 4679 1015 4737 ad
1037 4686 1185 4751 nostram,
1209 4679 1465 4754 prelatornmque
1487 4684 1517 4736 et

252 4785 403 4842 baronum
434 4784 520 4856 regni
551 4785 648 4842 nostri
679 4783 825 4842 accedens
857 4783 1060 4856 presenciam,
1083 4784 1225 4842 exhibuit
1246 4784 1337 4842 nobis
1360 4782 1519 4857 quoddam
