3488 5242
646 340 718 397 Doc.
742 350 811 414 225.
838 370 874 379 -
902 336 1068 414 An.1352.
1426 355 1485 413 203

221 543 363 600 sonibus:
396 540 522 598 Nicolao
553 539 692 614 palatino
723 543 753 595 et
782 536 882 595 iudice
906 537 1127 608 Cumanorum,
1152 537 1289 608 Nicolao,
1314 537 1380 594 filio
1405 538 1483 594 Lau-

225 648 328 717 rencii,
350 646 485 703 voivoda
510 644 707 714 transilvano,
729 643 868 702 Oliverio
888 644 1037 716 magistro
1053 644 1283 701 tavarnicorum
1310 650 1487 701 nostrorum

224 761 253 811 et
285 753 385 811 iudice
418 752 503 808 curie
532 751 656 808 domine
687 750 792 821 regine
822 749 977 821 genitricis
1012 753 1114 806 nostre
1146 749 1335 819 charissime,
1370 749 1490 806 Thomu

133 889 136 892 ·
223 859 323 917 iudice
358 859 441 915 curie
475 864 585 927 nostre,
619 855 775 929 Stephano
808 855 905 912 tocius
928 853 1092 912 Sclauonie
1115 861 1145 911 et
1168 855 1304 925 Croacie‚
1325 855 1490 912 Dominico

222 965 259 1022 de
283 965 414 1021 Machou
437 968 466 1020 et
492 962 618 1019 Nicolao
642 961 680 1018 de
704 960 954 1030 Zeurino·bani5‚
984 960 1079 1017 l'aulo
1096 961 1244 1032 magistro
1263 961 1490 1018 tavernicorum

220 1070 405 1142 reginalium
430 1074 459 1125 et
484 1068 699 1125 Bartholemeo
724 1067 940 1139 pincernarum
964 1073 993 1123 et
1017 1065 1138 1123 Leulrus
1165 1065 1387 1139 dapiferorum,
1418 1067 1491 1123 Dio-

222 1178 310 1248 nysio
341 1190 509 1247 agasonum
553 1191 588 1230 ac
619 1173 760 1229 Thuceus
793 1173 957 1229 ianitorum
990 1177 1175 1242 nostrorum,
1206 1188 1322 1230 necnon
1352 1173 1491 1253 Johanne

224 1282 289 1339 filio
313 1281 450 1339 eiusdem
479 1279 608 1337 Oliverii
632 1277 843 1351 dapiferorum
868 1279 1052 1351 reginalium
1076 1278 1240 1351 magistriS,
1257 1277 1401 1350 Symone,
1424 1277 1491 1336 filio

223 1387 372 1458 hlauricii,
397 1387 509 1443 comite
533 1384 724 1458 posoniensi;
749 1389 778 1440 et
801 1383 871 1440 aliis
887 1399 981 1456 quam
1005 1383 1150 1457 pluribus
1172 1383 1258 1455 regni
1280 1383 1376 1440 nostri
1397 1384 1491 1440 comi·

224 1499 304 1550 tatus
328 1493 501 1549 tenentibus
525 1498 554 1548 et
579 1492 718 1548 honores.

313 1629 430 1693 Simplex
453 1632 645 1691 transumptum
666 1627 691 1675 in
711 1626 802 1676 charta
822 1608 854 1674 iu'
868 1626 966 1675 archiv.
987 1642 1043 1675 ven.
1064 1625 1142 1691 capit.
1163 1625 1266 1690 zagrab.
1288 1625 1347 1675 fasc.
1362 1625 1380 1675 1.
1396 1641 1433 1675 nr.
1449 1636 1489 1689 39.

226 1717 309 1767 Liber
329 1719 448 1767 Statutor
467 1716 544 1781 capit.
565 1731 635 1780 zagr.
661 1731 685 1779 p.
705 1714 750 1764 IV.
772 1729 791 1763 c.
813 1714 856 1763 lV.
877 1715 950 1780 Joan.
971 1713 1087 1762 Tkalcic‘.
1108 1713 1176 1763 Mon.
1196 1714 1256 1764 hist.
1276 1713 1310 1763 11.
1330 1730 1354 1779 p.
1378 1724 1434 1771 115.

813 1965 897 2029 225.

329 2074 404 2119 Anno
428 2080 501 2127 1252,
526 2080 562 2118 10.
584 2069 720 2119 februarii.

222 2199 385 2270 Ludouicus
410 2200 585 2271 Hungareire
607 2207 655 2255 etc.
679 2217 733 2254 rex
755 2199 946 2255 memumtnres
968 2200 1090 2272 capituli
1110 2199 1227 2272 zagrub.
1251 2200 1288 2256 ab
1311 2202 1390 2256 unani
1406 2217 1490 2256 exuc-

260 2305 334 2361 tr'one
358 2305 428 2372 oriri,
458 2304 539 2359 bladi
559 2311 587 2360 ct
606 2304 791 2359 clericulorum
814 2304 856 2359 ‹nl
875 2311 1003 2361 caslmm
1027 2305 1159 2374 Meducd,
1182 2306 1273 2361 ‹lcrruu
1295 2306 1452 2379 confirmat.

311 2448 485 2505 lodouicus
509 2447 558 2504 dei
582 2449 686 2517 gracia
711 2448 876 2519 hungarie,
900 2448 1071 2518 Dalmacie,
1095 2449 1230 2518 Croacie,
1252 2449 1358 2511 Rame.
1375 2447 1490 2518 Seruie,

224 2553 364 2622 Gallicie,
398 2553 588 2621 Lodomerie,
620 2553 777 2622 Cumanie‚
802 2553 1008 2626 Bulgarieque
1031 2571 1093 2624 rex,
1118 2556 1263 2628 princeps
1279 2554 1490 2612 Salernitanus

227 2665 257 2715 et
274 2659 406 2715 Honoris
422 2674 457 2714 ac
475 2660 588 2716 montis
604 2659 698 2715 sancti
717 2659 828 2730 Angeli
853 2658 1005 2716 dominus
1029 2659 1181 2717 Omnibus
1203 2660 1318 2717 Christi
1342 2659 1491 2717 fidelibus

224 2765 418 2838 presentibus
444 2772 474 2821 et
499 2764 609 2821 suturis
633 2781 758 2837 presens
786 2767 936 2838 scriptum
953 2766 1137 2839 inspecturis
1153 2767 1286 2824 salutem
1304 2767 1333 2825 in
1350 2768 1491 2824 omnium

224 2871 386 2927 salvatore.
411 2870 490 2926 Cum
514 2887 532 2926 a
555 2871 644 2927 nobis
667 2871 782 2943 petitur
806 2871 886 2942 quod
907 2873 1068 2929 honestum
1085 2879 1138 2942 est,
1156 2872 1242 2929 decet
1259 2874 1376 2944 regiam
1394 2874 1488 2930 maie·

224 2980 333 3032 statem
366 2975 488 3033 facilem
522 2977 651 3049 prebere
681 2992 862 3033 consensum
888 2978 917 3034 in
944 2979 1003 3036 hiis
1026 2979 1181 3053 precipue,
1206 2995 1265 3050 que
1289 2978 1488 3035 ecclesiarum

226 3084 372 3154 sanguine
404 3083 543 3140 crucifixi
574 3083 794 3152 dedicatarum,
825 3084 964 3141 comodis
996 3084 1140 3142 videntur
1171 3085 1287 3141 utiliter
1319 3086 1490 3143 convenire.

229 3189 359 3246 Proinde
391 3190 428 3246 ad
466 3191 680 3246 universorum
716 3191 859 3247 noticiam
892 3191 1002 3247 harum
1034 3192 1111 3247 serie
1143 3191 1289 3248 volumus
1321 3191 1491 3262 pervenire,

227 3295 309 3366 quod
336 3296 482 3352 accedens
508 3297 535 3352 in
561 3301 663 3352 nostre
687 3297 854 3353 maiestatis
885 3298 1075 3370 presenciam
1102 3297 1289 3354 venerabilis
1313 3298 1342 3354 in
1367 3296 1491 3354 Christo

227 3406 313 3473 pater
342 3401 484 3457 dominus
516 3401 669 3469 Nicolaus‚
696 3400 804 3458 eadem
836 3408 865 3458 et
896 3404 1065 3474 apostolice
1096 3403 1177 3459 sedis
1201 3403 1304 3474 gracia
1327 3403 1492 3476 episcopus

225 3509 439 3579 zagrabiensiS,
463 3509 594 3580 aulequc
619 3517 721 3564 nostre
745 3509 1025 3578 vicecancellarius
1057 3509 1188 3566 dilectus
1212 3510 1301 3566 nobis
1325 3516 1354 3566 et
1379 3507 1490 3578 fidelis,

227 3615 366 3670 exhibuit
397 3614 486 3670 nobis
518 3614 667 3686 quasdam
701 3615 818 3671 litteras
850 3621 968 3672 nostras
1003 3621 1142 3689 patentes
1176 3631 1270 3688 super
1303 3612 1490 3687 quibusdam

226 3719 422 3775 libertatibus
454 3719 592 3775 eiusdem
624 3720 750 3776 ecclesie
781 3721 996 3791 zagrabiensis
1027 3720 1106 3778 datis
1130 3721 1239 3791 eidem,
1263 3719 1425 3790 coniectas,
1449 3728 1491 3776 te-

224 3825 308 3880 noris
332 3825 528 3898 infrascripti,
562 3826 742 3898 supplicans
774 3827 803 3883 in
828 3843 883 3883 sua
906 3832 936 3883 et
959 3827 1087 3900 capituli
1111 3826 1247 3883 eiusdem
1272 3825 1399 3882 ecclesie
1424 3841 1492 3899 per-

224 3931 306 3986 sonis
330 3937 431 3987 nostre
456 3931 629 3987 celsitudini
651 3948 741 4003 prece
771 3932 950 4002 subiectiva,
967 3939 1000 3989 ut
1017 3932 1139 3989 easdem
1157 3937 1317 4005 acceptare
1333 3935 1363 3987 et
1378 3946 1492 4004 appro

226 4036 327 4092 bando
345 4037 496 4094 ratificnre
510 4046 675 4110 nostroque
690 4038 815 4108 eisdem,
829 4055 936 4110 ymmo
949 4040 1057 4112 pocius
1069 4039 1149 4096 dicte
1162 4038 1289 4095 ecclesie
1301 4037 1491 4108 zagrabiensi

225 4141 423 4213 dignaremur
448 4144 611 4215 privilegio
635 4143 824 4201 confirmare.
843 4144 982 4217 Quarum
999 4150 1086 4202 tenor
1102 4144 1172 4201 talis
1188 4148 1249 4201 est:
1267 4138 1340 4221 (vid.
1357 4160 1401 4200 nr.
1422 4143 1490 4199 181.

225 4263 270 4304 an.
291 4263 381 4322 1342,
403 4265 447 4321 14.
464 4244 658 4323 decembris.)
676 4249 738 4306 Nos
754 4251 858 4322 itaque
874 4252 1136 4324 supplicacionem
1154 4250 1227 4306 dicti
1240 4249 1358 4306 domini
1370 4248 1491 4305 Nicolai

225 4355 361 4428 episcopi
387 4355 416 4411 in
440 4372 492 4412 sua
518 4362 546 4412 et
570 4357 697 4429 capituli
731 4357 776 4413 sui
800 4357 1008 4429 zagrabiensis
1037 4358 1177 4431 personis
1200 4357 1291 4414 nobis
1316 4363 1489 4429 porrectam

229 4460 258 4515 in
283 4461 340 4516 hac
364 4467 451 4532 parte
483 4462 593 4518 iustam
619 4461 684 4519 fore
707 4469 736 4519 et
761 4463 932 4534 legitimam
956 4463 1185 4537 conspicientes
1213 4463 1352 4520 volentes
1376 4462 1490 4519 dictam

225 4566 386 4623 ecclesiam
410 4567 640 4638 zagrabiensem
664 4569 705 4625 ob
729 4569 938 4626 reverenciam
962 4569 1148 4626 sanctissimi
1170 4567 1319 4641 Stephani
1342 4568 1432 4640 rcgiS,
1460 4568 1490 4625 in

226 4671 312 4727 cuius
335 4672 451 4728 honore
474 4672 609 4743 gloriose
634 4674 700 4746 ipsa
723 4673 850 4730 fundata
874 4674 985 4744 existit,
1009 4690 1065 4747 per
1089 4674 1174 4731 cuius
1197 4673 1355 4730 continuas
1374 4679 1407 4729 ut
1423 4687 1491 4745 spe·

226 4792 331 4834 ramus
354 4779 585 4835 intercessiones
609 4784 639 4836 et
658 4780 836 4837 oracionum
855 4779 1004 4852 suffragia
1020 4780 1118 4838 tocius
1134 4785 1237 4837 nostre
1252 4784 1491 4851 nostrorumque
