<?xml version="1.0" encoding="UTF-8"?>
<!DOCTYPE html PUBLIC "-//W3C//DTD XHTML 1.0 Transitional//EN"
    "http://www.w3.org/TR/xhtml1/DTD/xhtml1-transitional.dtd">
<html xmlns="http://www.w3.org/1999/xhtml" xml:lang="en" lang="en">
 <head>
  <title>
</title>
<meta http-equiv="Content-Type" content="text/html;charset=utf-8" />
  <meta name='ocr-system' content='tesseract 3.04.00' />
  <meta name='ocr-capabilities' content='ocr_page ocr_carea ocr_par ocr_line ocrx_word'/>
</head>
<body>
  <div class='ocr_page' id='page_1' title='image "./monumentahistor11laszgoog_0563.png"; bbox 0 0 3488 5242; ppageno 0'>
   <div class='ocr_carea' id='block_1_1' title="bbox 276 349 1120 427">
    <p class='ocr_par' dir='ltr' id='par_1_1' title="bbox 276 349 1120 427">
     <span class='ocr_line' id='line_1_1' title="bbox 276 349 1120 427; baseline -0.001 -19"><span class='ocrx_word' id='word_1_1' title='bbox 276 366 337 425; x_wconf 85' lang='lat'>322</span> <span class='ocrx_word' id='word_1_2' title='bbox 695 349 768 406; x_wconf 78' lang='lat' dir='ltr'>Dec.</span> <span class='ocrx_word' id='word_1_3' title='bbox 782 362 861 427; x_wconf 75' lang='lat'>349.</span> <span class='ocrx_word' id='word_1_4' title='bbox 888 382 924 391; x_wconf 94' lang='lat'>-</span> <span class='ocrx_word' id='word_1_5' title='bbox 951 350 1007 406; x_wconf 87' lang='lat' dir='ltr'>An.</span> <span class='ocrx_word' id='word_1_6' title='bbox 1032 363 1120 427; x_wconf 75' lang='lat'>1391.</span> 
     </span>
    </p>
   </div>
   <div class='ocr_carea' id='block_1_2' title="bbox 270 545 1540 2954">
    <p class='ocr_par' dir='ltr' id='par_1_2' title="bbox 270 545 1540 2954">
     <span class='ocr_line' id='line_1_2' title="bbox 273 545 1540 622; baseline 0.004 -20"><span class='ocrx_word' id='word_1_7' title='bbox 273 546 398 604; x_wconf 90' lang='lat' dir='ltr'>Detrico</span> <span class='ocrx_word' id='word_1_8' title='bbox 429 546 544 616; x_wconf 85' lang='lat' dir='ltr'>Bubelr,</span> <span class='ocrx_word' id='word_1_9' title='bbox 567 546 653 618; x_wconf 89' lang='lat' dir='ltr'>regni</span> <span class='ocrx_word' id='word_1_10' title='bbox 684 547 781 604; x_wconf 81' lang='lat' dir='ltr'>nostri</span> <span class='ocrx_word' id='word_1_11' title='bbox 811 545 973 605; x_wconf 89' lang='lat' dir='ltr'>Sclauonie</span> <span class='ocrx_word' id='word_1_12' title='bbox 1000 549 1090 619; x_wconf 90' lang='lat' dir='ltr'>bano,</span> <span class='ocrx_word' id='word_1_13' title='bbox 1114 549 1246 606; x_wconf 87' lang='lat' dir='ltr'>salutem</span> <span class='ocrx_word' id='word_1_14' title='bbox 1271 554 1301 606; x_wconf 91' lang='lat' dir='ltr'>et</span> <span class='ocrx_word' id='word_1_15' title='bbox 1324 551 1469 622; x_wconf 86' lang='lat' dir='ltr'>graciam.</span> <span class='ocrx_word' id='word_1_16' title='bbox 1492 550 1540 607; x_wconf 88' lang='lat' dir='ltr'>Ex</span> 
     </span>
     <span class='ocr_line' id='line_1_3' title="bbox 274 653 1540 728; baseline 0 -16"><span class='ocrx_word' id='word_1_17' title='bbox 274 655 440 726; x_wconf 90' lang='lat' dir='ltr'>querulosa</span> <span class='ocrx_word' id='word_1_18' title='bbox 463 653 689 726; x_wconf 90' lang='lat' dir='ltr'>significacione</span> <span class='ocrx_word' id='word_1_19' title='bbox 708 653 849 711; x_wconf 89' lang='lat' dir='ltr'>fidelium</span> <span class='ocrx_word' id='word_1_20' title='bbox 867 655 982 712; x_wconf 90' lang='lat' dir='ltr'>civium</span> <span class='ocrx_word' id='word_1_21' title='bbox 999 660 1028 712; x_wconf 87' lang='lat' dir='ltr'>et</span> <span class='ocrx_word' id='word_1_22' title='bbox 1044 656 1203 728; x_wconf 90' lang='lat' dir='ltr'>hospitum</span> <span class='ocrx_word' id='word_1_23' title='bbox 1223 662 1401 714; x_wconf 90' lang='lat' dir='ltr'>nostrorum</span> <span class='ocrx_word' id='word_1_24' title='bbox 1424 655 1462 713; x_wconf 91' lang='lat' dir='ltr'>de</span> <span class='ocrx_word' id='word_1_25' title='bbox 1485 655 1540 712; x_wconf 89' lang='lat' dir='ltr'>Za·</span> 
     </span>
     <span class='ocr_line' id='line_1_4' title="bbox 273 759 1539 835; baseline 0.002 -18"><span class='ocrx_word' id='word_1_26' title='bbox 273 761 381 832; x_wconf 87' lang='lat' dir='ltr'>grabia</span> <span class='ocrx_word' id='word_1_27' title='bbox 404 761 494 817; x_wconf 89' lang='lat' dir='ltr'>nobis</span> <span class='ocrx_word' id='word_1_28' title='bbox 519 759 598 817; x_wconf 88' lang='lat' dir='ltr'>sacta</span> <span class='ocrx_word' id='word_1_29' title='bbox 614 760 833 830; x_wconf 89' lang='lat' dir='ltr'>intelleximus,</span> <span class='ocrx_word' id='word_1_30' title='bbox 851 760 1008 832; x_wconf 93' lang='lat' dir='ltr'>quomodo</span> <span class='ocrx_word' id='word_1_31' title='bbox 1023 762 1206 819; x_wconf 87' lang='lat' dir='ltr'>honorabile</span> <span class='ocrx_word' id='word_1_32' title='bbox 1223 762 1396 835; x_wconf 89' lang='lat' dir='ltr'>capitulum</span> <span class='ocrx_word' id='word_1_33' title='bbox 1412 762 1539 826; x_wconf 77' lang='lat' dir='ltr'>ecclesie</span> 
     </span>
     <span class='ocr_line' id='line_1_5' title="bbox 273 865 1539 941; baseline 0.002 -18"><span class='ocrx_word' id='word_1_34' title='bbox 273 867 479 938; x_wconf 86' lang='lat' dir='ltr'>zagrabiensis</span> <span class='ocrx_word' id='word_1_35' title='bbox 503 867 586 940; x_wconf 93' lang='lat' dir='ltr'>ipsos</span> <span class='ocrx_word' id='word_1_36' title='bbox 611 873 740 939; x_wconf 88' lang='lat' dir='ltr'>propter</span> <span class='ocrx_word' id='word_1_37' title='bbox 763 865 1011 924; x_wconf 86' lang='lat' dir='ltr'>interfeccionem</span> <span class='ocrx_word' id='word_1_38' title='bbox 1035 867 1193 924; x_wconf 90' lang='lat' dir='ltr'>cuiusdam</span> <span class='ocrx_word' id='word_1_39' title='bbox 1212 867 1375 926; x_wconf 82' lang='lat' dir='ltr'>familiaris</span> <span class='ocrx_word' id='word_1_40' title='bbox 1390 869 1539 941; x_wconf 90' lang='lat' dir='ltr'>ipsorum,</span> 
     </span>
     <span class='ocr_line' id='line_1_6' title="bbox 273 972 1540 1046; baseline 0.002 -17"><span class='ocrx_word' id='word_1_41' title='bbox 273 973 386 1029; x_wconf 88' lang='lat' dir='ltr'>notorii</span> <span class='ocrx_word' id='word_1_42' title='bbox 411 972 628 1043; x_wconf 77' lang='lat' dir='ltr'>malefactoris</span> <span class='ocrx_word' id='word_1_43' title='bbox 660 987 718 1046; x_wconf 94' lang='lat' dir='ltr'>pro</span> <span class='ocrx_word' id='word_1_44' title='bbox 748 973 812 1029; x_wconf 94' lang='lat' dir='ltr'>suis</span> <span class='ocrx_word' id='word_1_45' title='bbox 839 973 1014 1030; x_wconf 88' lang='lat' dir='ltr'>excessibus</span> <span class='ocrx_word' id='word_1_46' title='bbox 1039 974 1069 1030; x_wconf 93' lang='lat' dir='ltr'>in</span> <span class='ocrx_word' id='word_1_47' title='bbox 1093 973 1198 1030; x_wconf 94' lang='lat' dir='ltr'>medio</span> <span class='ocrx_word' id='word_1_48' title='bbox 1221 974 1317 1046; x_wconf 90' lang='lat' dir='ltr'>ipsius</span> <span class='ocrx_word' id='word_1_49' title='bbox 1341 975 1473 1031; x_wconf 88' lang='lat' dir='ltr'>civitatis</span> <span class='ocrx_word' id='word_1_50' title='bbox 1497 975 1540 1031; x_wconf 92' lang='lat' dir='ltr'>le·</span> 
     </span>
     <span class='ocr_line' id='line_1_7' title="bbox 272 1077 1539 1152; baseline 0.002 -18"><span class='ocrx_word' id='word_1_51' title='bbox 272 1079 393 1150; x_wconf 85' lang='lat' dir='ltr'>gittime</span> <span class='ocrx_word' id='word_1_52' title='bbox 418 1077 540 1149; x_wconf 86' lang='lat' dir='ltr'>factam,</span> <span class='ocrx_word' id='word_1_53' title='bbox 564 1079 659 1135; x_wconf 83' lang='lat' dir='ltr'>vestri</span> <span class='ocrx_word' id='word_1_54' title='bbox 685 1080 714 1135; x_wconf 93' lang='lat' dir='ltr'>in</span> <span class='ocrx_word' id='word_1_55' title='bbox 738 1080 929 1151; x_wconf 84' lang='lat' dir='ltr'>presenciam</span> <span class='ocrx_word' id='word_1_56' title='bbox 942 1079 973 1135; x_wconf 93' lang='lat' dir='ltr'>in</span> <span class='ocrx_word' id='word_1_57' title='bbox 989 1095 1113 1136; x_wconf 90' lang='lat' dir='ltr'>causam</span> <span class='ocrx_word' id='word_1_58' title='bbox 1129 1080 1320 1150; x_wconf 88' lang='lat' dir='ltr'>atraxissent,</span> <span class='ocrx_word' id='word_1_59' title='bbox 1337 1085 1366 1137; x_wconf 88' lang='lat' dir='ltr'>et</span> <span class='ocrx_word' id='word_1_60' title='bbox 1383 1095 1438 1137; x_wconf 95' lang='lat' dir='ltr'>vos</span> <span class='ocrx_word' id='word_1_61' title='bbox 1454 1081 1539 1152; x_wconf 92' lang='lat' dir='ltr'>ipsos</span> 
     </span>
     <span class='ocr_line' id='line_1_8' title="bbox 272 1184 1539 1262; baseline 0.002 -22"><span class='ocrx_word' id='word_1_62' title='bbox 272 1184 312 1241; x_wconf 90' lang='lat' dir='ltr'>ad</span> <span class='ocrx_word' id='word_1_63' title='bbox 336 1199 444 1241; x_wconf 91' lang='lat' dir='ltr'>eorum</span> <span class='ocrx_word' id='word_1_64' title='bbox 474 1185 688 1256; x_wconf 89' lang='lat' dir='ltr'>requisicionis</span> <span class='ocrx_word' id='word_1_65' title='bbox 716 1185 896 1242; x_wconf 87' lang='lat' dir='ltr'>instanciam</span> <span class='ocrx_word' id='word_1_66' title='bbox 924 1192 1026 1242; x_wconf 91' lang='lat' dir='ltr'>vestro</span> <span class='ocrx_word' id='word_1_67' title='bbox 1057 1185 1171 1242; x_wconf 88' lang='lat' dir='ltr'>iudicio</span> <span class='ocrx_word' id='word_1_68' title='bbox 1201 1192 1300 1262; x_wconf 85' lang='lat' dir='ltr'>astare</span> <span class='ocrx_word' id='word_1_69' title='bbox 1325 1186 1479 1256; x_wconf 73' lang='lat' dir='ltr'>fecissetis</span> <span class='ocrx_word' id='word_1_70' title='bbox 1504 1202 1539 1242; x_wconf 91' lang='lat' dir='ltr'>ac</span> 
     </span>
     <span class='ocr_line' id='line_1_9' title="bbox 272 1291 1539 1365; baseline 0.002 -18"><span class='ocrx_word' id='word_1_71' title='bbox 272 1307 366 1363; x_wconf 91' lang='lat' dir='ltr'>super</span> <span class='ocrx_word' id='word_1_72' title='bbox 389 1291 469 1348; x_wconf 86' lang='lat' dir='ltr'>facto</span> <span class='ocrx_word' id='word_1_73' title='bbox 495 1292 633 1363; x_wconf 74' lang='lat' dir='ltr'>potencie</span> <span class='ocrx_word' id='word_1_74' title='bbox 657 1297 763 1348; x_wconf 89' lang='lat' dir='ltr'>contra</span> <span class='ocrx_word' id='word_1_75' title='bbox 786 1291 903 1348; x_wconf 89' lang='lat' dir='ltr'>dictum</span> <span class='ocrx_word' id='word_1_76' title='bbox 925 1291 1097 1364; x_wconf 90' lang='lat' dir='ltr'>capitulum</span> <span class='ocrx_word' id='word_1_77' title='bbox 1121 1292 1277 1349; x_wconf 92' lang='lat' dir='ltr'>convictos</span> <span class='ocrx_word' id='word_1_78' title='bbox 1308 1291 1374 1348; x_wconf 82' lang='lat' dir='ltr'>fore</span> <span class='ocrx_word' id='word_1_79' title='bbox 1405 1307 1539 1365; x_wconf 92' lang='lat' dir='ltr'>pronun·</span> 
     </span>
     <span class='ocr_line' id='line_1_10' title="bbox 273 1397 1538 1471; baseline 0.001 -17"><span class='ocrx_word' id='word_1_80' title='bbox 273 1398 409 1454; x_wconf 89' lang='lat' dir='ltr'>ciassetis</span> <span class='ocrx_word' id='word_1_81' title='bbox 433 1398 463 1454; x_wconf 90' lang='lat' dir='ltr'>in</span> <span class='ocrx_word' id='word_1_82' title='bbox 481 1397 686 1469; x_wconf 92' lang='lat' dir='ltr'>preiudicium</span> <span class='ocrx_word' id='word_1_83' title='bbox 703 1398 778 1455; x_wconf 90' lang='lat' dir='ltr'>iuris</span> <span class='ocrx_word' id='word_1_84' title='bbox 794 1399 933 1471; x_wconf 90' lang='lat' dir='ltr'>ipsorum</span> <span class='ocrx_word' id='word_1_85' title='bbox 954 1403 1046 1470; x_wconf 89' lang='lat' dir='ltr'>atque</span> <span class='ocrx_word' id='word_1_86' title='bbox 1063 1397 1248 1470; x_wconf 92' lang='lat' dir='ltr'>derogamen</span> <span class='ocrx_word' id='word_1_87' title='bbox 1265 1398 1359 1455; x_wconf 91' lang='lat' dir='ltr'>valde</span> <span class='ocrx_word' id='word_1_88' title='bbox 1375 1414 1538 1470; x_wconf 89' lang='lat' dir='ltr'>magnum;</span> 
     </span>
     <span class='ocr_line' id='line_1_11' title="bbox 273 1503 1537 1576; baseline 0 -15"><span class='ocrx_word' id='word_1_89' title='bbox 273 1520 343 1561; x_wconf 92' lang='lat' dir='ltr'>cum</span> <span class='ocrx_word' id='word_1_90' title='bbox 365 1508 467 1560; x_wconf 87' lang='lat' dir='ltr'>tamen</span> <span class='ocrx_word' id='word_1_91' title='bbox 491 1503 585 1561; x_wconf 89' lang='lat' dir='ltr'>iidem</span> <span class='ocrx_word' id='word_1_92' title='bbox 609 1504 693 1560; x_wconf 89' lang='lat' dir='ltr'>cives</span> <span class='ocrx_word' id='word_1_93' title='bbox 716 1520 751 1561; x_wconf 90' lang='lat' dir='ltr'>ac</span> <span class='ocrx_word' id='word_1_94' title='bbox 775 1504 913 1576; x_wconf 88' lang='lat' dir='ltr'>hospites</span> <span class='ocrx_word' id='word_1_95' title='bbox 929 1505 1024 1561; x_wconf 90' lang='lat' dir='ltr'>nostri</span> <span class='ocrx_word' id='word_1_96' title='bbox 1041 1505 1162 1561; x_wconf 83' lang='lat' dir='ltr'>racione</span> <span class='ocrx_word' id='word_1_97' title='bbox 1178 1504 1331 1561; x_wconf 92' lang='lat' dir='ltr'>illacionis</span> <span class='ocrx_word' id='word_1_98' title='bbox 1346 1505 1537 1573; x_wconf 88' lang='lat' dir='ltr'>iniuriarum,</span> 
     </span>
     <span class='ocr_line' id='line_1_12' title="bbox 273 1610 1537 1684; baseline -0.001 -16"><span class='ocrx_word' id='word_1_99' title='bbox 273 1611 482 1682; x_wconf 89' lang='lat' dir='ltr'>dampnorum</span> <span class='ocrx_word' id='word_1_100' title='bbox 512 1615 542 1667; x_wconf 87' lang='lat' dir='ltr'>et</span> <span class='ocrx_word' id='word_1_101' title='bbox 573 1616 837 1681; x_wconf 85' lang='lat' dir='ltr'>nocumentorum,</span> <span class='ocrx_word' id='word_1_102' title='bbox 870 1626 930 1682; x_wconf 90' lang='lat' dir='ltr'>que</span> <span class='ocrx_word' id='word_1_103' title='bbox 962 1626 1018 1682; x_wconf 89' lang='lat' dir='ltr'>per</span> <span class='ocrx_word' id='word_1_104' title='bbox 1048 1610 1229 1684; x_wconf 90' lang='lat' dir='ltr'>quempiam</span> <span class='ocrx_word' id='word_1_105' title='bbox 1258 1610 1301 1666; x_wconf 97' lang='lat' dir='ltr'>eis</span> <span class='ocrx_word' id='word_1_106' title='bbox 1329 1611 1537 1683; x_wconf 86' lang='lat' dir='ltr'>inpinguntur,</span> 
     </span>
     <span class='ocr_line' id='line_1_13' title="bbox 272 1715 1537 1788; baseline -0.001 -15"><span class='ocrx_word' id='word_1_107' title='bbox 272 1732 333 1773; x_wconf 95' lang='lat' dir='ltr'>non</span> <span class='ocrx_word' id='word_1_108' title='bbox 365 1720 476 1785; x_wconf 90' lang='lat' dir='ltr'>vestro,</span> <span class='ocrx_word' id='word_1_109' title='bbox 512 1715 564 1772; x_wconf 90' lang='lat' dir='ltr'>sed</span> <span class='ocrx_word' id='word_1_110' title='bbox 598 1716 736 1788; x_wconf 86' lang='lat' dir='ltr'>magistri</span> <span class='ocrx_word' id='word_1_111' title='bbox 770 1717 998 1773; x_wconf 90' lang='lat' dir='ltr'>tavamicornm</span> <span class='ocrx_word' id='word_1_112' title='bbox 1027 1717 1179 1787; x_wconf 90' lang='lat' dir='ltr'>regalium</span> <span class='ocrx_word' id='word_1_113' title='bbox 1203 1715 1316 1773; x_wconf 89' lang='lat' dir='ltr'>iudicio</span> <span class='ocrx_word' id='word_1_114' title='bbox 1339 1716 1537 1773; x_wconf 86' lang='lat' dir='ltr'>subiciantur.</span> 
     </span>
     <span class='ocr_line' id='line_1_14' title="bbox 272 1821 1537 1894; baseline -0.001 -16"><span class='ocrx_word' id='word_1_115' title='bbox 272 1822 376 1894; x_wconf 81' lang='lat' dir='ltr'>Quare</span> <span class='ocrx_word' id='word_1_116' title='bbox 409 1827 510 1879; x_wconf 91' lang='lat' dir='ltr'>vestre</span> <span class='ocrx_word' id='word_1_117' title='bbox 540 1821 683 1879; x_wconf 88' lang='lat' dir='ltr'>fidelitati</span> <span class='ocrx_word' id='word_1_118' title='bbox 717 1821 848 1878; x_wconf 86' lang='lat' dir='ltr'>firmiter</span> <span class='ocrx_word' id='word_1_119' title='bbox 878 1822 1035 1891; x_wconf 88' lang='lat' dir='ltr'>edicimus,</span> <span class='ocrx_word' id='word_1_120' title='bbox 1067 1828 1217 1894; x_wconf 89' lang='lat' dir='ltr'>quatenus</span> <span class='ocrx_word' id='word_1_121' title='bbox 1241 1822 1315 1878; x_wconf 93' lang='lat' dir='ltr'>visis</span> <span class='ocrx_word' id='word_1_122' title='bbox 1338 1822 1537 1894; x_wconf 85' lang='lat' dir='ltr'>presentibus</span> 
     </span>
     <span class='ocr_line' id='line_1_15' title="bbox 272 1926 1537 2001; baseline -0.002 -16"><span class='ocrx_word' id='word_1_123' title='bbox 272 1934 369 1985; x_wconf 91' lang='lat' dir='ltr'>totum</span> <span class='ocrx_word' id='word_1_124' title='bbox 394 1944 574 2001; x_wconf 88' lang='lat' dir='ltr'>processum</span> <span class='ocrx_word' id='word_1_125' title='bbox 595 1927 667 1985; x_wconf 84' lang='lat' dir='ltr'>facti</span> <span class='ocrx_word' id='word_1_126' title='bbox 682 1928 827 2001; x_wconf 90' lang='lat' dir='ltr'>premissi</span> <span class='ocrx_word' id='word_1_127' title='bbox 842 1928 1009 1984; x_wconf 91' lang='lat' dir='ltr'>simulcum</span> <span class='ocrx_word' id='word_1_128' title='bbox 1026 1928 1136 1985; x_wconf 89' lang='lat' dir='ltr'>litteris</span> <span class='ocrx_word' id='word_1_129' title='bbox 1153 1927 1350 1985; x_wconf 89' lang='lat' dir='ltr'>iudicialibus</span> <span class='ocrx_word' id='word_1_130' title='bbox 1366 1926 1537 1999; x_wconf 92' lang='lat' dir='ltr'>quomodo·</span> 
     </span>
     <span class='ocr_line' id='line_1_16' title="bbox 272 2033 1536 2108; baseline -0.002 -17"><span class='ocrx_word' id='word_1_131' title='bbox 272 2050 405 2107; x_wconf 90' lang='lat' dir='ltr'>cumque</span> <span class='ocrx_word' id='word_1_132' title='bbox 429 2050 520 2092; x_wconf 89' lang='lat' dir='ltr'>causa</span> <span class='ocrx_word' id='word_1_133' title='bbox 543 2035 573 2091; x_wconf 92' lang='lat' dir='ltr'>in</span> <span class='ocrx_word' id='word_1_134' title='bbox 597 2035 748 2108; x_wconf 89' lang='lat' dir='ltr'>premissa</span> <span class='ocrx_word' id='word_1_135' title='bbox 771 2033 916 2091; x_wconf 86' lang='lat' dir='ltr'>confectis</span> <span class='ocrx_word' id='word_1_136' title='bbox 940 2041 970 2090; x_wconf 91' lang='lat' dir='ltr'>et</span> <span class='ocrx_word' id='word_1_137' title='bbox 993 2035 1150 2102; x_wconf 90' lang='lat' dir='ltr'>emanatis‚</span> <span class='ocrx_word' id='word_1_138' title='bbox 1167 2049 1244 2105; x_wconf 90' lang='lat' dir='ltr'>quas</span> <span class='ocrx_word' id='word_1_139' title='bbox 1261 2048 1315 2089; x_wconf 91' lang='lat' dir='ltr'>nos</span> <span class='ocrx_word' id='word_1_140' title='bbox 1332 2034 1442 2091; x_wconf 93' lang='lat' dir='ltr'>harum</span> <span class='ocrx_word' id='word_1_141' title='bbox 1459 2033 1536 2089; x_wconf 90' lang='lat' dir='ltr'>serie</span> 
     </span>
     <span class='ocr_line' id='line_1_17' title="bbox 271 2140 1537 2213; baseline 0 -17"><span class='ocrx_word' id='word_1_142' title='bbox 271 2140 418 2198; x_wconf 84' lang='lat' dir='ltr'>duximus</span> <span class='ocrx_word' id='word_1_143' title='bbox 441 2140 630 2198; x_wconf 90' lang='lat' dir='ltr'>revocandas</span> <span class='ocrx_word' id='word_1_144' title='bbox 654 2146 683 2198; x_wconf 89' lang='lat' dir='ltr'>et</span> <span class='ocrx_word' id='word_1_145' title='bbox 703 2157 759 2213; x_wconf 91' lang='lat' dir='ltr'>per</span> <span class='ocrx_word' id='word_1_146' title='bbox 775 2141 880 2198; x_wconf 90' lang='lat' dir='ltr'>omnia</span> <span class='ocrx_word' id='word_1_147' title='bbox 895 2141 1016 2197; x_wconf 90' lang='lat' dir='ltr'>viribus</span> <span class='ocrx_word' id='word_1_148' title='bbox 1032 2142 1189 2212; x_wconf 87' lang='lat' dir='ltr'>carituras,</span> <span class='ocrx_word' id='word_1_149' title='bbox 1205 2156 1359 2210; x_wconf 88' lang='lat' dir='ltr'>revocare,</span> <span class='ocrx_word' id='word_1_150' title='bbox 1374 2141 1537 2212; x_wconf 90' lang='lat' dir='ltr'>ipsamque</span> 
     </span>
     <span class='ocr_line' id='line_1_18' title="bbox 271 2245 1537 2319; baseline -0.001 -16"><span class='ocrx_word' id='word_1_151' title='bbox 271 2261 395 2303; x_wconf 88' lang='lat' dir='ltr'>causam</span> <span class='ocrx_word' id='word_1_152' title='bbox 419 2251 499 2303; x_wconf 90' lang='lat' dir='ltr'>statu</span> <span class='ocrx_word' id='word_1_153' title='bbox 523 2247 553 2303; x_wconf 92' lang='lat' dir='ltr'>in</span> <span class='ocrx_word' id='word_1_154' title='bbox 577 2245 687 2302; x_wconf 91' lang='lat' dir='ltr'>eodem</span> <span class='ocrx_word' id='word_1_155' title='bbox 710 2247 827 2318; x_wconf 90' lang='lat' dir='ltr'>absque</span> <span class='ocrx_word' id='word_1_156' title='bbox 851 2246 934 2303; x_wconf 93' lang='lat' dir='ltr'>omni</span> <span class='ocrx_word' id='word_1_157' title='bbox 955 2247 1136 2317; x_wconf 86' lang='lat' dir='ltr'>gravamine</span> <span class='ocrx_word' id='word_1_158' title='bbox 1159 2246 1197 2302; x_wconf 92' lang='lat' dir='ltr'>ad</span> <span class='ocrx_word' id='word_1_159' title='bbox 1221 2247 1413 2318; x_wconf 87' lang='lat' dir='ltr'>presenciam</span> <span class='ocrx_word' id='word_1_160' title='bbox 1438 2246 1537 2319; x_wconf 90' lang='lat' dir='ltr'>ipsius</span> 
     </span>
     <span class='ocr_line' id='line_1_19' title="bbox 271 2351 1536 2425; baseline 0 -18"><span class='ocrx_word' id='word_1_161' title='bbox 271 2352 412 2423; x_wconf 88' lang='lat' dir='ltr'>magistri</span> <span class='ocrx_word' id='word_1_162' title='bbox 435 2352 687 2409; x_wconf 89' lang='lat' dir='ltr'>thavarnicorum</span> <span class='ocrx_word' id='word_1_163' title='bbox 711 2359 888 2409; x_wconf 90' lang='lat' dir='ltr'>nostrorum</span> <span class='ocrx_word' id='word_1_164' title='bbox 911 2354 1118 2410; x_wconf 88' lang='lat' dir='ltr'>transmittere</span> <span class='ocrx_word' id='word_1_165' title='bbox 1142 2352 1280 2409; x_wconf 90' lang='lat' dir='ltr'>debeatis</span> <span class='ocrx_word' id='word_1_166' title='bbox 1301 2368 1358 2425; x_wconf 91' lang='lat' dir='ltr'>per</span> <span class='ocrx_word' id='word_1_167' title='bbox 1377 2352 1481 2425; x_wconf 92' lang='lat' dir='ltr'>ipsum</span> <span class='ocrx_word' id='word_1_168' title='bbox 1497 2351 1536 2407; x_wconf 92' lang='lat' dir='ltr'>de</span> 
     </span>
     <span class='ocr_line' id='line_1_20' title="bbox 271 2456 1536 2531; baseline -0.001 -17"><span class='ocrx_word' id='word_1_169' title='bbox 271 2474 353 2515; x_wconf 91' lang='lat' dir='ltr'>novo</span> <span class='ocrx_word' id='word_1_170' title='bbox 376 2458 604 2514; x_wconf 88' lang='lat' dir='ltr'>discuciendam</span> <span class='ocrx_word' id='word_1_171' title='bbox 634 2464 663 2515; x_wconf 92' lang='lat' dir='ltr'>et</span> <span class='ocrx_word' id='word_1_172' title='bbox 687 2458 748 2514; x_wconf 88' lang='lat' dir='ltr'>fine</span> <span class='ocrx_word' id='word_1_173' title='bbox 772 2458 877 2515; x_wconf 92' lang='lat' dir='ltr'>debito</span> <span class='ocrx_word' id='word_1_174' title='bbox 899 2458 1172 2527; x_wconf 84' lang='lat' dir='ltr'>determinandam,</span> <span class='ocrx_word' id='word_1_175' title='bbox 1191 2458 1311 2531; x_wconf 92' lang='lat' dir='ltr'>penitus</span> <span class='ocrx_word' id='word_1_176' title='bbox 1328 2472 1384 2514; x_wconf 94' lang='lat' dir='ltr'>vos</span> <span class='ocrx_word' id='word_1_177' title='bbox 1401 2458 1429 2514; x_wconf 91' lang='lat' dir='ltr'>in</span> <span class='ocrx_word' id='word_1_178' title='bbox 1447 2456 1536 2514; x_wconf 93' lang='lat' dir='ltr'>nullo</span> 
     </span>
     <span class='ocr_line' id='line_1_21' title="bbox 271 2563 1536 2636; baseline -0.002 -16"><span class='ocrx_word' id='word_1_179' title='bbox 271 2579 395 2621; x_wconf 89' lang='lat' dir='ltr'>causam</span> <span class='ocrx_word' id='word_1_180' title='bbox 420 2563 459 2621; x_wconf 92' lang='lat' dir='ltr'>ad</span> <span class='ocrx_word' id='word_1_181' title='bbox 484 2565 665 2636; x_wconf 88' lang='lat' dir='ltr'>premissam</span> <span class='ocrx_word' id='word_1_182' title='bbox 698 2564 947 2634; x_wconf 87' lang='lat' dir='ltr'>intromittendo;</span> <span class='ocrx_word' id='word_1_183' title='bbox 979 2570 1008 2620; x_wconf 91' lang='lat' dir='ltr'>et</span> <span class='ocrx_word' id='word_1_184' title='bbox 1039 2563 1123 2620; x_wconf 92' lang='lat' dir='ltr'>aliud</span> <span class='ocrx_word' id='word_1_185' title='bbox 1152 2580 1211 2621; x_wconf 91' lang='lat' dir='ltr'>non</span> <span class='ocrx_word' id='word_1_186' title='bbox 1236 2563 1353 2621; x_wconf 82' lang='lat' dir='ltr'>facturi.</span> <span class='ocrx_word' id='word_1_187' title='bbox 1378 2563 1536 2620; x_wconf 84' lang='lat' dir='ltr'>Presentes</span> 
     </span>
     <span class='ocr_line' id='line_1_22' title="bbox 270 2644 1534 2742; baseline -0.002 -16"><span class='ocrx_word' id='word_1_188' title='bbox 270 2675 373 2726; x_wconf 90' lang='lat' dir='ltr'>autem</span> <span class='ocrx_word' id='word_1_189' title='bbox 397 2677 466 2742; x_wconf 90' lang='lat' dir='ltr'>post</span> <span class='ocrx_word' id='word_1_190' title='bbox 491 2670 642 2726; x_wconf 89' lang='lat' dir='ltr'>lecturam</span> <span class='ocrx_word' id='word_1_191' title='bbox 665 2669 753 2726; x_wconf 92' lang='lat' dir='ltr'>reddi</span> <span class='ocrx_word' id='word_1_192' title='bbox 778 2644 921 2727; x_wconf 85' lang='lat' dir='ltr'>iubemus</span> <span class='ocrx_word' id='word_1_193' title='bbox 945 2671 1140 2742; x_wconf 88' lang='lat' dir='ltr'>presentanti.</span> <span class='ocrx_word' id='word_1_194' title='bbox 1164 2670 1279 2726; x_wconf 85' lang='lat' dir='ltr'>Datum</span> <span class='ocrx_word' id='word_1_195' title='bbox 1303 2670 1334 2726; x_wconf 94' lang='lat' dir='ltr'>in</span> <span class='ocrx_word' id='word_1_196' title='bbox 1350 2645 1534 2742; x_wconf 76' lang='lat' dir='ltr'>Posega⁰uar‚</span> 
     </span>
     <span class='ocr_line' id='line_1_23' title="bbox 271 2774 1534 2848; baseline -0.001 -17"><span class='ocrx_word' id='word_1_197' title='bbox 271 2775 348 2832; x_wconf 84' lang='lat' dir='ltr'>feria</span> <span class='ocrx_word' id='word_1_198' title='bbox 378 2782 487 2848; x_wconf 89' lang='lat' dir='ltr'>quarta</span> <span class='ocrx_word' id='word_1_199' title='bbox 517 2776 659 2848; x_wconf 81' lang='lat' dir='ltr'>proxima</span> <span class='ocrx_word' id='word_1_200' title='bbox 690 2781 759 2832; x_wconf 91' lang='lat' dir='ltr'>ante</span> <span class='ocrx_word' id='word_1_201' title='bbox 796 2774 906 2832; x_wconf 84' lang='lat' dir='ltr'>festum</span> <span class='ocrx_word' id='word_1_202' title='bbox 942 2777 1110 2832; x_wconf 83' lang='lat' dir='ltr'>nativitatis</span> <span class='ocrx_word' id='word_1_203' title='bbox 1145 2776 1233 2832; x_wconf 87' lang='lat' dir='ltr'>beate</span> <span class='ocrx_word' id='word_1_204' title='bbox 1267 2776 1363 2832; x_wconf 88' lang='lat' dir='ltr'>Marie</span> <span class='ocrx_word' id='word_1_205' title='bbox 1398 2775 1534 2847; x_wconf 91' lang='lat' dir='ltr'>virginis.</span> 
     </span>
     <span class='ocr_line' id='line_1_24' title="bbox 271 2881 1288 2954; baseline 0.001 -18"><span class='ocrx_word' id='word_1_206' title='bbox 271 2882 360 2938; x_wconf 84' lang='lat' dir='ltr'>Anno</span> <span class='ocrx_word' id='word_1_207' title='bbox 385 2881 502 2938; x_wconf 90' lang='lat' dir='ltr'>domini</span> <span class='ocrx_word' id='word_1_208' title='bbox 527 2881 695 2937; x_wconf 91' lang='lat' dir='ltr'>millesimo</span> <span class='ocrx_word' id='word_1_209' title='bbox 719 2882 932 2937; x_wconf 88' lang='lat' dir='ltr'>tercentesimo</span> <span class='ocrx_word' id='word_1_210' title='bbox 956 2883 1154 2953; x_wconf 90' lang='lat' dir='ltr'>nonagesimo</span> <span class='ocrx_word' id='word_1_211' title='bbox 1179 2882 1288 2954; x_wconf 91' lang='lat' dir='ltr'>primo.</span> 
     </span>
    </p>
   </div>
   <div class='ocr_carea' id='block_1_3' title="bbox 360 2997 1486 3063">
    <p class='ocr_par' dir='ltr' id='par_1_3' title="bbox 360 2997 1486 3063">
     <span class='ocr_line' id='line_1_25' title="bbox 360 2997 1486 3063; baseline 0 -17"><span class='ocrx_word' id='word_1_212' title='bbox 360 2998 499 3063; x_wconf 82' lang='lat' dir='ltr'>Originale</span> <span class='ocrx_word' id='word_1_213' title='bbox 519 2998 546 3047; x_wconf 88' lang='lat' dir='ltr'>in</span> <span class='ocrx_word' id='word_1_214' title='bbox 565 3000 723 3055; x_wconf 83' lang='lat' dir='ltr'>membrana,</span> <span class='ocrx_word' id='word_1_215' title='bbox 743 2997 862 3063; x_wconf 84' lang='lat' dir='ltr'>sigillum</span> <span class='ocrx_word' id='word_1_216' title='bbox 883 2997 1047 3062; x_wconf 85' lang='lat' dir='ltr'>impressum.</span> <span class='ocrx_word' id='word_1_217' title='bbox 1067 2998 1097 3046; x_wconf 92' lang='lat' dir='ltr'>In</span> <span class='ocrx_word' id='word_1_218' title='bbox 1116 2998 1214 3047; x_wconf 86' lang='lat' dir='ltr'>archiv.</span> <span class='ocrx_word' id='word_1_219' title='bbox 1235 3000 1251 3047; x_wconf 96' lang='lat' dir='ltr'>l.</span> <span class='ocrx_word' id='word_1_220' title='bbox 1272 3015 1292 3046; x_wconf 93' lang='lat' dir='ltr'>r.</span> <span class='ocrx_word' id='word_1_221' title='bbox 1313 2997 1361 3047; x_wconf 89' lang='lat' dir='ltr'>civ.</span> <span class='ocrx_word' id='word_1_222' title='bbox 1382 3000 1486 3063; x_wconf 85' lang='lat' dir='ltr'>zagrab.</span> 
     </span>
    </p>
   </div>
   <div class='ocr_carea' id='block_1_4' title="bbox 375 3195 945 3343">
    <p class='ocr_par' dir='ltr' id='par_1_4' title="bbox 375 3195 945 3343">
     <span class='ocr_line' id='line_1_26' title="bbox 855 3195 945 3259; baseline -0.011 0"><span class='ocrx_word' id='word_1_223' title='bbox 855 3195 945 3259; x_wconf 82' lang='lat'>349.</span> 
     </span>
     <span class='ocr_line' id='line_1_27' title="bbox 375 3285 546 3343; baseline -0.006 -12"><span class='ocrx_word' id='word_1_224' title='bbox 375 3285 451 3331; x_wconf 80' lang='lat' dir='ltr'>Anno</span> <span class='ocrx_word' id='word_1_225' title='bbox 474 3292 546 3343; x_wconf 82' lang='lat'>¹30¹·</span> 
     </span>
    </p>
   </div>
   <div class='ocr_carea' id='block_1_5' title="bbox 269 3389 1572 3661">
    <p class='ocr_par' dir='ltr' id='par_1_5' title="bbox 269 3389 1572 3661">
     <span class='ocr_line' id='line_1_28' title="bbox 269 3389 1572 3462; baseline -0.001 -14"><span class='ocrx_word' id='word_1_226' title='bbox 269 3392 391 3449; x_wconf 72' lang='lat' dir='ltr'>Detrirrs</span> <span class='ocrx_word' id='word_1_227' title='bbox 413 3393 512 3449; x_wconf 70' lang='lat' dir='ltr'>trube</span> <span class='ocrx_word' id='word_1_228' title='bbox 533 3394 632 3459; x_wconf 72' lang='lat' dir='ltr'>barrus,</span> <span class='ocrx_word' id='word_1_229' title='bbox 658 3392 824 3448; x_wconf 74' lang='lat' dir='ltr'>rrrotrdatum</span> <span class='ocrx_word' id='word_1_230' title='bbox 848 3389 1029 3461; x_wconf 55' lang='lat' dir='ltr'>Srssgr&#39;smmrdz&#39;</span> <span class='ocrx_word' id='word_1_231' title='bbox 1049 3393 1125 3462; x_wconf 75' lang='lat' dir='ltr'>regis</span> <span class='ocrx_word' id='word_1_232' title='bbox 1147 3391 1180 3446; x_wconf 82' lang='lat' dir='ltr'>de</span> <span class='ocrx_word' id='word_1_233' title='bbox 1202 3392 1326 3448; x_wconf 74' lang='lat' dir='ltr'>srsteadu</span> <span class='ocrx_word' id='word_1_234' title='bbox 1347 3410 1435 3448; x_wconf 80' lang='lat' dir='ltr'>causa</span> <span class='ocrx_word' id='word_1_235' title='bbox 1458 3394 1536 3449; x_wconf 71' lang='lat' dir='ltr'>inter</span> <span class='ocrx_word' id='word_1_236' title='bbox 1568 3415 1572 3423; x_wconf 92' lang='lat'><strong>·</strong></span> 
     </span>
     <span class='ocr_line' id='line_1_29' title="bbox 269 3498 1532 3570; baseline -0.001 -16"><span class='ocrx_word' id='word_1_237' title='bbox 269 3499 424 3570; x_wconf 43' lang='lat' dir='ltr'>clnt&#39;sropum</span> <span class='ocrx_word' id='word_1_238' title='bbox 447 3499 562 3570; x_wconf 62' lang='lat' dir='ltr'>:agrale</span> <span class='ocrx_word' id='word_1_239' title='bbox 586 3507 614 3554; x_wconf 77' lang='lat' dir='ltr'>er</span> <span class='ocrx_word' id='word_1_240' title='bbox 634 3499 707 3554; x_wconf 58' lang='lat' dir='ltr'>cretes</span> <span class='ocrx_word' id='word_1_241' title='bbox 737 3498 909 3554; x_wconf 74' lang='lat' dir='ltr'>Grrclrevrses</span> <span class='ocrx_word' id='word_1_242' title='bbox 925 3507 983 3569; x_wconf 72' lang='lat' dir='ltr'>pro</span> <span class='ocrx_word' id='word_1_243' title='bbox 998 3498 1132 3553; x_wconf 77' lang='lat' dir='ltr'>soleclum</span> <span class='ocrx_word' id='word_1_244' title='bbox 1148 3507 1237 3570; x_wconf 75' lang='lat' dir='ltr'>parte</span> <span class='ocrx_word' id='word_1_245' title='bbox 1252 3498 1423 3554; x_wconf 63' lang='lat' dir='ltr'>lucanorum</span> <span class='ocrx_word' id='word_1_246' title='bbox 1451 3506 1532 3555; x_wconf 83' lang='lat' dir='ltr'>tran-</span> 
     </span>
     <span class='ocr_line' id='line_1_30' title="bbox 846 3602 952 3661; baseline -0.009 -2"><span class='ocrx_word' id='word_1_247' title='bbox 846 3602 952 3661; x_wconf 75' lang='lat' dir='ltr'>scribit.</span> 
     </span>
    </p>
   </div>
   <div class='ocr_carea' id='block_1_6' title="bbox 267 3728 1552 4861">
    <p class='ocr_par' dir='ltr' id='par_1_6' title="bbox 267 3728 1552 4861">
     <span class='ocr_line' id='line_1_31' title="bbox 357 3728 1552 3801; baseline 0.001 -17"><span class='ocrx_word' id='word_1_248' title='bbox 357 3729 420 3785; x_wconf 92' lang='lat' dir='ltr'>Nos</span> <span class='ocrx_word' id='word_1_249' title='bbox 444 3730 585 3785; x_wconf 88' lang='lat' dir='ltr'>Detricus</span> <span class='ocrx_word' id='word_1_250' title='bbox 609 3728 723 3793; x_wconf 84' lang='lat' dir='ltr'>Bubek,</span> <span class='ocrx_word' id='word_1_251' title='bbox 753 3730 837 3801; x_wconf 88' lang='lat' dir='ltr'>regni</span> <span class='ocrx_word' id='word_1_252' title='bbox 870 3728 1031 3786; x_wconf 89' lang='lat' dir='ltr'>Sclauonie</span> <span class='ocrx_word' id='word_1_253' title='bbox 1064 3731 1169 3786; x_wconf 90' lang='lat' dir='ltr'>banus.</span> <span class='ocrx_word' id='word_1_254' title='bbox 1206 3730 1353 3786; x_wconf 89' lang='lat' dir='ltr'>Memorie</span> <span class='ocrx_word' id='word_1_255' title='bbox 1377 3737 1552 3786; x_wconf 77' lang='lat' dir='ltr'>commen&#39;</span> 
     </span>
     <span class='ocr_line' id='line_1_32' title="bbox 269 3834 1533 3907; baseline 0 -17"><span class='ocrx_word' id='word_1_256' title='bbox 269 3834 379 3890; x_wconf 89' lang='lat' dir='ltr'>damus</span> <span class='ocrx_word' id='word_1_257' title='bbox 410 3835 493 3906; x_wconf 92' lang='lat' dir='ltr'>quod</span> <span class='ocrx_word' id='word_1_258' title='bbox 528 3851 607 3891; x_wconf 89' lang='lat' dir='ltr'>anno</span> <span class='ocrx_word' id='word_1_259' title='bbox 638 3835 754 3891; x_wconf 93' lang='lat' dir='ltr'>domini</span> <span class='ocrx_word' id='word_1_260' title='bbox 791 3836 958 3891; x_wconf 89' lang='lat' dir='ltr'>millesimo</span> <span class='ocrx_word' id='word_1_261' title='bbox 994 3836 1071 3890; x_wconf 78' lang='lat' dir='ltr'>CCC</span> <span class='ocrx_word' id='word_1_262' title='bbox 1111 3837 1309 3906; x_wconf 86' lang='lat' dir='ltr'>nonagesimo</span> <span class='ocrx_word' id='word_1_263' title='bbox 1340 3837 1452 3907; x_wconf 89' lang='lat' dir='ltr'>primo,</span> <span class='ocrx_word' id='word_1_264' title='bbox 1485 3837 1533 3891; x_wconf 91' lang='lat' dir='ltr'>vir</span> 
     </span>
     <span class='ocr_line' id='line_1_33' title="bbox 270 3940 1532 4021; baseline 0.001 -26"><span class='ocrx_word' id='word_1_265' title='bbox 270 3940 419 4011; x_wconf 88' lang='lat' dir='ltr'>providus</span> <span class='ocrx_word' id='word_1_266' title='bbox 444 3941 607 4010; x_wconf 83' lang='lat' dir='ltr'>hlylrlinns</span> <span class='ocrx_word' id='word_1_267' title='bbox 632 3941 725 3997; x_wconf 86' lang='lat' dir='ltr'>iilius.</span> <span class='ocrx_word' id='word_1_268' title='bbox 739 3941 887 4021; x_wconf 88' lang='lat' dir='ltr'>Johannis</span> <span class='ocrx_word' id='word_1_269' title='bbox 910 3940 1038 3997; x_wconf 90' lang='lat' dir='ltr'>condam</span> <span class='ocrx_word' id='word_1_270' title='bbox 1065 3940 1156 3997; x_wconf 87' lang='lat' dir='ltr'>iudex</span> <span class='ocrx_word' id='word_1_271' title='bbox 1173 3941 1305 3997; x_wconf 88' lang='lat' dir='ltr'>civitatis</span> <span class='ocrx_word' id='word_1_272' title='bbox 1326 3942 1438 3998; x_wconf 89' lang='lat' dir='ltr'>montis</span> <span class='ocrx_word' id='word_1_273' title='bbox 1456 3941 1532 3997; x_wconf 89' lang='lat' dir='ltr'>Gre-</span> 
     </span>
     <span class='ocr_line' id='line_1_34' title="bbox 270 4046 1530 4119; baseline 0.001 -17"><span class='ocrx_word' id='word_1_274' title='bbox 270 4048 367 4102; x_wconf 89' lang='lat' dir='ltr'>censis</span> <span class='ocrx_word' id='word_1_275' title='bbox 398 4046 435 4102; x_wconf 91' lang='lat' dir='ltr'>ad</span> <span class='ocrx_word' id='word_1_276' title='bbox 461 4052 597 4103; x_wconf 88' lang='lat' dir='ltr'>nostram</span> <span class='ocrx_word' id='word_1_277' title='bbox 622 4048 824 4118; x_wconf 85' lang='lat' dir='ltr'>personaliter</span> <span class='ocrx_word' id='word_1_278' title='bbox 856 4047 1006 4103; x_wconf 89' lang='lat' dir='ltr'>veniendo</span> <span class='ocrx_word' id='word_1_279' title='bbox 1039 4049 1236 4119; x_wconf 81' lang='lat' dir='ltr'>presenciam,</span> <span class='ocrx_word' id='word_1_280' title='bbox 1268 4063 1322 4102; x_wconf 92' lang='lat' dir='ltr'>sua</span> <span class='ocrx_word' id='word_1_281' title='bbox 1356 4055 1385 4103; x_wconf 93' lang='lat' dir='ltr'>et</span> <span class='ocrx_word' id='word_1_282' title='bbox 1408 4048 1438 4103; x_wconf 89' lang='lat' dir='ltr'>in</span> <span class='ocrx_word' id='word_1_283' title='bbox 1463 4063 1530 4119; x_wconf 93' lang='lat' dir='ltr'>per-</span> 
     </span>
     <span class='ocr_line' id='line_1_35' title="bbox 268 4151 1531 4234; baseline 0.002 -27"><span class='ocrx_word' id='word_1_284' title='bbox 268 4167 342 4207; x_wconf 91' lang='lat' dir='ltr'>sona</span> <span class='ocrx_word' id='word_1_285' title='bbox 365 4152 512 4232; x_wconf 86' lang='lat' dir='ltr'>Johannis</span> <span class='ocrx_word' id='word_1_286' title='bbox 538 4151 593 4207; x_wconf 84' lang='lat' dir='ltr'>filii</span> <span class='ocrx_word' id='word_1_287' title='bbox 618 4153 736 4234; x_wconf 77' lang='lat' dir='ltr'>jacobi,</span> <span class='ocrx_word' id='word_1_288' title='bbox 760 4152 833 4209; x_wconf 89' lang='lat' dir='ltr'>dicti</span> <span class='ocrx_word' id='word_1_289' title='bbox 858 4153 939 4223; x_wconf 83' lang='lat' dir='ltr'>Bole‚</span> <span class='ocrx_word' id='word_1_290' title='bbox 957 4153 1073 4221; x_wconf 91' lang='lat' dir='ltr'>iudicis,</span> <span class='ocrx_word' id='word_1_291' title='bbox 1091 4168 1206 4209; x_wconf 90' lang='lat' dir='ltr'>necnon</span> <span class='ocrx_word' id='word_1_292' title='bbox 1225 4154 1395 4210; x_wconf 90' lang='lat' dir='ltr'>iuratorum</span> <span class='ocrx_word' id='word_1_293' title='bbox 1420 4161 1450 4209; x_wconf 94' lang='lat' dir='ltr'>et</span> <span class='ocrx_word' id='word_1_294' title='bbox 1465 4154 1531 4210; x_wconf 91' lang='lat' dir='ltr'>uni·</span> 
     </span>
     <span class='ocr_line' id='line_1_36' title="bbox 268 4243 1530 4333; baseline 0.002 -20"><span class='ocrx_word' id='word_1_295' title='bbox 268 4273 428 4313; x_wconf 91' lang='lat' dir='ltr'>versorum</span> <span class='ocrx_word' id='word_1_296' title='bbox 453 4258 567 4313; x_wconf 88' lang='lat' dir='ltr'>civium</span> <span class='ocrx_word' id='word_1_297' title='bbox 592 4257 631 4314; x_wconf 88' lang='lat' dir='ltr'>de</span> <span class='ocrx_word' id='word_1_298' title='bbox 655 4259 771 4323; x_wconf 86' lang='lat' dir='ltr'>eadem,</span> <span class='ocrx_word' id='word_1_299' title='bbox 795 4259 933 4314; x_wconf 87' lang='lat' dir='ltr'>exhibuit</span> <span class='ocrx_word' id='word_1_300' title='bbox 959 4264 987 4315; x_wconf 86' lang='lat' dir='ltr'>et</span> <span class='ocrx_word' id='word_1_301' title='bbox 1008 4243 1197 4330; x_wconf 74' lang='lat' dir='ltr'>&#39;presentavit</span> <span class='ocrx_word' id='word_1_302' title='bbox 1222 4259 1311 4315; x_wconf 91' lang='lat' dir='ltr'>nobis</span> <span class='ocrx_word' id='word_1_303' title='bbox 1336 4260 1453 4316; x_wconf 87' lang='lat' dir='ltr'>litteras</span> <span class='ocrx_word' id='word_1_304' title='bbox 1476 4275 1530 4333; x_wconf 90' lang='lat' dir='ltr'>pa·</span> 
     </span>
     <span class='ocr_line' id='line_1_37' title="bbox 269 4361 1530 4436; baseline 0.002 -18"><span class='ocrx_word' id='word_1_305' title='bbox 269 4368 365 4419; x_wconf 84' lang='lat' dir='ltr'>lentes</span> <span class='ocrx_word' id='word_1_306' title='bbox 397 4361 514 4418; x_wconf 89' lang='lat' dir='ltr'>domini</span> <span class='ocrx_word' id='word_1_307' title='bbox 538 4361 734 4434; x_wconf 87' lang='lat' dir='ltr'>Sigismundi.</span> <span class='ocrx_word' id='word_1_308' title='bbox 744 4364 792 4420; x_wconf 93' lang='lat' dir='ltr'>dei</span> <span class='ocrx_word' id='word_1_309' title='bbox 809 4365 914 4435; x_wconf 85' lang='lat' dir='ltr'>gracia</span> <span class='ocrx_word' id='word_1_310' title='bbox 936 4366 1016 4435; x_wconf 90' lang='lat' dir='ltr'>regis</span> <span class='ocrx_word' id='word_1_311' title='bbox 1036 4365 1201 4436; x_wconf 78' lang='lat' dir='ltr'>ilungarie,</span> <span class='ocrx_word' id='word_1_312' title='bbox 1220 4366 1387 4435; x_wconf 86' lang='lat' dir='ltr'>Dalmacie‚</span> <span class='ocrx_word' id='word_1_313' title='bbox 1404 4366 1530 4421; x_wconf 84' lang='lat' dir='ltr'>Croacie</span> 
     </span>
     <span class='ocr_line' id='line_1_38' title="bbox 268 4468 1529 4542; baseline 0.002 -18"><span class='ocrx_word' id='word_1_314' title='bbox 268 4474 331 4537; x_wconf 87' lang='lat' dir='ltr'>etc,</span> <span class='ocrx_word' id='word_1_315' title='bbox 357 4469 603 4540; x_wconf 91' lang='lat' dir='ltr'>marchionisque</span> <span class='ocrx_word' id='word_1_316' title='bbox 629 4468 943 4540; x_wconf 88' lang='lat' dir='ltr'>Brandemburgensis</span> <span class='ocrx_word' id='word_1_317' title='bbox 968 4477 1031 4540; x_wconf 83' lang='lat' dir='ltr'>etc,</span> <span class='ocrx_word' id='word_1_318' title='bbox 1056 4470 1172 4527; x_wconf 91' lang='lat' dir='ltr'>domini</span> <span class='ocrx_word' id='word_1_319' title='bbox 1190 4473 1287 4527; x_wconf 89' lang='lat' dir='ltr'>nostri</span> <span class='ocrx_word' id='word_1_320' title='bbox 1301 4471 1459 4540; x_wconf 88' lang='lat' dir='ltr'>naturalis,</span> <span class='ocrx_word' id='word_1_321' title='bbox 1477 4486 1529 4542; x_wconf 91' lang='lat' dir='ltr'>pe-</span> 
     </span>
     <span class='ocr_line' id='line_1_39' title="bbox 269 4576 1529 4633; baseline 0.002 -3"><span class='ocrx_word' id='word_1_322' title='bbox 269 4582 334 4631; x_wconf 91' lang='lat' dir='ltr'>tens</span> <span class='ocrx_word' id='word_1_323' title='bbox 357 4590 412 4632; x_wconf 93' lang='lat' dir='ltr'>nos</span> <span class='ocrx_word' id='word_1_324' title='bbox 436 4592 505 4633; x_wconf 92' lang='lat' dir='ltr'>cum</span> <span class='ocrx_word' id='word_1_325' title='bbox 531 4576 677 4632; x_wconf 88' lang='lat' dir='ltr'>instancia</span> <span class='ocrx_word' id='word_1_326' title='bbox 708 4581 742 4632; x_wconf 91' lang='lat' dir='ltr'>ut</span> <span class='ocrx_word' id='word_1_327' title='bbox 773 4582 910 4632; x_wconf 90' lang='lat' dir='ltr'>tenorem</span> <span class='ocrx_word' id='word_1_328' title='bbox 943 4577 1123 4633; x_wconf 90' lang='lat' dir='ltr'>earumdem</span> <span class='ocrx_word' id='word_1_329' title='bbox 1147 4576 1186 4633; x_wconf 91' lang='lat' dir='ltr'>de</span> <span class='ocrx_word' id='word_1_330' title='bbox 1213 4578 1310 4633; x_wconf 91' lang='lat' dir='ltr'>verbo</span> <span class='ocrx_word' id='word_1_331' title='bbox 1334 4576 1373 4633; x_wconf 91' lang='lat' dir='ltr'>ad</span> <span class='ocrx_word' id='word_1_332' title='bbox 1397 4578 1529 4633; x_wconf 91' lang='lat' dir='ltr'>verbum</span> 
     </span>
     <span class='ocr_line' id='line_1_40' title="bbox 268 4680 1530 4755; baseline 0.003 -19"><span class='ocrx_word' id='word_1_333' title='bbox 268 4681 430 4737; x_wconf 90' lang='lat' dir='ltr'>transcribi</span> <span class='ocrx_word' id='word_1_334' title='bbox 456 4680 626 4738; x_wconf 83' lang='lat' dir='ltr'>laceremus</span> <span class='ocrx_word' id='word_1_335' title='bbox 649 4687 678 4737; x_wconf 91' lang='lat' dir='ltr'>et</span> <span class='ocrx_word' id='word_1_336' title='bbox 701 4681 806 4753; x_wconf 89' lang='lat' dir='ltr'>sigillo</span> <span class='ocrx_word' id='word_1_337' title='bbox 829 4687 934 4738; x_wconf 88' lang='lat' dir='ltr'>nostro</span> <span class='ocrx_word' id='word_1_338' title='bbox 965 4684 1223 4754; x_wconf 88' lang='lat' dir='ltr'>consignaremus.</span> <span class='ocrx_word' id='word_1_339' title='bbox 1255 4682 1350 4738; x_wconf 88' lang='lat' dir='ltr'>Cuius</span> <span class='ocrx_word' id='word_1_340' title='bbox 1374 4698 1429 4740; x_wconf 93' lang='lat' dir='ltr'>nos</span> <span class='ocrx_word' id='word_1_341' title='bbox 1454 4684 1530 4755; x_wconf 88' lang='lat' dir='ltr'>peti·</span> 
     </span>
     <span class='ocr_line' id='line_1_41' title="bbox 267 4786 1526 4861; baseline 0.002 -19"><span class='ocrx_word' id='word_1_342' title='bbox 267 4786 407 4843; x_wconf 90' lang='lat' dir='ltr'>cionibus</span> <span class='ocrx_word' id='word_1_343' title='bbox 430 4794 595 4843; x_wconf 92' lang='lat' dir='ltr'>annuentes</span> <span class='ocrx_word' id='word_1_344' title='bbox 616 4786 824 4860; x_wconf 87' lang='lat' dir='ltr'>preallegatas</span> <span class='ocrx_word' id='word_1_345' title='bbox 850 4787 969 4845; x_wconf 84' lang='lat' dir='ltr'>litteras</span> <span class='ocrx_word' id='word_1_346' title='bbox 999 4789 1089 4845; x_wconf 90' lang='lat' dir='ltr'>nobis</span> <span class='ocrx_word' id='word_1_347' title='bbox 1119 4793 1308 4861; x_wconf 91' lang='lat' dir='ltr'>presentatas</span> <span class='ocrx_word' id='word_1_348' title='bbox 1339 4787 1462 4845; x_wconf 90' lang='lat' dir='ltr'>easdem</span> <span class='ocrx_word' id='word_1_349' title='bbox 1487 4787 1526 4845; x_wconf 93' lang='lat' dir='ltr'>de</span> 
     </span>
    </p>
   </div>
   <div class='ocr_carea' id='block_1_7' title="bbox 0 0 1748 5242">
    <p class='ocr_par' dir='ltr' id='par_1_7' title="bbox 0 0 1748 5242">
     <span class='ocr_line' id='line_1_42' title="bbox 0 0 1748 5242; baseline 0 1"><span class='ocrx_word' id='word_1_350' title='bbox 0 0 1748 5242; x_wconf 95' lang='lat' dir='ltr'> </span> 
     </span>
    </p>
   </div>
  </div>
 </body>
</html>
