3488 5242
669 334 741 390 Duc.
766 344 833 408 105.
862 367 897 374 —
924 333 979 391 An.
1003 328 1090 410 1316.

390 439 531 447 ——-—
551 439 759 446 --—-

847 527 930 594 105.

357 619 434 664 Anno
456 616 530 673 1310,
551 625 566 674 3
594 615 665 674 maii,
684 613 837 677 Zagrabiae.

251 727 301 783 Fr.
327 726 504 798 Avrgraeshnas
519 726 598 798 episc.
619 725 745 796 zagrub..
760 725 897 799 qarotvtodo
912 726 949 781 ab
970 725 1178 782 archaliacouis
1193 727 1254 784 cccl.
1278 726 1395 797 aagmb.
1413 742 1517 781 Μανία

496 831 529 888 de
552 832 675 904 praelibet
695 831 834 888 homicida
857 832 997 906 exigendo
1019 830 1068 902 sit,
1084 831 1264 905 praescrihit.

342 976 449 1032 Frater
473 976 662 1047 Augustinus
686 976 886 1033 miseracione
910 975 1016 1033 divina
1039 974 1246 1047 zagrabieusis
1270 974 1442 1047 episcopus.
1466 973 1521 1032 Di·

251 1087 349 1138 screto
374 1082 441 1138 viro
465 1080 600 1154 Georgio
623 1080 838 1139 archidiacono
859 1080 1033 1139 kathedrali
1056 1096 1126 1138 cum
1155 1086 1283 1154 patema
1304 1078 1520 1137 benediccione

254 1186 393 1244 salutem.
416 1187 466 1243 Ad
490 1188 749 1244 consultacionem
779 1195 864 1245 tuam
882 1188 984 1244 taliter
1000 1186 1232 1260 respondemus,
1259 1185 1343 1260 quod
1359 1186 1385 1243 si
1401 1192 1520 1243 certum

254 1299 299 1349 est
330 1300 381 1349 aut
413 1294 591 1363 verisimile,
621 1293 705 1366 quod
734 1309 791 1367 pro
819 1292 987 1351 homicidio
1011 1294 1084 1363 eius,
1108 1293 1162 1365 qui
1184 1293 1302 1350 occisus
1325 1299 1379 1362 est,
1402 1291 1519 1349 solucio

254 1399 373 1471 penalis
404 1399 532 1471 pecunie
563 1405 615 1456 aut
645 1398 816 1458 satisfaccio
847 1400 953 1472 aliqua
983 1401 1049 1457 sive
1080 1414 1136 1472 per
1164 1397 1293 1455 modum
1316 1396 1430 1469 iudicii,
1453 1397 1520 1455 sive

252 1520 307 1577 per
329 1503 459 1560 modum
482 1505 706 1577 conposicionis
729 1506 781 1562 vel
805 1520 1001 1578 quocumque
1026 1504 1120 1562 modo
1151 1504 1214 1562 alio
1243 1504 1347 1561 valeat
1377 1503 1519 1576 optineri,

254 1617 325 1667 tunc
348 1614 380 1666 tu
404 1611 444 1667 ab
467 1610 536 1668 aliis
561 1612 614 1683 qui
637 1611 791 1683 sepeliunt
823 1606 1020 1669 interfectum
1048 1616 1138 1684 potes
1161 1611 1300 1684 accipere
1323 1607 1520 1667 fideiussores

251 1722 303 1773 aut
326 1717 456 1789 pignora
480 1732 574 1789 super
597 1733 642 1788 e0,
667 1717 750 1790 quod
772 1716 845 1775 dum
863 1733 921 1792 pro
938 1717 1106 1776 homicidio
1122 1717 1321 1775 exhibebitur
1337 1713 1518 1786 satisfaccio,

251 1824 297 1878 ius
321 1822 529 1879 archidiaconi
552 1823 669 1896 absque
693 1829 795 1881 tamen
819 1822 1004 1882 difficultate
1029 1823 1080 1881 vel
1104 1822 1307 1894 subterfugio,
1331 1822 1519 1879 exsolvetur.

251 1926 284 1984 Si
306 1943 380 1984 vero
413 1928 483 1984 talis
514 1927 633 1986 advena
664 1930 715 1986 vel
747 1929 908 2003 profugus,
944 1931 994 1987 vel
1021 1930 1153 1987 incertus
1176 1929 1228 1986 vel
1253 1934 1362 2003 potens
1385 1928 1520 1985 extiterit

251 2032 416 2103 homicida,
452 2042 485 2090 ut
509 2035 539 2091 in
563 2049 634 2091 eum
659 2036 742 2093 accio
766 2043 870 2109 posset
894 2035 987 2108 dirigi
1009 2051 1069 2093 non
1094 2041 1244 2109 speretur,
1268 2049 1328 2103 eos,
1353 2034 1407 2107 qui
1427 2035 1519 2091 inter·

252 2138 364 2196 lectum
397 2141 522 2213 sepeliri
554 2147 669 2213 petunt,
702 2158 760 2199 non
793 2141 948 2200 credimus
979 2157 1044 2199 esse
1075 2140 1229 2214 cogendos
1259 2139 1298 2198 ad
1323 2139 1519 2198 fideiussores

250 2245 427 2302 statuendos
459 2247 509 2303 vel
540 2248 670 2320 pignora
701 2247 868 2319 offerenda,
900 2264 1010 2306 verum
1043 2249 1070 2306 si
1093 2248 1239 2322 primitus
1262 2245 1434 2304 satisfaccio
1456 2259 1518 2303 non

251 2357 373 2424 sperata
395 2352 598 2425 postmodum
620 2354 826 2428 impendatur.
843 2356 942 2413 libere
958 2354 1074 2428 poteris
1091 2361 1176 2411 tuam
1192 2354 1315 2426 exigere
1331 2352 1518 2427 porcionem.

252 2456 396 2514 Ceterum
420 2457 458 2514 de
482 2459 553 2529 illis,
578 2460 630 2531 qui
655 2461 821 2517 commisso
848 2459 1016 2518 homicidio
1040 2459 1146 2531 lugam
1170 2459 1322 2533 arripiunt
1345 2464 1375 2514 et
1399 2456 1518 2515 domiui

253 2568 405 2619 terrarum
430 2563 511 2620 bona
535 2564 675 2637 ipsorum
698 2564 849 2629 auferunt,
873 2566 931 2623 hoc
955 2565 1109 2623 credimus
1132 2580 1248 2638 equum
1271 2579 1345 2634 esse,
1362 2571 1395 2621 ut
1411 2580 1449 2621 ex
1465 2579 1518 2637 pe·

252 2669 340 2725 cunia
363 2669 517 2727 homicide
538 2671 584 2727 ius
608 2671 814 2729 archidiaconi
850 2672 1037 2739 exsolvatur,
1065 2678 1171 2729 coacto
1194 2670 1320 2729 domino
1343 2670 1395 2727 vel
1419 2669 1520 2728 iudice

252 2780 303 2830 aut
336 2776 476 2847 quolibet
507 2791 691 2849 possessore,
723 2778 789 2834 sive
816 2777 960 2835 dominus
985 2783 1064 2835 terre
1088 2783 1141 2835 aut
1164 2776 1257 2834 iudex
1281 2775 1446 2835 heredibus
1469 2790 1519 2833 oc·

251 2881 304 2937 cisi
330 2882 406 2938 iuste
430 2881 605 2953 satisfaciat,
630 2884 695 2940 sive
719 2899 753 2940 ea
774 2883 899 2940 sibimet
923 2884 1051 2941 retineat
1067 2884 1169 2940 minus
1186 2883 1279 2950 iuste;
1295 2882 1421 2956 insuper
1437 2882 1519 2939 bona

252 2986 375 3060 profugi
399 2987 554 3045 homicide
577 2990 683 3059 eciam,
715 2991 740 3046 si
764 3006 819 3046 nec
849 3006 905 3063 per
929 2988 1090 3047 dominum
1115 2994 1203 3059 terre,
1226 3004 1282 3045 nec
1305 3004 1362 3062 per
1385 2986 1518 3045 iudicem

251 3093 363 3151 luerint
387 3094 544 3167 impedita,
569 3094 644 3152 dum
670 3102 771 3154 tamen
795 3097 893 3153 oculis
917 3101 1040 3170 pateant
1065 3097 1146 3164 satis,
1170 3101 1257 3168 potes
1281 3092 1409 3152 heredes
1426 3094 1518 3151 inter·

252 3199 321 3256 t'eeti
346 3216 464 3271 cogere,
489 3208 521 3257 ut
546 3203 592 3258 ius
615 3202 821 3259 archidiaconi
846 3203 1017 3269 exsolvant,
1041 3203 1119 3259 sicut
1139 3202 1267 3259 enimin
1284 3215 1356 3258 casu
1373 3199 1518 3273 proximo

252 3307 436 3379 precedenti,
461 3323 564 3365 rerum
596 3309 717 3365 ablacio
750 3325 805 3382 per
832 3308 992 3366 dominum
1021 3316 1101 3367 terre
1125 3309 1175 3365 vel
1200 3324 1256 3382 per
1280 3306 1414 3364 iudicem
1437 3305 1518 3363 facta

252 3428 309 3484 pro
340 3412 474 3485 quadam
506 3413 796 3487 condempnationis
827 3415 878 3470 vel
911 3415 1103 3473 execucionis
1127 3414 1228 3488 specie
1262 3419 1439 3486 reputatur;
1476 3413 1517 3470 ita

253 3520 350 3575 eciam
383 3518 455 3590 luga
488 3535 581 3591 quam
610 3521 749 3593 arripuit.
781 3521 806 3577 si
839 3520 944 3577 oblata
968 3521 1028 3578 sibi
1052 3521 1223 3589 securitate,
1248 3527 1280 3577 ut
1305 3518 1344 3576 ad
1368 3518 1516 3576 iudicium

255 3623 366 3693 redeat,
391 3625 492 3682 redire
517 3626 623 3696 noluit,
647 3627 698 3683 vel
722 3643 759 3684 ne
783 3627 941 3684 conveniri
964 3628 1074 3697 valeat,
1099 3643 1164 3684 sese
1189 3627 1311 3700 penitus
1333 3625 1516 3695 absentavit,

252 3730 324 3786 satis
348 3729 506 3787 videbitur
529 3733 588 3789 sibi
613 3733 695 3789 male
719 3733 858 3790 conscius
881 3735 919 3791 de
944 3734 1073 3792 crimine
1096 3733 1273 3807 aliqualiter
1295 3731 1443 3801 confiteri,
1466 3747 1516 3788 res

251 3836 343 3907 igitur
367 3852 443 3907 quas
468 3838 592 3909 reliquit
617 3854 674 3910 pro
697 3838 826 3896 desertis
848 3847 918 3897 sunt
942 3839 1092 3911 habende,
1115 3847 1145 3897 et
1168 3856 1206 3897 ex
1226 3839 1381 3898 derelictis
1397 3838 1447 3895 vel
1464 3836 1516 3894 de·

251 3943 339 3998 sertis
362 3943 455 3999 rebus
485 3944 641 4001 homicide
671 3946 718 4002 ius
749 3946 955 4004 archidiaconi
988 3946 1139 4019 legittime
1170 3947 1317 4019 exigetur.
1342 3945 1408 4001 Hoc
1431 3958 1516 4013 vero,

251 4047 333 4118 quod
357 4048 512 4105 interdurn
536 4048 649 4107 dicitur
673 4052 722 4107 vel
746 4051 889 4120 obicitur,
914 4051 998 4124 quod
1022 4052 1229 4122 homicida,‘si
1244 4053 1292 4109 ius
1308 4049 1515 4108 archidiaconi

251 4153 384 4209 solveret
406 4161 476 4210 ante
499 4156 693 4225 sentenciam,
718 4156 797 4213 lacta
826 4157 944 4214 solucio
975 4165 1080 4232 posset
1103 4158 1184 4215 abici
1207 4158 1238 4215 in
1261 4158 1385 4230 signum
1409 4156 1460 4212 vel
1483 4155 1516 4213 in

252 4259 460 4316 testimonium
485 4267 537 4317 aut
561 4262 590 4318 in
615 4268 831 4334 argumentum
863 4265 1084 4337 recognicionis
1108 4264 1240 4335 sceleris,
1263 4263 1323 4322 sibi
1346 4264 1377 4320 in
1400 4260 1515 4320 iudicio

251 4362 410 4429 diffitenti;
442 4366 480 4422 de
511 4368 563 4423 tali
595 4367 750 4425 homicida
784 4375 884 4442 potest
908 4370 1039 4443 intelligi
1063 4371 1148 4428 cuius
1172 4369 1297 4441 sactum,
1316 4377 1346 4427 et
1368 4370 1394 4426 si
1418 4368 1515 4426 mani·

252 4467 363 4526 festum
387 4470 469 4527 idem
495 4473 658 4544 probabile
679 4475 798 4544 existat,
814 4476 909 4548 exigit
925 4481 1027 4534 tamen
1043 4476 1153 4534 iudicis
1168 4477 1319 4545 examine,
1335 4475 1400 4534 litis
1414 4474 1515 4531 exitus

250 4575 363 4632 dubius
387 4582 440 4647 est,
465 4577 534 4636 licet
558 4585 715 4637 exactores
739 4580 924 4655 quandoque
948 4583 1027 4639 iusta
1049 4587 1163 4656 petant,
1187 4596 1248 4639 non
1263 4595 1387 4656 semper
1402 4586 1514 4651 tamen,

249 4681 333 4754 quod
357 4683 519 4754 perierant.
543 4692 728 4742 assecuntur.
751 4685 867 4743 Datum
891 4685 1041 4759 Zagrabie
1063 4688 1096 4746 in
1111 4686 1190 4745 festo
1205 4687 1396 4746 invencionis
1410 4693 1515 4745 sancte

250 4789 356 4846 crucis.
380 4790 470 4845 Anno
493 4789 611 4848 domini
635 4791 745 4849 MCCC
768 4791 985 4850 sextodecimo.
