3488 5242
618 354 690 412 Dec.
716 369 784 412 100.
812 389 849 397 —
875 357 931 412 An.
956 370 1040 431 1313.
1424 357 1462 426 85

284 545 372 610 Digna
392 546 605 596 remuneracione
625 546 748 599 existunt,
767 561 818 608 que
831 547 864 595 ad
884 548 1009 596 sedandas
1029 546 1176 596 discordias
1195 546 1363 596 subditorum
1377 546 1404 596 in
1418 561 1463 595 no-

199 639 253 682 stra
273 635 459 684 communitate
479 635 663 699 disponuntur,
683 651 730 699 per
750 637 820 697 quod
846 635 928 684 eciam
954 635 1022 684 inter
1045 651 1092 684 nos
1116 634 1214 698 quietis
1240 634 1350 684 materia
1369 649 1463 699 prepa-

198 727 280 771 ratur.
302 722 361 783 Qua
381 722 594 772 consideracione
620 723 753 788 cupientes
777 729 872 772 statum
898 729 1047 772 nostrorum
1072 723 1121 772 sub
1147 721 1280 772 montibus
1300 724 1462 779 colonorum,

197 809 346 871 dequibus
365 811 398 859 ab
417 809 508 873 aliquo
529 819 647 875 tempore
672 817 698 859 et
723 827 755 859 ex
781 826 856 859 causa
882 810 1038 859 divisionem
1064 810 1155 859 iecisse
1181 810 1313 859 noscimur
1339 811 1372 858 ad
1400 824 1461 874 por·

198 897 285 946 ciones
304 898 400 961 viginti
421 906 527 962 septem.
547 915 594 963 per
615 900 721 948 colonos
740 905 855 962 quatuor
876 907 936 947 tunc
950 913 999 963 pro
1013 898 1139 963 porcione
1152 898 1272 961 qualibet
1285 898 1462 962 conputand0,

199 986 225 1034 in
246 986 379 1035 solvendis
399 987 517 1036 collectis
536 995 561 1036 ct
574 987 634 1036 aliis
652 987 795 1036 honeribus
814 985 1002 1050 subportandis
1021 987 1053 1035 ad
1075 986 1294 1035 maledictum
1314 991 1464 1034 castrum

198 1073 303 1122 Medu
315 1090 344 1126 c.
364 1076 435 1136 quod
456 1090 559 1139 semper
580 1074 664 1130 inviti,
684 1075 803 1139 conpulsi
823 1083 848 1123 et
868 1075 950 1124 coacti
972 1073 1088 1131 lecimus
1107 1074 1174 1123 sicut
1194 1082 1219 1123 ct
1238 1089 1313 1131 nunc,
1333 1072 1462 1138 incipiens

198 1167 350 1226 atemporc
371 1163 495 1227 Stephani
518 1163 585 1218 bani,
606 1162 654 1211 tilii
676 1163 803 1228 Bahonig‚
823 1165 893 1226 quod
921 1167 959 1211 cst
984 1162 1072 1211 dicere
1100 1163 1133 1211 ab
1161 1177 1228 1211 anno
1248 1160 1347 1211 domini
1369 1160 1462 1217 Mccc

198 1256 224 1299 et
242 1250 320 1307 circa,
340 1253 478 1300 moderare
497 1259 577 1316 prout
596 1259 634 1300 est
654 1251 788 1316 possibile.
809 1251 897 1301 taliter
923 1250 1089 1300 decrevimus
1116 1251 1316 1302 observandum.
1336 1249 1463 1313 quamdiu

198 1338 256 1404 ipso
276 1340 374 1389 honere
393 1356 543 1403 gravamur,
564 1343 637 1403 quod
656 1341 779 1390 videlicet
805 1340 969 1404 singularum
996 1339 1152 1405 porcionum
1175 1339 1355 1404 predictarum
1375 1339 1462 1389 coloni

199 1428 352 1493 tempestive
372 1429 506 1478 annuatim
527 1431 629 1478 solvant
649 1428 765 1492 quinque
781 1430 895 1479 cubulos
914 1429 996 1487 bladi,
1016 1443 1066 1493 pro
1086 1427 1225 1478 medietate
1244 1429 1277 1476 de
1291 1427 1423 1478 frumento
1437 1435 1462 1477 et

198 1532 247 1580 pro
267 1517 319 1565 alia
339 1519 371 1565 dc
390 1533 478 1574 avena,
499 1524 524 1568 et
543 1518 694 1580 quindecim
715 1517 768 1566 vini
789 1518 907 1571 cubulos
927 1532 957 1567 ac
977 1517 1003 1566 in
1023 1516 1139 1566 denariis
1158 1515 1274 1580 quinque
1295 1531 1395 1581 pensas,
1412 1515 1463 1565 nisi

198 1604 336 1654 necessitas
356 1607 541 1669 augmentandi
563 1606 689 1670 premissa
709 1605 781 1654 aliud
803 1606 916 1663 inducat,
937 1606 1091 1654 deducendo
1111 1606 1144 1654 ad
1165 1603 1251 1670 ipsum
1270 1610 1384 1655 castrum
1404 1620 1462 1670 pre·

200 1692 269 1741 dicta
290 1693 368 1741 blada
388 1699 413 1742 et
433 1693 522 1743 vinum
542 1693 608 1742 sicut
626 1693 691 1742 alias
711 1695 815 1743 cosdem
835 1692 962 1758 oportuit,
983 1699 1011 1742 ut
1030 1701 1068 1743 est
1087 1692 1194 1743 dictum.

786 1978 877 2043 100.

304 2121 388 2174 Anno,
411 2128 484 2176 1313,
505 2129 545 2176 23.
565 2118 645 2183 Junii.
667 2119 819 2182 Zagrahiae.

206 2246 369 2319 Capitulum
403 2247 527 2317 Zagrab.
552 2248 724 2321 ›rritijr‘cando
751 2249 875 2321 appula
904 2248 1187 2322 quinqueecclesiensi
1200 2255 1291 2320 pacta
1314 2247 1349 2305 de
1371 2253 1465 2303 castro

504 2353 631 2409 Mcdtred
650 2355 732 2417 inita,
756 2355 851 2411 eadem
875 2362 909 2411 ut
928 2355 1081 2428 confirmet,
1097 2355 1178 2426 petit.

288 2494 369 2550 Viris
393 2493 533 2551 discretis
556 2502 585 2551 et
610 2497 753 2564 honestis
778 2498 915 2570 capitulo
939 2495 1268 2569 Quinqueecclesiensi‚
1291 2495 1463 2567 capitulum

198 2600 404 2671 zagrabiensis
428 2601 555 2656 ecclesie
578 2601 791 2658 omnimodam
816 2603 1025 2659 reverenciam
1046 2616 1117 2658 cum
1134 2602 1257 2658 honore.
1275 2600 1464 2658 Discrecioni

199 2711 299 2761 vestre
333 2711 440 2761 notum
472 2705 602 2763 facimus
638 2708 666 2764 in
699 2709 893 2781 presentibus
922 2707 1129 2781 protestanda
1154 2706 1236 2779 quod
1261 2711 1386 2780 pactum
1410 2721 1462 2762 seu

198 2812 436 2868 convencionem
461 2829 554 2885 super
577 2815 813 2871 conservacione
837 2815 928 2871 castri
951 2813 1079 2871 ecclesie
1102 2813 1319 2884 zagrabiensis
1343 2810 1464 2868 Medwe

198 2918 307 2985 vocati,
334 2919 412 2974 inter
435 2919 634 2988 magnificum
659 2920 761 2976 virum
786 2918 976 2991 Stephanum
1001 2919 1118 2975 banum
1142 2918 1240 2974 tocius
1255 2915 1418 2974 Sclauonie
1433 2922 1464 2973 et

198 3029 414 3096 procuratores
438 3030 558 3081 nostros
582 3025 730 3091 habitam,
755 3026 854 3098 parati
869 3025 966 3082 simus
983 3030 1133 3096 quantum
1150 3024 1179 3080 in
1197 3023 1286 3080 nobis
1301 3028 1347 3079 est
1363 3027 1461 3079 ratam

200 3129 315 3185 hahere
338 3136 368 3185 et
392 3129 522 3187 firmiter
546 3131 721 3191 observare,
750 3129 922 3187 dummodo
953 3129 1070 3187 domini
1099 3129 1196 3187 nostri
1228 3127 1391 3200 Augustini
1413 3127 1464 3185 dei

199 3236 301 3305 gracia
332 3236 538 3305 ragrabiensis
569 3237 705 3309 episcopi
738 3236 920 3293 interveniat
951 3250 1115 3292 consensus
1146 3235 1317 3306 legittimus
1347 3241 1376 3290 et
1406 3250 1458 3290 ex-

199 3356 332 3413 pressus,
357 3348 421 3397 tum
446 3342 517 3413 quia
539 3341 670 3398 arduum
688 3342 849 3414 negocium
873 3347 927 3409 est,
951 3348 1017 3398 tum
1041 3341 1137 3398 eciam
1162 3341 1235 3412 quia
1258 3346 1392 3396 castrum
1416 3349 1461 3396 est

199 3447 384 3518 episcopale,
408 3445 446 3502 ad
470 3463 525 3502 nos
548 3455 651 3503 autem
676 3462 713 3502 cx
737 3462 773 3503 eo
797 3446 995 3504 solummodo
1018 3447 1149 3519 pertinet
1174 3447 1267 3502 turris
1290 3460 1358 3502 una.
1382 3445 1462 3503 Peti-

200 3567 269 3608 mus
300 3552 425 3623 insuper
456 3551 674 3609 discrecionem
705 3558 841 3609 vestram
877 3553 1094 3610 instantissime
1118 3568 1173 3626 per
1198 3556 1362 3625 presentes
1388 3567 1462 3623 qua-

201 3663 288 3714 tenus
319 3672 413 3729 super
443 3659 664 3730 protestacione
697 3664 800 3715 nostra
831 3673 934 3715 eoram
968 3659 1057 3716 vobis
1088 3657 1167 3714 facta
1199 3658 1316 3714 litteras
1343 3666 1462 3714 vestras

200 3764 397 3819 memoriales
420 3779 490 3819 cum
517 3763 659 3836 pendenti
683 3764 788 3835 sigillo
811 3763 977 3821 concedere
1000 3763 1176 3835 dignemini.
1197 3763 1342 3820 Formam
1358 3769 1461 3819 autem

201 3870 354 3940 paccionis
378 3886 430 3925 seu
455 3870 670 3925 conventionis
695 3877 785 3942 prout
809 3870 839 3927 in
864 3870 975 3927 litteris
991 3871 1088 3944 ipsius
1103 3868 1251 3944 Stephani
1268 3870 1340 3926 bani
1355 3883 1461 3926 coram

201 3975 290 4031 vobis
313 3976 459 4031 exhibitis
482 3974 622 4031 videritis
646 3975 794 4032 contineri
817 3977 940 4050 plenius
963 3977 1136 4033 inserentes
1161 3976 1275 4032 Datum
1300 3974 1329 4031 in
1353 3973 1462 4045 vigilia

200 4080 280 4136 beati
303 4080 451 4162 Johannis
477 4080 615 4153 baptiste.

307 4215 387 4263 Liber
413 4215 502 4279 privil.
530 4214 608 4279 episc.
634 4215 738 4278 zagrab.
767 4215 811 4264 iol.
837 4216 878 4272 os.
904 4213 983 4264 habet
1008 4232 1022 4263 e
1048 4208 1211 4279 transumpto
1240 4214 1349 4279 capituli
1378 4214 1460 4274 Quin·

200 4305 312 4365 queeecl.
335 4303 402 4352 t'acto
421 4318 459 4351 an.
485 4313 555 4360 1313.
576 4303 607 4351 V.
622 4303 673 4351 kal.
693 4303 767 4367 Julii,
785 4305 818 4352 ad
832 4319 922 4368 preces
936 4303 1067 4353 Dominici
1082 4319 1136 4352 can.
1150 4303 1267 4353 custodis
1279 4304 1341 4352 ecel.
1355 4303 1459 4368 zagrab.

200 4407 250 4440 una
276 4391 362 4441 nuncii
390 4400 415 4440 et
439 4392 619 4456 procuratoris
645 4391 762 4440 eiusdem
788 4390 906 4456 capituli.
932 4391 1046 4441 Farlati:
1066 4390 1197 4441 illiricum
1216 4406 1281 4440 sacr.
1302 4395 1362 4440 torn.
1383 4390 1415 4439 V.
1435 4406 1459 4455 p.

201 4487 257 4540 397.
278 4478 347 4528 Ioan.
374 4479 538 4544 liuliuljevic.
556 4478 641 4528 strkiv
660 4494 689 4527 za
708 4478 813 4543 poviest
828 4479 924 4544 jugosl.
944 4478 1005 4530 libr.
1025 4479 1073 4529 111.
1093 4495 1117 4544 p.
1137 4480 1178 4537 83.
1197 4494 1235 4528 nr.
1255 4477 1301 4528 Vl.
