3488 5242
605 323 678 381 θοι.
701 337 771 402 413.
794 336 865 401 414.
892 355 929 366 -
954 321 1126 399 :tn-1399·
1436 337 1498 397 399

234 539 296 582 non
327 524 445 583 facturi.
477 525 635 582 Presentes
667 528 771 581 autem
802 537 926 597 semper
956 528 1026 596 post
1055 521 1193 580 debitam
1213 537 1325 580 eorum
1348 522 1500 579 lecturam

235 628 324 688 reddi
347 629 497 689 edicimus
517 630 714 704 presentanti.
737 629 851 686 Datum
875 628 1033 701 Zagrabie,
1056 628 1087 686 in
1103 627 1281 686 testo‘beati
1296 627 1411 685 Mathai
1427 641 1501 700 apo-

236 737 316 794 stoli.
339 739 429 794 Anno
453 735 572 794 domini
596 736 765 793 millesimo
795 735 1010 792 trecentesimo
1033 734 1231 806 nonagesimo
1255 741 1372 791 octavo.

327 871 467 938 Originale
486 871 513 922 in
532 873 690 922 membrana.
717 871 866 946 Vestigium
892 869 1013 935 impressi
1038 868 1130 933 sigilli.
1156 869 1186 918 In
1205 869 1304 918 archiv.
1330 868 1405 935 regni
1428 869 1501 921 cst).

237 962 294 1009 Act.
318 960 467 1010 Conventus
486 961 586 1010 Remet.
607 960 667 1010 fasc.
687 960 706 1009 I.
727 976 765 1010 nr.
786 971 826 1020 24.

826 1171 912 1236 413.
929 1263 930 1266 Ν

346 1312 421 1359 Anno
443 1319 517 1374 1399,
537 1311 560 1361 8.
580 1309 651 1359 maii.
671 1309 824 1376 Zagrabiae.

241 1419 383 1476 Meclaus
405 1419 439 1476 de
467 1419 554 1478 Gara
576 1421 676 1490 banus,
699 1422 849 1478 terminum
867 1423 897 1478 in
912 1439 1001 1479 causa
1016 1441 1103 1496 quam
1119 1424 1192 1480 cives
1215 1422 1390 1480 Greclrenscs
1404 1430 1504 1480 cantra

519 1526 626 1583 incolas
648 1526 681 1584 de
706 1525 789 1583 Odra
811 1527 943 1601 agebant,
965 1528 1057 1586 denua
1075 1537 1223 1603 prorogat.

330 1670 392 1728 Nos
415 1671 561 1730 Nicotaus
584 1671 623 1730 de
646 1672 737 1744 Gara,
761 1689 928 1746 regnorum
952 1673 1123 1745 Sclauonie,
1148 1675 1309 1733 Dalmacie
1332 1683 1362 1733 et
1378 1675 1505 1733 Croacie

243 1777 348 1834 banus.
374 1777 490 1835 Damus
511 1794 569 1852 pro
592 1780 752 1848 memoria,
776 1779 859 1852 quod
884 1795 1017 1850 causam,
1042 1796 1136 1854 quam
1160 1781 1261 1850 iudex,
1284 1782 1375 1839 iurati
1395 1788 1424 1838 et
1440 1782 1506 1839 uni-

243 1885 324 1941 versi
347 1884 429 1941 cives
460 1885 574 1941 montis
605 1884 797 1954 Grechensis,
829 1900 887 1959 pro
914 1886 1028 1959 quibus
1051 1885 1225 1960 Stephanus
1250 1888 1397 1957 literatus,
1422 1887 1506 1945 filius

242 1989 339 2052 Pauli.
363 2005 434 2046 curn
458 1991 678 2063 procuratoriis
701 1991 812 2049 litteris
839 1992 1019 2050 eorumdem
1048 1993 1164 2050 civium
1195 1993 1290 2051 astitit
1313 1999 1419 2051 contra
1441 1993 1507 2052 Ste-

243 2096 381 2168 phanum
405 2102 435 2152 et
458 2095 646 2158 Ladislaum.
670 2095 753 2155 filios
778 2096 932 2155 Benedicti
954 2105 984 2155 et
1007 2098 1203 2171 Gregorium,
1220 2098 1321 2157 filium
1338 2100 1507 2172 Mychaelis

244 2202 283 2259 de
305 2202 397 2272 Odra,
429 2218 466 2260 ex
491 2203 605 2275 quibus
636 2203 718 2260 idem
749 2201 918 2274 Gregorius
939 2219 997 2277 pro
1020 2220 1053 2261 se
1076 2205 1280 2277 personaliter
1303 2212 1333 2262 et
1356 2221 1414 2280 pro
1437 2206 1507 2263 aliis

244 2308 391 2382 predictis
422 2324 493 2366 cunr
524 2310 745 2383 procuratoriis
767 2309 879 2366 litteris
912 2310 1025 2367 nostris
1048 2312 1222 2383 comparuit
1245 2312 1330 2369 iuxta
1354 2315 1508 2370 continen-

244 2415 324 2472 ciam
341 2415 514 2472 litterarum
527 2422 703 2472 nostrarum
719 2416 1015 2489 prorogatoriarum,
1042 2431 1136 2489 super
1151 2416 1232 2473 facto
1256 2417 1509 2475 contradiccionis

246 2521 424 2578 statucionis
446 2520 606 2577 cuiusdam
631 2522 833 2595 possessionis
854 2521 1014 2593 Hraschya
1037 2527 1145 2579 vocate
1161 2523 1190 2580 in
1208 2525 1325 2580 octavis
1343 2522 1411 2581 festi
1429 2524 1511 2582 beati

246 2625 372 2699 Georgii
398 2628 533 2685 martiris
557 2642 683 2684 movere
706 2627 862 2685 habebant
886 2642 992 2685 coram
1015 2628 1113 2698 nobis,
1135 2628 1173 2685 de
1193 2629 1334 2702 parcium
1351 2631 1511 2687 voluntate

246 2735 285 2791 ad
309 2742 434 2792 octavas
465 2733 534 2791 festi
564 2734 647 2791 beati
678 2733 848 2805 Mychaelis
871 2733 1056 2806 archangeli,
1087 2750 1167 2791 nunc
1191 2742 1344 2806 venturas,
1366 2735 1512 2793 duximus

247 2840 483 2913 prorogandam.
507 2841 544 2897 Et
568 2841 641 2912 quia
661 2840 720 2913 ipsi
736 2840 766 2897 in
782 2855 906 2897 causam
934 2841 1042 2897 atracti
1059 2839 1171 2897 iudicia
1187 2848 1320 2914 quatuor
1336 2857 1511 2899 marcarum

248 2947 451 3021 duplararum
484 2947 573 3004 nobis
602 2962 682 3003 nunc
713 2947 892 3020 persolvere
919 2945 1066 3003 debentes
1097 2961 1156 3004 non
1180 2947 1405 3021 persolverunt,
1442 2948 1512 3005 ideo

249 3054 380 3110 termino
404 3054 433 3109 in
458 3052 568 3109 eodem
591 3052 673 3109 dicta
696 3052 809 3109 iudicia
831 3067 903 3109 cum
922 3051 1020 3126 duplo
1036 3053 1215 3125 persolvere
1231 3054 1423 3110 tenebuntur.
1441 3054 1512 3111 Pre-

249 3167 348 3218 sentes
380 3165 483 3216 autem
507 3159 619 3231 sigillis
641 3159 754 3216 nostris
777 3158 966 3228 absentibus,
990 3158 1095 3230 sigillo
1118 3159 1259 3230 magistri
1281 3159 1438 3242 Johannis,
1455 3159 1513 3217 filii

251 3265 390 3323 Anthimi
412 3265 555 3323 vicebani
587 3272 617 3321 et
647 3264 769 3321 comitis
800 3264 896 3321 nostri
931 3264 1136 3335 zagrabiensis
1172 3264 1301 3322 fecimus
1333 3267 1514 3338 consignari.

251 3372 366 3428 Datum
398 3370 555 3443 Zagrabie,
587 3376 697 3428 octavo
729 3369 779 3428 die
807 3369 931 3427 termini
962 3371 1123 3444 prenotati.
1151 3373 1241 3428 Anno
1264 3369 1382 3429 domini
1405 3372 1514 3429 MCCC

250 3479 449 3550 nonagesimo
475 3492 563 3534 nono.

341 3596 481 3660 Originale
500 3595 526 3643 in
547 3594 645 3652 charta,
664 3609 679 3643 a
698 3601 774 3659 tergo
794 3592 935 3659 vestigium
955 3593 1076 3659 impressi
1090 3593 1182 3659 sigilli.
1196 3594 1226 3645 In
1239 3595 1309 3645 arch.
1323 3598 1404 3646 Acad.
1420 3597 1514 3648 Scient.

251 3687 355 3739 Slavor.
375 3684 466 3734 merid.

842 3845 929 3911 414.

358 3988 434 4036 Anno
457 3994 530 4048 1399.
551 3986 592 4034 26.
611 3984 692 4052 Junii.
712 3985 866 4051 Zagrabiae.

260 4116 362 4174 caram
379 4115 520 4192 Johanne
550 4115 683 4172 aicabana
709 4122 738 4171 et
767 4115 905 4173 iudicibus
934 4115 1070 4173 nobiltitm
1098 4117 1282 4174 communitas
1312 4119 1415 4175 mantes
1444 4118 1517 4177 Gre-

253 4223 362 4279 cttenst's
378 4221 413 4279 de
434 4223 575 4295 occupatis
593 4229 649 4294 per
661 4222 745 4297 filias
768 4221 842 4278 Tota
857 4222 892 4279 a’e
908 4220 1078 4295 Susedgrad
1080 4222 1323 4295 possessionibus:
1345 4223 1517 4293 Petraaina,

584 4327 713 4403 Hrastja
736 4334 765 4384 ct
784 4307 980 4403 Siljakaaina,
995 4336 1184 4402 protestatur.

343 4470 406 4529 Nos
429 4471 577 4544 magister
598 4471 762 4554 Johannes,
793 4470 878 4530 filius
909 4473 1059 4544 Antbimi,
1089 4473 1256 4531 ricebanus
1287 4478 1318 4531 et
1344 4488 1447 4531 comes
1470 4489 1518 4531 za·

255 4577 426 4651 grabiensis
449 4592 484 4634 ac
506 4575 622 4634 iudices
645 4577 800 4635 nobilium
821 4576 961 4635 eiusdem
993 4578 1164 4636 comitatus.
1191 4579 1341 4637 Memorie
1362 4594 1519 4637 commen·

257 4684 367 4742 damus
391 4699 447 4756 per
465 4688 631 4757 presentes,
648 4682 730 4756 quod
747 4681 921 4756 Stephanus
936 4684 1084 4754 literatus,
1100 4683 1185 4742 filius
1199 4684 1296 4755 Pauli,
1313 4685 1390 4743 civis
1405 4685 1520 4742 montis

256 4789 440 4850 Greclrensis
463 4789 502 4846 de
524 4787 676 4862 Zagrabia
697 4788 738 4847 ad
760 4795 899 4848 nostram
921 4790 1126 4864 personaliter
1149 4789 1302 4849 veniendo
1324 4791 1518 4864 presenciam
