3488 5242
868 1538 900 1606 1.

361 1627 438 1677 Anno
460 1636 534 1689 1241.

323 1755 398 1812 Bela
422 1756 479 1812 IV.
501 1774 554 1813 rex
578 1756 753 1830 Hunguriae
775 1763 823 1812 etc.
847 1774 866 1811 a
894 1754 925 1812 T
920 1755 1031 1812 artatis
1054 1756 1152 1824 victus,
1176 1752 1354 1826 Zagrabtam
1377 1752 1461 1808 uenit.

343 1916 429 1974 Tunc
453 1916 526 1974 Bela
548 1933 603 1974 rex
628 1916 666 1974 de
691 1918 814 1975 Austria
836 1933 987 1988 reversus,
1012 1917 1095 1974 venit
1118 1931 1190 1973 cum
1213 1914 1298 1972 omni
1326 1912 1444 1971 iamilia
1464 1927 1519 1969 sna

254 2030 284 2081 et
307 2022 485 2081 demoratus
508 2028 553 2080 est
577 2023 606 2080 tn
636 2024 776 2097 partibus
807 2023 984 2096 Zagrabiae.
1016 2023 1201 2095 congregati
1233 2036 1309 2078 vero
1339 2024 1409 2076 sunt
1439 2018 1520 2076 circa

254 2144 325 2186 eum
349 2145 456 2186 omnes
485 2129 538 2202 qui
569 2130 705 2203 effugere
729 2135 872 2203 poterant
896 2129 1037 2203 gladium
1064 2129 1275 2198 Tartarorum,
1299 2131 1329 2183 et
1359 2131 1445 2183 erant
1475 2122 1520 2182 ibi
1580 2158 1584 2168 ·

255 2252 311 2309 per
333 2241 489 2306 aestatem,
513 2236 557 2294 rei
581 2237 697 2293 exitum
727 2230 979 2311 praestolantes.¹

347 2372 353 2403 ¹
374 2374 487 2424 Thomas
505 2374 720 2424 archidiaconus:
739 2372 860 2424 Historia
872 2374 1018 2424 salonitana
1040 2391 1062 2426 c.
1078 2373 1225 2424 XXXVII.
1245 2401 1277 2411 -
1297 2370 1371 2435 Joan.
1393 2369 1468 2421 Lucii
1487 2371 1520 2420 de

260 2478 342 2529 regno
361 2463 451 2514 Dalm.
470 2470 519 2514 etc.
539 2461 600 2513 hist.
620 2479 646 2528 p.
666 2471 727 2525 354.

361 2732 436 2779 Anno
459 2737 534 2788 1241.

310 2841 383 2898 Bcla
407 2840 429 2897 I
434 2839 462 2896 V.
487 2857 541 2897 rex
562 2839 739 2910 Hungan'ae
760 2846 807 2897 etc.
831 2840 930 2896 relicta
954 2839 1103 2912 Zagrabia
1127 2837 1169 2895 ad
1188 2841 1268 2895 marc
1290 2836 1462 2894 adrian'cum

814 2945 961 3004 descendit.

343 3092 449 3163 Itaque
470 3095 635 3163 antequam
658 3089 756 3148 Dravi
779 3089 915 3149 fluminis
937 3090 1091 3163 gurgitem
1119 3079 1265 3166 (Tartari)
1287 3092 1519 3155 transmearent,

255 3214 310 3255 rex
334 3196 542 3270 praesentiens
565 3210 673 3254 eorum
698 3195 875 3268 adventum,
903 3196 1019 3254 relictis
1048 3195 1236 3253 stacionibns
1267 3190 1519 3265 ZagrabiensInm

256 3304 392 3380 partium
417 3318 487 3360 cum
511 3303 595 3361 omni
619 3303 799 3361 commitatu
824 3318 881 3360 suo
903 3302 941 3360 ad
966 3318 1052 3361 mare
1078 3291 1266 3360 descendit²

346 3455 357 3488 ²
375 3457 490 3510 Thomas
508 3456 722 3509 archidiaconus:
745 3456 868 3509 Historia
886 3457 1032 3508 salonitana
1057 3473 1079 3509 c.
1104 3457 1242 3508 XXXIX.
1262 3455 1337 3521 Joan.
1357 3457 1443 3508 Lucii.
1462 3459 1481 3509 l.
1499 3473 1522 3511 c.

256 3564 282 3615 p.
302 3549 362 3607 356.

873 3724 907 3789 3.

361 3866 437 3915 Anno
459 3874 640 3926 1240-1244.

267 3976 423 4034 Molimz'na
446 3973 568 4048 episcopi
589 3973 715 4048 Zagrab.
742 3973 884 4048 Stephani
904 3975 945 4033 Il.
967 3983 1055 4050 super
1076 3976 1179 4033 unione
1203 3976 1381 4033 ccclestomm
1405 3974 1510 4049 Spala-

706 4081 792 4138 tenst's
811 4088 839 4138 et
861 4079 1072 4153 Zagrabicnsis.

344 4260 377 4318 ln
403 4260 466 4319 illis
489 4252 625 4318 diebus*
650 4261 823 4319 coadunato
846 4260 983 4335 capitulo
1006 4269 1038 4319 et
1060 4262 1145 4320 clero
1168 4262 1314 4320 ecclesiae
1330 4261 1521 4335 spalatensis,

256 4368 355 4425 sactus
379 4374 424 4426 est
449 4373 596 4425 tractatus
619 4366 657 4424 de
682 4366 827 4441 pontifice
842 4366 1049 4440 subrogando.
1068 4367 1154 4425 Tunc
1170 4367 1273 4425 laicali
1289 4367 1521 4441 importunitate

255 4480 284 4531 et
309 4475 445 4531 maxime
468 4473 604 4546 Gargani
627 4473 744 4543 annisu,
768 4472 910 4531 modesto
929 4479 1031 4531 tamen
1048 4480 1078 4531 et
1098 4473 1238 4544 discret0,
1255 4472 1336 4531 facta
1350 4477 1395 4530 est
1411 4472 1521 4531 electio

256 4578 294 4637 de
317 4579 446 4637 domino
469 4578 626 4652 Stephano
649 4579 839 4651 zagrabiensi
863 4579 1010 4653 episcopo
1033 4579 1065 4638 In
1089 4578 1301 4653 spalatensem
1317 4578 1522 4652 archiepisco·

347 4735 357 4755 ·
378 4734 441 4784 Post
459 4732 563 4784 obitum
581 4733 739 4801 spalatensis
757 4733 949 4800 archiepiscopi
968 4734 1100 4786 Guncelli.
