3488 5242
657 324 731 382 Dec.
749 320 825 402 378.
852 357 889 367 -
915 325 972 382 An.
996 336 1083 402 1395.

829 576 917 644 3⁷8.

346 736 422 784 Anno
444 744 518 797 1395,
541 744 579 784 10.
598 734 679 800 Junii.
697 733 850 799 Zagrabiae.

247 881 410 956 Capitulum
429 882 545 954 zograb.
568 881 602 938 de
623 882 816 938 caretrooersio
846 889 984 938 erectarum
999 884 1187 956 possessionis
1209 883 1368 940 Petrouina
1391 890 1503 941 ceretro·

609 987 727 1045 ds'ctores
748 986 791 1043 ad
810 987 944 1044 redditam
963 987 1034 1045 bani
1047 995 1135 1045 uocat.

329 1167 494 1240 Magnifico
524 1169 593 1225 viro
624 1167 750 1225 domino
779 1167 904 1224 Detrico
938 1166 1053 1237 Bubelr‚
1094 1167 1181 1239 regni
1215 1165 1377 1224 Sclauonie
1412 1167 1502 1238 bano,

241 1275 341 1331 amico
373 1289 481 1331 eorum
513 1272 702 1343 honorando,
734 1273 904 1346 capitulum
934 1273 1063 1330 ecclesie
1091 1272 1305 1344 zagrabiensis‚
1329 1272 1502 1329 amiciciam

241 1385 381 1452 paratam
412 1395 482 1436 cum
514 1380 637 1436 honore.
669 1379 797 1436 Noverit
827 1383 928 1435 vestra
955 1378 1195 1450 magnificencia,
1220 1370 1328 1456 (quod)
1352 1393 1423 1434 eum
1446 1393 1502 1435 nos

241 1486 326 1541 iuxta
357 1486 561 1542 continencias
583 1485 755 1542 litterarum
779 1485 966 1542 serenissimi
991 1485 1139 1558 principis
1163 1484 1281 1541 domini
1302 1482 1501 1556 sigismundi,

241 1590 290 1647 dei
314 1592 417 1663 gracia
441 1591 642 1649 illustrissimi
664 1591 746 1663 regis
769 1591 935 1663 Hungarie,
951 1591 1121 1662 Dalmacie,
1137 1591 1263 1648 Croacie
1279 1597 1333 1649 etc.
1351 1591 1503 1648 marchio-

241 1698 348 1769 nisque
366 1697 681 1768 Brandemburgensis
697 1702 751 1755 etc.
768 1696 885 1754 domini
902 1698 998 1754 nostri
1012 1697 1162 1754 naturalis
1178 1696 1501 1766 reambulatoriarum,

240 1804 351 1860 maiori
374 1819 429 1860 suo
452 1803 556 1875 sigillo
580 1804 787 1876 sigillatarum
810 1819 868 1876 pro
891 1803 1000 1873 iudice,
1024 1804 1131 1860 iuratis
1154 1808 1183 1860 et
1205 1802 1357 1859 universis
1380 1801 1502 1859 civibus

239 1909 372 1966 civitatis
406 1909 519 1965 montis
553 1907 737 1966 Grechensis
772 1915 993 1980 emanatarum‚
1026 1910 1116 1966 nobis
1148 1924 1271 1981 quoque
1305 1907 1501 1978 directarum,

240 2030 370 2071 unacum
400 2013 565 2087 Stephano,
589 2014 656 2071 filio
686 2014 810 2072 Chernk
840 2014 879 2071 de
904 2014 1067 2085 Koznicha‚
1091 2014 1215 2071 homine
1238 2012 1333 2085 regio,
1357 2013 1387 2069 in
1411 2011 1501 2070 dictis

239 2120 350 2176 litteris
375 2120 624 2177 reambulatoriis
648 2121 727 2177 inter
749 2120 827 2177 alios
851 2121 991 2177 homines
1015 2121 1115 2192 regios
1139 2120 1329 2191 conscriptos
1357 2134 1501 2192 expresse

239 2226 404 2295 nominato,
428 2232 568 2283 nostrum
593 2227 749 2283 hominem
773 2226 917 2284 videlicet
936 2226 1150 2283 honorabilem
1167 2230 1198 2282 et
1213 2225 1380 2282 discretum
1397 2225 1500 2282 virum

239 2330 401 2388 dominum
437 2332 608 2414 Johannem
640 2332 805 2402 Lanceloti,
829 2333 947 2389 socium
974 2339 1003 2389 et
1027 2332 1265 2388 concanonicum
1288 2338 1437 2399 nostrum,
1461 2331 1499 2388 ad

238 2435 448 2510 infrascriptos
473 2437 755 2494 reambulacionem
778 2445 808 2495 et
831 2444 985 2495 metarum
1001 2437 1190 2495 ereccionem
1207 2435 1379 2494 faciendam
1394 2443 1500 2493 nostro

238 2558 295 2615 pro
319 2543 495 2600 testimonio
526 2542 721 2600 duxissemus
751 2543 977 2613 destinandum,
1008 2544 1061 2616 qui
1089 2542 1290 2616 postmodum
1313 2542 1349 2600 ad
1373 2558 1429 2600 nos
1452 2559 1500 2599 re·

237 2649 327 2720 versi,
351 2650 440 2706 nobis
463 2650 655 2708 concorditer
677 2650 864 2708 retulerunt:
888 2650 971 2723 quod
996 2651 1054 2723 ipsi
1072 2649 1148 2706 feria
1168 2656 1255 2706 sexta
1271 2650 1414 2722 proxima
1430 2654 1500 2721 post

238 2755 350 2813 festum
374 2756 595 2824 Penthecostes‚
608 2772 689 2813 nunc
704 2757 847 2829 proxime
864 2757 1055 2829 preteritum,
1071 2756 1109 2813 ad
1127 2755 1220 2813 facies
1235 2755 1374 2812 cuisdam
1395 2770 1499 2828 posse·

237 2862 331 2918 sionis
355 2861 547 2935 prefatorum
579 2862 697 2932 iudicis
729 2864 900 2919 iuratorum
922 2870 952 2919 et
976 2863 1192 2919 universorum
1216 2862 1332 2918 civium
1355 2861 1435 2918 dicte
1458 2863 1499 2919 ci·

238 2969 342 3024 vitatis
367 2969 479 3025 montis
503 2967 673 3039 Grecensis,
698 2968 860 3026 Petrouina
881 2976 999 3032 vocate,
1019 2968 1128 3025 vicinis
1152 2973 1181 3025 et
1197 2968 1416 3024 commetaneis
1436 2969 1499 3025 suis

239 3075 390 3130 universis
414 3074 490 3131 inibi
515 3074 651 3146 legitime
667 3075 843 3131 convocatis
859 3080 888 3130 et
905 3074 1100 3147 presentibus
1116 3074 1320 3143 accessissent,
1337 3074 1499 3146 ipsamque

238 3181 463 3252 possessionem
501 3180 663 3237 Petrouina
686 3195 703 3236 a
727 3186 815 3252 parte
847 3180 1047 3253 possessionis
1077 3178 1221 3248 Ladislai‚
1249 3178 1307 3235 filii
1334 3179 1498 3248 Valentini,

239 3286 337 3355 Pauli,
361 3286 418 3343 filii
450 3285 540 3356 Petri,
572 3285 701 3358 Nicolai,
735 3286 793 3343 filii
824 3285 914 3343 Nouk
945 3291 974 3342 et
997 3285 1137 3355 Dionisii,
1161 3284 1218 3341 filii
1242 3284 1324 3342 Petri
1347 3284 1386 3341 de
1408 3285 1499 3342 Also-

238 3392 413 3463 lumnycha,
445 3392 531 3448 iuxta
561 3391 859 3449 demonstracionem
890 3390 1101 3464 predictorum
1132 3390 1240 3447 iudicis
1270 3395 1300 3448 et
1326 3391 1497 3448 iuratorum

237 3497 317 3554 dicte
349 3499 481 3555 civitatis
512 3503 660 3570 quantum
693 3499 722 3554 in
748 3498 802 3555 illa
828 3507 914 3571 parte
937 3499 995 3554 hoc
1019 3496 1113 3553 modo
1135 3497 1390 3565 reambulassent‚
1414 3497 1497 3569 quod

238 3604 341 3677 primo
365 3604 548 3677 incepissent
571 3620 589 3660 a
613 3603 748 3676 quodam
768 3603 864 3661 dumo
880 3604 1064 3676 lipowgerm
1081 3611 1258 3686 nuncupato
1273 3618 1290 3659 a
1307 3602 1401 3676 plaga
1420 3604 1498 3660 occi·

237 3708 362 3779 dentali‚
386 3708 497 3766 deinde
520 3709 557 3766 ad
583 3709 711 3766 eandem
736 3710 862 3782 plagam
878 3709 1101 3766 occidentalem
1117 3708 1329 3781 pervenissent
1345 3708 1385 3766 ad
1401 3725 1497 3766 unum

236 3815 439 3872 monticulum
464 3814 649 3873 Gorichicha
673 3821 825 3886 vocatum,
849 3815 961 3872 abhinc
984 3815 1024 3872 ad
1045 3815 1145 3888 ipsam
1170 3815 1296 3887 plagam
1312 3815 1413 3872 eundo
1429 3831 1498 3888 per·

237 3923 390 3978 venissent
413 3921 451 3978 ad
475 3921 629 3994 quendam
653 3920 783 3978 domum
808 3922 1057 3994 thopolowgerm
1080 3928 1234 3991 vocatum,
1250 3920 1321 3979 inde
1344 3920 1498 3978 tendendo

235 4028 314 4085 inter
337 4027 413 4084 duas
437 4029 554 4100 plagas
585 4028 703 4084 scilicet
724 4027 944 4085 occidentalem
968 4031 999 4084 et
1021 4027 1307 4100 septemtrionalem
1331 4026 1498 4084 tendissent

235 4134 274 4192 ad
298 4134 451 4207 quendam
477 4141 613 4191 meatum
636 4149 715 4205 aque
739 4134 906 4206 Lopaticha
929 4132 1133 4206 appellatum,
1160 4132 1272 4189 abhinc
1296 4133 1396 4189 eundo
1419 4133 1498 4190 inter

235 4240 389 4312 predictas
398 4239 474 4297 duas
489 4241 598 4313 plagas
611 4240 693 4297 ultra
703 4239 859 4312 quandam
868 4239 1076 4296 Verthacham
1084 4254 1141 4310 per
1152 4237 1308 4310 quandam
1316 4239 1498 4296 Dobrauam

235 4345 386 4403 tendendo
409 4345 449 4402 ad
471 4347 599 4419 plagam
615 4345 838 4404 occidentalem
854 4345 1017 4402 intrassent
1032 4345 1063 4402 in
1079 4343 1239 4416 quoddam
1254 4343 1361 4401 chreth
1381 4349 1411 4402 et
1426 4360 1496 4417 per·

234 4453 389 4509 venissent
411 4451 451 4509 ad
474 4450 606 4509 fluvium
629 4451 821 4509 Pezschenak
842 4456 1054 4524 nuncupatum
1079 4467 1136 4524 per
1157 4450 1261 4523 ipsum
1277 4451 1384 4508 chreth
1401 4450 1497 4509 iluen·

235 4567 306 4628 tem,
336 4557 446 4615 deinde
477 4573 586 4615 versus
617 4558 744 4630 plagam
774 4556 1060 4630 septemtrionalem
1091 4556 1192 4614 eundo
1225 4557 1437 4629 pervenissent
1456 4557 1494 4614 ad

234 4663 393 4737 quoddam
428 4671 552 4738 pratum
585 4664 773 4721 Kouacheua
803 4662 919 4736 lazyna,
943 4662 1054 4720 deinde
1077 4663 1288 4736 pervenissent
1321 4662 1360 4719 ad
1394 4662 1496 4720 lutum

235 4786 384 4843 magnum
407 4771 438 4828 in
462 4769 618 4842 quoddam
643 4769 751 4827 chreth
774 4767 943 4842 Zeminyalr
965 4769 1169 4844 appellatum,
1188 4769 1302 4826 abhinc
1324 4768 1425 4826 eundo
1440 4784 1497 4842 per
