3488 5242
158 388 161 395 ,
239 341 301 400 3οο
615 325 689 383 Duc.
708 320 783 401 318.
802 338 877 402 319·
904 360 941 368 -
967 329 1023 386 Aa
1049 323 1138 405 1384.

237 525 383 598 proxima
405 531 475 582 ante
492 523 605 583 festum
624 526 719 582 sancti
735 525 862 598 Georgii
878 527 1021 584 martiris.
1039 529 1128 584 Anno
1144 527 1262 585 domini
1278 526 1503 584 MCCCLXXX

240 635 358 704 quarte.

326 751 347 799 E
365 756 529 816 transumpto
549 751 673 815 Stephani
694 758 719 803 et
737 753 864 818 Johannis
883 754 916 802 de
935 752 1047 811 Lindva,
1066 752 1206 808 banorum,
1226 757 1254 801 ut
1273 750 1348 800 iufra.

326 857 410 905 Causa
429 857 464 907 ob
482 873 562 920 quam
581 857 685 907 Dikava
704 857 730 908 iu
750 858 860 908 exilium
881 858 958 908 missa
977 864 1033 908 erat
1051 860 1192 907 adnotatur
1219 856 1245 907 in
1271 857 1414 920 quadernis
1437 856 1500 907 civi·

238 945 300 996 tatis
318 944 496 1010 zagrabicnsis
522 945 562 996 his
581 946 682 995 verbis:
708 947 803 1014 „Feria
828 946 909 996 tercia
928 946 1052 1010 proxima
1071 951 1131 1012 post
1150 945 1245 994 lestum
1264 945 1346 995 sancti
1366 946 1502 996 Anthonii.

237 1033 267 1098 (i.
288 1050 308 1082 e.
329 1049 396 1083 anno
425 1035 498 1094 1384,
528 1043 565 1097 19.
590 1035 734 1099 Januarii.)
760 1035 833 1093 Item,
859 1037 931 1099 quod
957 1035 1020 1098 quia
1039 1035 1144 1084 Dikaua
1163 1033 1267 1091 mulier,
1286 1033 1380 1083 relicta
1399 1033 1502 1083 Crisaui

237 1122 263 1172 in
289 1121 425 1186 presencia
450 1121 568 1187 magistri
599 1122 795 1173 tavarnicorum
821 1130 846 1173 et
871 1123 954 1173 eciam
972 1139 1060 1172 coram
1080 1123 1155 1173 nobis
1175 1130 1265 1172 contra
1285 1120 1367 1170 filiam
1386 1137 1459 1171 suam
1478 1127 1503 1171 et

236 1209 404 1259 Franciscum
417 1211 528 1259 condam
542 1210 663 1269 iudicem,
679 1227 813 1277 generum,
827 1213 953 1276 quasdam
967 1211 1045 1261 salsas
1057 1212 1160 1261 litteras
1173 1210 1324 1260 exhibuisse
1337 1216 1376 1259 est
1386 1216 1503 1274 reperta;

237 1298 297 1347 ideo
318 1313 429 1347 unacum
449 1298 576 1362 magistro
603 1299 799 1349 tavarnicorum
824 1300 904 1350 ceiam
926 1299 1038 1365 reginali
1059 1300 1181 1349 mandato
1201 1296 1399 1356 interveniente,
1420 1298 1504 1362 ipsam

237 1386 369 1435 Dikauam
394 1397 470 1435 extra
495 1385 628 1436 civitatem
654 1387 822 1438 licenciamus
848 1394 872 1438 et
898 1391 989 1438 eadem
1010 1404 1143 1451 nunquam
1162 1390 1195 1436 de
1214 1394 1302 1436 cetero
1323 1386 1348 1436 in
1369 1386 1504 1437 civitatem

238 1473 337 1523 intrare
357 1473 454 1539 possit,
473 1473 495 1523 si
516 1490 579 1523 vero
600 1474 625 1523 iu
645 1474 752 1525 civitate
772 1483 878 1542 reperta
896 1475 984 1534 fucrit¹
1006 1482 1066 1526 tuuc
1085 1476 1117 1524 de
1138 1475 1195 1540 ipsa
1208 1473 1325 1524 vindicta
1339 1482 1503 1539 sumpmatur

238 1563 313 1612 iuxta
330 1562 482 1612 libertatem
502 1561 642 1613 eivitatis“.

826 1743 907 1807 318.

342 1864 418 1912 Anno
443 1863 514 1922 1384,
537 1864 573 1913 18.
594 1863 663 1912 maii.
685 1864 838 1930 Zagrabiae.

242 1990 406 2064 Capitulum
422 1991 537 2063 zagrus.
557 1992 677 2062 litteras,
692 1993 793 2066 qut'bus
809 1993 958 2050 Elisabeth
980 1993 1083 2065 reuma
1099 1992 1284 2064 Hungurtirc,
1300 1991 1407 2046 ciuibus
1430 1988 1504 2046 Gre-

235 2095 382 2155 chensibus
403 2104 542 2170 expensas
563 2098 620 2154 sibi
631 2099 734 2173 fractas
757 2118 776 2154 a
799 2097 993 2172 rabigandus
1016 2097 1138 2153 banalas
1153 2097 1291 2153 resarciri
1304 2095 1397 2170 jabel,
1420 2102 1501 2151 trun-

814 2204 918 2261 scribit.

325 2346 388 2403 Nos
412 2348 584 2420 capitulum
600 2348 727 2404 ecclesie
743 2349 956 2420 zagrabicnsis.
975 2349 1122 2404 Memorie
1139 2345 1401 2414 commendamus,
1419 2344 1501 2416 quod

238 2452 385 2509 accedens
408 2452 446 2508 ad
471 2458 606 2509 nostram
632 2454 822 2525 presenciam
839 2454 1035 2522 Laurencius,
1051 2452 1143 2511 iudex
1160 2452 1294 2509 civitatis
1310 2450 1503 2521 Grechensis,

237 2574 293 2615 sua
316 2564 345 2615 et
369 2559 399 2615 in
424 2558 562 2632 personis
592 2559 690 2616 tocius
722 2561 951 2617 communitatis
983 2559 1124 2616 exhibuit
1155 2565 1184 2614 et
1212 2557 1390 2630 apportavit
1414 2557 1504 2613 nobis

241 2663 393 2736 quasdam
426 2663 543 2720 litteras
573 2665 766 2723 serenissime
797 2667 945 2739 principis
976 2665 1100 2721 domine
1131 2664 1297 2732 Elisabeth,
1329 2662 1378 2719 dei
1401 2663 1505 2734 gracia

239 2770 343 2842 regine
367 2770 532 2841 Hungarie,
559 2770 692 2840 Polouie,
709 2771 869 2829 Dalmacie
885 2777 948 2840 etc,
966 2770 1089 2828 domine
1107 2778 1208 2827 nostre
1224 2770 1381 2839 naturalis
1399 2768 1504 2840 sigillo

238 2875 304 2931 eius
328 2875 439 2932 minori
462 2875 502 2932 ab
526 2875 606 2932 intra
629 2877 829 2948 consignatas
853 2886 960 2950 petens
983 2893 1047 2948 nos,
1072 2884 1104 2933 ut
1128 2876 1251 2934 easdem
1279 2875 1317 2931 de
1341 2875 1438 2931 verbo
1462 2874 1501 2930 ad

238 2981 372 3038 verbum
407 2980 570 3037 transcribi
592 2987 622 3038 et
645 2981 741 3053 sigilli
771 2984 868 3051 nostri
899 2984 1097 3057 apposicione
1125 2981 1297 3053 consignari
1330 2980 1502 3036 laceremus

238 3079 371 3164 (eorum)
394 3087 432 3142 ad
457 3087 618 3143 cautelam.
643 3087 783 3159 Quarum
807 3095 894 3146 tenor
917 3090 987 3147 talis
1010 3094 1055 3145 est
1081 3082 1154 3166 (vid.
1176 3105 1219 3143 nr.
1238 3087 1309 3159 316,
1331 3104 1354 3142 1.
1372 3079 1501 3161 aprilis).

238 3192 302 3250 Nos
326 3193 419 3264 igitur
450 3193 536 3249 iustis
569 3198 598 3248 et
630 3192 791 3265 condignis
821 3168 1025 3268 peticionibus
1056 3195 1152 3266 ipsius
1185 3192 1292 3249 iudicis
1329 3198 1504 3260 annuentes,

240 3298 338 3356 dictas
363 3299 481 3356 litteras
505 3298 629 3356 domine
653 3307 755 3356 nostre
772 3303 876 3373 regine
892 3301 1029 3375 predicte
1046 3299 1084 3357 de
1101 3301 1197 3355 verbo
1218 3298 1405 3355 adverbum
1424 3303 1505 3352 tran·

241 3405 335 3462 scribi
359 3405 488 3461 fecimus
512 3412 541 3460 et
571 3405 675 3477 sigillo
706 3413 810 3463 nostro
842 3408 1034 3464 communiri.
1065 3407 1181 3462 Datum
1205 3406 1235 3462 in
1268 3404 1376 3474 vigilia
1403 3419 1505 3459 ascen·

244 3512 337 3568 sionis
361 3511 487 3568 domini.
511 3514 600 3568 Anno
622 3513 759 3569 eiusdem
784 3513 893 3570 MCCC
915 3513 1124 3585 octuagesimo
1148 3518 1266 3583 quarto.

328 3628 468 3691 originale
495 3628 520 3678 in
548 3629 646 3686 charta,
672 3645 687 3677 a
713 3637 788 3693 tergo
810 3630 964 3694 impressum
988 3634 1025 3678 cst
1044 3628 1162 3694 sigillum
1181 3627 1299 3691 capituli.
1320 3626 1349 3675 In
1368 3626 1438 3674 arch.
1459 3625 1504 3673 lib.

241 3731 294 3779 reg.
315 3716 363 3765 civ.
383 3717 488 3781 zagrab.
509 3718 601 3766 Exstat
620 3734 726 3780 quoquc
747 3718 772 3766 in
792 3718 907 3782 simplici
929 3717 1005 3782 copia
1025 3717 1050 3766 in
1068 3717 1138 3766 arch.
1154 3717 1232 3765 Aeaei.
1248 3714 1342 3764 Sciant.
1357 3715 1427 3765 slav.
1442 3728 1504 3761 mer.

828 3967 911 4032 319.

330 4075 404 4120 Anno
426 4073 499 4131 1384.
519 4087 542 4131 4.
563 4071 644 4136 Junii.
665 4071 763 4122 Budae.

243 4196 407 4270 Stellarum
429 4206 457 4255 et
472 4199 626 4274 sirltuunes
649 4198 682 4254 de
705 4198 831 4254 Li'mlnur
854 4199 924 4254 bum
948 4199 1107 4255 Slavomire
1127 4200 1246 4265 litteras,
1266 4197 1366 4269 picibus
1383 4195 1506 4251 [atavo

446 4304 475 4358 ia
500 4304 617 4359 exilium
640 4307 727 4359 titisse
750 4304 861 4359 {lamam
885 4312 1045 4372 reconcilier,
1072 4310 1303 4361 trcrnssummmit.

333 4448 394 4504 Nos
419 4447 592 4520 Stephanus
616 4456 645 4505 et
667 4449 822 4530 Johannes
845 4448 883 4505 de
908 4448 1044 4518 Lindwa,
1059 4449 1145 4519 regni
1162 4446 1323 4504 Sclauonic
1348 4445 1427 4501 bani.
1445 4445 1506 4499 Me·

245 4554 342 4608 morie
365 4552 628 4624 commendamus,
652 4553 735 4626 quod
760 4554 953 4625 laurencius,
984 4553 1067 4610 filius
1098 4553 1227 4620 Thome,
1258 4549 1351 4608 iudex
1374 4549 1507 4606 civitatis

245 4657 358 4714 montis
382 4657 573 4728 Grechensis,
596 4657 634 4715 ad
659 4664 797 4716 nostram
814 4660 1017 4733 personaliter
1033 4658 1185 4717 veniendo
1200 4657 1401 4732 presenciam,
1417 4670 1507 4727 quas·

246 4762 320 4820 dam
343 4762 461 4822 litteras
482 4765 603 4823 Nicolai
618 4764 743 4836 Zambo‚
760 4767 901 4839 magistri
917 4766 1167 4823 thavarnicorum
1183 4763 1344 4836 regalium,
1361 4766 1508 4835 patentes,
