3488 5242
654 349 726 405 Dor.
750 362 817 425 141.
846 382 882 390 -
908 344 1078 426 An.1328.
1442 369 1500 424 tas

240 455 513 462 ----...--
533 454 600 460 Δ.--..
647 454 737 459 ...-.-
753 454 834 459 ---
854 455 882 460 .-
900 455 1119 461 --..———-—-.-
1130 456 1500 465 ——-—-—-——..——-.

237 551 320 607 mine
344 550 514 607 roboratas.
548 549 662 607 Datum
693 547 851 619 Zagrabie,
884 547 960 605 feria
990 546 1122 606 secunda
1154 550 1297 622 proxima
1321 555 1391 606 ante
1414 551 1502 623 quin-

235 656 330 713 denas
355 656 436 713 beati
462 654 621 712 Michaelis
643 654 827 725 archangeli.
861 655 949 711 Anno
983 653 1101 711 domini
1125 654 1294 712 millesimo
1318 654 1395 712 CCC
1419 656 1500 712 vice-

235 763 314 818 simo
337 762 476 834 septimo.

323 897 344 945 E
364 897 435 946 libro
455 897 544 961 privil.
566 903 676 962 eppatus
695 895 799 959 zagrab.
820 895 836 943 f.
859 903 896 952 15.
918 895 947 944 ln
967 895 1065 944 archiv.
1089 895 1244 960 archiepisc.
1264 896 1368 962 zagrab.
1455 886 1459 893 ’

828 1199 908 1265 141.

343 1345 419 1392 Anno
443 1344 516 1400 1328.
538 1352 576 1391 10.
596 1341 697 1406 aprilis.
718 1342 746 1391 In
768 1341 906 1406 Visegrad.

264 1472 385 1528 &erolus
408 1471 585 1542 Hungarr'rre
606 1478 653 1527 etr.
678 1489 740 1536 rex,
763 1470 874 1526 niodum
897 1489 917 1525 α
939 1471 1014 1526 bano
1036 1470 1136 1527 Mikr'f
1152 1470 1185 1526 de
1207 1469 1349 1526 soluendis
1371 1469 1483 1526 decimis

677 1583 823 1642 statutum,
847 1583 943 1632 ratum
965 1575 1056 1633 hahet.

327 1721 460 1776 Karalus
484 1720 532 1776 dei
557 1720 659 1791 gracia
683 1737 735 1777 rex
760 1720 925 1791 Hungarie.
950 1718 1108 1777 Fidelibus
1128 1720 1191 1777 suis
1208 1720 1288 1777 bano
1305 1719 1402 1776 tocius
1419 1717 1502 1775 Scla-

241 1826 331 1881 uonie
356 1842 414 1898 pro
446 1834 586 1897 tempore
617 1826 790 1893 constituto,
813 1825 863 1880 vel
893 1826 975 1882 vices
1005 1827 1071 1883 eius
1101 1826 1287 1897 gerentibus,
1318 1840 1433 1882 necnon
1458 1839 1506 1881 ca·

239 1931 376 1987 stellanis
400 1932 462 1987 suis
490 1937 518 1987 et
550 1931 738 1988 officialibus
769 1945 875 1988 eorum
907 1938 959 1988 aut
988 1932 1113 2004 populis
1136 1947 1189 1987 seu
1214 1930 1388 2003 hospitibus
1411 1929 1504 2002 perti·

238 2038 380 2093 nentihus
404 2036 442 2093 ad
467 2036 607 2097 eundem.
631 2037 806 2094 castellanis
830 2039 893 2094 suis
916 2038 1052 2111 propriis
1068 2038 1117 2094 vel
1141 2038 1223 2094 vices
1239 2052 1309 2093 suas
1325 2036 1503 2108 gerentibus

239 2144 288 2198 vel
314 2143 488 2216 hospitibus
511 2143 569 2199 sub
593 2144 730 2216 ipsorum
756 2144 960 2217 potestatibus
983 2144 1257 2211 commorantibus
1283 2141 1404 2199 civibus
1428 2140 1504 2197 Gre-

238 2249 380 2305 censibus
403 2254 433 2305 et
455 2248 524 2305 aliis
555 2250 774 2321 cuiuscumque
805 2255 910 2319 status,
934 2249 1167 2322 preeminencie,
1199 2247 1356 2319 dignitatis
1381 2254 1410 2303 et
1433 2261 1503 2304 con-

239 2353 366 2411 dicionis
389 2355 567 2412 hominibus
591 2356 688 2411 eciam
712 2355 870 2412 nobilibus
894 2355 923 2411 in
947 2354 1087 2426 dyoecesi
1111 2354 1302 2425 zagrabiensi
1323 2353 1504 2420 constitutis,

240 2460 352 2531 quibus
369 2467 525 2534 presentes
540 2460 750 2528 ostenduntur,
767 2461 898 2517 salutern
916 2468 945 2516 et
960 2460 1105 2532 graciam.
1122 2460 1317 2517 Venerabilis
1333 2460 1361 2516 in
1379 2458 1505 2515 Christo

242 2573 326 2637 pater
350 2565 494 2622 dominus
518 2566 688 2634 ladizlaus,
712 2566 759 2623 dei
784 2567 887 2638 gracia
915 2567 1079 2639 episcopus
1094 2566 1312 2638 zagrabiensis,
1329 2565 1460 2622 dilectus
1475 2570 1505 2620 et

242 2670 343 2728 tidelis
365 2678 476 2735 noster.
500 2672 536 2728 ad
564 2679 699 2729 nostram
724 2671 891 2729 accendens
917 2672 1115 2745 presenciam,
1139 2672 1281 2728 exhibuit
1296 2672 1386 2728 nobis
1409 2671 1505 2744 privi-

242 2778 366 2848 legiales
391 2779 494 2835 literas
519 2777 629 2849 hlyhch
656 2778 725 2836 bani
749 2779 846 2835 tocius
869 2776 1031 2834 Sclauonie
1054 2783 1083 2833 et
1107 2777 1228 2834 comitis
1256 2777 1449 2848 simigiensis,
1474 2776 1503 2832 in

241 2885 354 2955 quibus
379 2884 513 2941 vidimus
537 2883 668 2941 eundern
693 2885 808 2941 banum
832 2885 982 2953 statuisse,
1006 2890 1039 2940 ut
1062 2899 1080 2940 a
1105 2884 1194 2940 vobis
1217 2883 1370 2940 universis
1394 2889 1424 2939 et
1448 2882 1507 2939 sin·

240 2990 321 3059 gulis
344 2989 463 3046 decime
497 2991 634 3063 predicto
666 2989 792 3047 domino
824 2990 971 3062 episcopo
1002 2994 1031 3046 et
1060 2990 1187 3046 ecclesie
1218 3005 1271 3045 sue
1296 2988 1432 3061 persolvi
1456 2987 1508 3045 de·

242 3096 341 3162 beant,
367 3096 420 3152 tali
445 3096 546 3164 modu,
570 3103 602 3152 ut
627 3095 745 3152 decima
770 3110 841 3167 pars
865 3096 895 3152 in
918 3095 1020 3169 specie
1043 3096 1182 3152 omnium
1200 3110 1361 3164 agnorum,
1378 3094 1507 3151 edorum

242 3208 270 3257 et
294 3218 398 3274 apum,
420 3203 492 3258 item
519 3201 673 3268 frumenti,
697 3202 835 3273 siliginis,
863 3216 969 3271 avene,
1001 3200 1096 3270 ordei,
1127 3201 1208 3257 milii
1233 3207 1262 3257 et
1286 3201 1510 3271 cuiuscumque

242 3308 369 3363 alterius
395 3307 479 3363 bladi
505 3308 532 3363 in
558 3308 663 3369 orreis
687 3306 806 3364 decima
838 3323 912 3364 vero
944 3323 1016 3380 pars
1046 3307 1109 3364 vini
1141 3307 1170 3363 in
1195 3305 1510 3373 cellariis;onrnium

243 3423 346 3472 autem
369 3416 479 3471 harum
502 3430 605 3470 rerum
630 3413 838 3487 predictarum
861 3413 987 3484 decime,
1011 3415 1036 3470 si
1060 3413 1187 3470 domino
1210 3413 1356 3485 episeopo
1380 3412 1429 3467 vel
1446 3411 1512 3467 eius

242 3521 369 3577 ecclesie
393 3520 645 3592 procuratoribus
679 3520 838 3592 placuerit,
869 3519 1038 3576 secundum
1071 3518 1209 3575 valorem
1242 3517 1432 3574 redimantur
1456 3532 1512 3588 per

242 3626 374 3683 eosdem.
389 3625 473 3694 item,
490 3625 608 3682 decima
632 3640 704 3698 pars
728 3641 894 3699 porcorum
917 3625 1098 3682 annualium
1122 3631 1152 3681 et
1175 3623 1263 3693 infra,
1287 3623 1370 3680 dicto
1386 3623 1513 3679 domino

243 3734 388 3804 episcopo
413 3740 441 3787 et
465 3732 592 3787 ecclesie
614 3747 668 3788 sue
700 3731 736 3788 ad
769 3731 1005 3803 requisicionem
1038 3729 1262 3787 decimatorum
1293 3743 1420 3785 suorum
1445 3744 1513 3801 per-

243 3839 411 3895 solvantur.
436 3838 577 3908 Cumque
602 3836 682 3893 idem
707 3837 851 3894 dominus
874 3836 1038 3909 episcopus
1069 3840 1175 3891 nostro
1204 3834 1333 3891 culmini
1357 3833 1514 3906 supplica·

244 3944 321 3999 verit
353 3950 384 4000 ut
418 3941 594 4000 huiusmodi
626 3944 878 4000 constitucionem
910 3948 940 3998 et
971 3941 1199 3997 ordinacionem
1238 3939 1368 4014 predicti
1402 3938 1512 4010 Mykch

245 4050 314 4105 bani
339 4050 376 4106 de
400 4050 556 4106 solucione
580 4050 717 4122 ipsarum
754 4047 944 4104 decimarum
970 4045 1092 4116 iactam,
1125 4054 1223 4104 ratam
1248 4045 1390 4102 habendo
1412 4054 1441 4101 et
1464 4060 1512 4102 ac·

244 4162 365 4227 ceptam
389 4156 472 4227 ipsas
495 4155 631 4211 decimas
654 4155 734 4211 solvi
758 4154 817 4211 sibi
841 4163 870 4210 et
893 4153 961 4210 dari
995 4152 1032 4208 de
1064 4153 1251 4224 benignitate
1278 4152 1362 4223 regia
1385 4150 1511 4207 manda-

247 4276 357 4317 remus.
383 4261 444 4317 Nos
469 4262 521 4332 qui
546 4277 582 4316 ex
608 4260 713 4316 debito
736 4259 869 4332 suscepti
894 4259 991 4315 nostri
1015 4259 1173 4330 regiminis
1199 4257 1344 4313 ecclesias
1367 4257 1397 4313 in
1418 4270 1514 4327 regno

243 4377 348 4422 nostro
372 4367 550 4423 constitutas
574 4367 603 4421 in
627 4366 690 4421 suis
714 4365 833 4421 iuribus
855 4363 1020 4421 confovere
1036 4363 1198 4433 debemus,
1216 4363 1360 4436 precibus
1375 4360 1512 4419 eiusdem

245 4470 361 4528 domini
386 4472 521 4544 episcopi
547 4472 678 4541 benigne
702 4470 847 4539 inclinati,
879 4470 1062 4542 premissam
1094 4469 1350 4525 constitucionem
1376 4474 1405 4524 et
1429 4465 1511 4523 ordi·

243 4578 402 4634 nacionem
426 4577 499 4633 dicti
525 4575 635 4648 Mykch
659 4576 730 4632 bani
754 4583 852 4632 ratam
869 4575 1025 4644 habentes,
1046 4584 1165 4646 gratam
1189 4582 1219 4631 et
1242 4581 1411 4646 acceptam,
1437 4571 1513 4629 fide-

245 4682 323 4738 litati
348 4692 448 4739 vestre
472 4682 603 4739 iirmiter
632 4687 662 4738 et
692 4681 829 4739 districte
860 4681 1049 4754 precipimus
1080 4695 1137 4753 per
1172 4685 1337 4753 presentes,
1361 4684 1513 4751 quatenus

245 4786 380 4845 decimas
403 4788 485 4845 dicto
509 4788 635 4845 domino
655 4788 801 4861 episcopo
831 4794 861 4844 et
891 4785 1020 4844 ecclesie
1050 4801 1105 4844 sue
1127 4801 1146 4842 a
1168 4785 1259 4842 vobis
1286 4785 1512 4858 provenientes,
