3480 5264
694 343 838 406 Addcnda
865 382 901 392 -
927 349 1096 426 An.1393.
1465 365 1529 427 459

260 546 331 603 duci
354 546 393 602 ad
416 546 554 620 propria,
577 554 607 603 et
631 561 709 618 quos
737 546 855 619 depelli
885 548 1105 619 nequivissent,
1129 551 1257 607 mactari
1281 556 1311 606 et
1333 547 1464 606 interfici
1488 546 1530 605 fe·

261 653 380 723 cissent,
404 653 506 725 culpis
529 652 668 725 ipsorum
693 652 822 710 minime
845 653 1048 725 exigentibus,
1069 670 1124 710 sua
1149 655 1289 728 potencia
1312 653 1475 723 mediante,
1499 653 1529 710 in

263 758 469 832 preiudicium
501 758 641 830 ipsorum
670 757 786 814 civium
818 757 910 815 valde
943 773 1098 830 magnum.
1131 758 1231 833 Super
1262 774 1324 832 quo
1356 759 1530 816 amiciciam

261 872 397 921 vestram
422 864 556 937 petimus
578 862 751 935 diligenter,
783 869 933 936 quatenus
967 871 1104 922 vestrum
1137 865 1265 922 mittatis
1288 865 1447 922 hominem
1471 878 1530 936 pro

263 970 436 1027 testimonio
460 968 522 1026 fide
545 968 683 1041 dignum,
707 982 770 1040 quo
787 976 936 1041 presente,
954 967 1107 1042 Georgius
1131 970 1169 1027 de
1193 971 1300 1028 Rauen
1325 970 1375 1027 vel
1400 968 1529 1028 Blasius.

261 1074 345 1131 filius
368 1074 502 1144 MandeS,
526 1073 564 1131 de
581 1073 670 1144 lana,
693 1073 792 1130 altero
807 1073 941 1144 absente,
959 1075 1053 1131 homo
1069 1082 1179 1146 noster,
1198 1075 1238 1132 ab
1254 1075 1400 1133 omnibus
1416 1075 1530 1147 quibus

264 1180 424 1250 incumbit,
448 1171 548 1257 (sciat)
572 1194 690 1235 meram
714 1178 752 1235 de
777 1180 936 1251 premissis
959 1181 1132 1248 veritatem,
1164 1197 1258 1253 quam
1292 1181 1416 1238 tandem
1440 1180 1530 1237 nobis

262 1285 468 1343 amicabiliter
492 1284 675 1342 rescribatis.
701 1284 815 1341 Datum
840 1283 990 1356 Zagrabie
1015 1283 1091 1341 feria
1118 1286 1252 1343 secunda
1281 1287 1425 1360 proxima
1460 1292 1529 1359 post

264 1390 376 1447 festum
404 1391 484 1448 beati
507 1391 655 1473 Johannis
679 1397 749 1447 ante
772 1397 895 1463 portam
931 1390 1065 1446 latinam.
1091 1391 1179 1447 Anno
1210 1391 1328 1449 domini
1361 1391 1530 1449 millesimo

264 1495 342 1552 CCC
359 1497 558 1568 nonagesimo
582 1496 684 1553 tercio.

352 1646 492 1712 Originale
513 1647 538 1697 in
558 1648 656 1705 charta,
676 1663 691 1697 a
711 1654 786 1714 tergo
812 1649 955 1715 vestigium
983 1649 1074 1714 sigilli.
1102 1648 1133 1699 ln
1158 1650 1228 1700 arch.
1250 1651 1330 1700 ilcad.
1350 1650 1444 1700 scient.
1459 1651 1528 1700 Slav.
1594 1639 1599 1652 ”

262 1735 427 1786 meridional.
