<?xml version="1.0" encoding="UTF-8"?>
<!DOCTYPE html PUBLIC "-//W3C//DTD XHTML 1.0 Transitional//EN"
    "http://www.w3.org/TR/xhtml1/DTD/xhtml1-transitional.dtd">
<html xmlns="http://www.w3.org/1999/xhtml" xml:lang="en" lang="en">
 <head>
  <title>
</title>
<meta http-equiv="Content-Type" content="text/html;charset=utf-8" />
  <meta name='ocr-system' content='tesseract 3.04.00' />
  <meta name='ocr-capabilities' content='ocr_page ocr_carea ocr_par ocr_line ocrx_word'/>
</head>
<body>
  <div class='ocr_page' id='page_1' title='image "./monumentahistor11laszgoog_0255.png"; bbox 0 0 3488 5242; ppageno 0'>
   <div class='ocr_carea' id='block_1_1' title="bbox 251 341 1180 427">
    <p class='ocr_par' dir='ltr' id='par_1_1' title="bbox 251 341 1180 427">
     <span class='ocr_line' id='line_1_1' title="bbox 251 341 1180 427; baseline 0.002 -23"><span class='ocrx_word' id='word_1_1' title='bbox 251 364 290 405; x_wconf 81' lang='lat' dir='ltr'>ao</span> <span class='ocrx_word' id='word_1_2' title='bbox 579 345 651 402; x_wconf 77' lang='lat' dir='ltr'>Dec.</span> <span class='ocrx_word' id='word_1_3' title='bbox 676 359 723 402; x_wconf 87' lang='lat'>22.</span> <span class='ocrx_word' id='word_1_4' title='bbox 747 360 795 421; x_wconf 77' lang='lat'>23.</span> <span class='ocrx_word' id='word_1_5' title='bbox 823 379 859 388; x_wconf 93' lang='lat'><em>-</em></span> <span class='ocrx_word' id='word_1_6' title='bbox 885 345 941 403; x_wconf 84' lang='lat' dir='ltr'>An.</span> <span class='ocrx_word' id='word_1_7' title='bbox 965 341 1180 427; x_wconf 69' lang='lat'>1246-1247.</span> 
     </span>
    </p>
   </div>
   <div class='ocr_carea' id='block_1_2' title="bbox 247 535 1520 1769">
    <p class='ocr_par' dir='ltr' id='par_1_2' title="bbox 247 535 1520 1769">
     <span class='ocr_line' id='line_1_2' title="bbox 248 535 1515 618; baseline 0.003 -16"><span class='ocrx_word' id='word_1_8' title='bbox 248 544 290 603; x_wconf 91' lang='lat' dir='ltr'>Ut</span> <span class='ocrx_word' id='word_1_9' title='bbox 314 545 468 616; x_wconf 87' lang='lat' dir='ltr'>igiturex</span> <span class='ocrx_word' id='word_1_10' title='bbox 492 544 620 618; x_wconf 91' lang='lat' dir='ltr'>speciali</span> <span class='ocrx_word' id='word_1_11' title='bbox 644 543 820 613; x_wconf 83' lang='lat' dir='ltr'>devocione,</span> <span class='ocrx_word' id='word_1_12' title='bbox 844 560 939 616; x_wconf 90' lang='lat' dir='ltr'>quam</span> <span class='ocrx_word' id='word_1_13' title='bbox 961 545 1002 603; x_wconf 92' lang='lat' dir='ltr'>ad</span> <span class='ocrx_word' id='word_1_14' title='bbox 1023 562 1079 604; x_wconf 92' lang='lat' dir='ltr'>nos</span> <span class='ocrx_word' id='word_1_15' title='bbox 1103 535 1132 605; x_wconf 69' lang='lat' dir='ltr'>e&#39;t</span> <span class='ocrx_word' id='word_1_16' title='bbox 1162 564 1323 606; x_wconf 90' lang='lat' dir='ltr'>romanam</span> <span class='ocrx_word' id='word_1_17' title='bbox 1352 548 1515 606; x_wconf 91' lang='lat' dir='ltr'>ecclesiam</span> 
     </span>
     <span class='ocr_line' id='line_1_3' title="bbox 248 648 1516 732; baseline 0.001 -23"><span class='ocrx_word' id='word_1_18' title='bbox 248 652 363 732; x_wconf 87' lang='lat' dir='ltr'>habere</span> <span class='ocrx_word' id='word_1_19' title='bbox 379 650 555 720; x_wconf 90' lang='lat' dir='ltr'>dinosceris,</span> <span class='ocrx_word' id='word_1_20' title='bbox 572 651 684 707; x_wconf 91' lang='lat' dir='ltr'>sentias</span> <span class='ocrx_word' id='word_1_21' title='bbox 701 649 758 707; x_wconf 91' lang='lat' dir='ltr'>tibi</span> <span class='ocrx_word' id='word_1_22' title='bbox 773 648 915 708; x_wconf 83' lang='lat' dir='ltr'>favorem</span> <span class='ocrx_word' id='word_1_23' title='bbox 930 653 1136 726; x_wconf 90' lang='lat' dir='ltr'>apostolicum</span> <span class='ocrx_word' id='word_1_24' title='bbox 1152 655 1331 726; x_wconf 86' lang='lat' dir='ltr'>accrevisse,</span> <span class='ocrx_word' id='word_1_25' title='bbox 1361 659 1396 712; x_wconf 91' lang='lat' dir='ltr'>ut</span> <span class='ocrx_word' id='word_1_26' title='bbox 1409 654 1516 712; x_wconf 92' lang='lat' dir='ltr'>nullus</span> 
     </span>
     <span class='ocr_line' id='line_1_4' title="bbox 248 755 1516 831; baseline 0.004 -18"><span class='ocrx_word' id='word_1_27' title='bbox 248 757 408 830; x_wconf 89' lang='lat' dir='ltr'>delegatus</span> <span class='ocrx_word' id='word_1_28' title='bbox 432 758 483 812; x_wconf 90' lang='lat' dir='ltr'>vel</span> <span class='ocrx_word' id='word_1_29' title='bbox 507 755 736 826; x_wconf 84' lang='lat' dir='ltr'>subdelegatus,</span> <span class='ocrx_word' id='word_1_30' title='bbox 761 762 906 814; x_wconf 86' lang='lat' dir='ltr'>executor</span> <span class='ocrx_word' id='word_1_31' title='bbox 928 764 981 815; x_wconf 89' lang='lat' dir='ltr'>aut</span> <span class='ocrx_word' id='word_1_32' title='bbox 1004 766 1211 831; x_wconf 88' lang='lat' dir='ltr'>conservator,</span> <span class='ocrx_word' id='word_1_33' title='bbox 1232 761 1413 818; x_wconf 90' lang='lat' dir='ltr'>auctoritate</span> <span class='ocrx_word' id='word_1_34' title='bbox 1435 758 1516 817; x_wconf 90' lang='lat' dir='ltr'>sedis</span> 
     </span>
     <span class='ocr_line' id='line_1_5' title="bbox 248 862 1520 937; baseline 0.004 -18"><span class='ocrx_word' id='word_1_35' title='bbox 248 862 418 937; x_wconf 86' lang='lat' dir='ltr'>apostolice</span> <span class='ocrx_word' id='word_1_36' title='bbox 442 863 493 918; x_wconf 92' lang='lat' dir='ltr'>vel</span> <span class='ocrx_word' id='word_1_37' title='bbox 517 862 692 934; x_wconf 86' lang='lat' dir='ltr'>legatorum</span> <span class='ocrx_word' id='word_1_38' title='bbox 716 863 821 935; x_wconf 91' lang='lat' dir='ltr'>ipsius,</span> <span class='ocrx_word' id='word_1_39' title='bbox 845 863 928 919; x_wconf 89' lang='lat' dir='ltr'>inte</span> <span class='ocrx_word' id='word_1_40' title='bbox 952 864 1003 920; x_wconf 91' lang='lat' dir='ltr'>vel</span> <span class='ocrx_word' id='word_1_41' title='bbox 1035 866 1197 923; x_wconf 91' lang='lat' dir='ltr'>ecclesiam</span> <span class='ocrx_word' id='word_1_42' title='bbox 1229 870 1315 924; x_wconf 91' lang='lat' dir='ltr'>tuam</span> <span class='ocrx_word' id='word_1_43' title='bbox 1338 882 1520 924; x_wconf 54' lang='lat' dir='ltr'>excommu2</span> 
     </span>
     <span class='ocr_line' id='line_1_6' title="bbox 248 967 1516 1046; baseline 0.002 -21"><span class='ocrx_word' id='word_1_44' title='bbox 248 968 430 1036; x_wconf 89' lang='lat' dir='ltr'>nicacionis‚</span> <span class='ocrx_word' id='word_1_45' title='bbox 462 967 671 1041; x_wconf 87' lang='lat' dir='ltr'>suspensionis</span> <span class='ocrx_word' id='word_1_46' title='bbox 700 973 752 1024; x_wconf 92' lang='lat' dir='ltr'>aut</span> <span class='ocrx_word' id='word_1_47' title='bbox 787 968 941 1026; x_wconf 83' lang='lat' dir='ltr'>interdicti</span> <span class='ocrx_word' id='word_1_48' title='bbox 977 972 1146 1029; x_wconf 85' lang='lat' dir='ltr'>sentencias</span> <span class='ocrx_word' id='word_1_49' title='bbox 1177 972 1280 1029; x_wconf 92' lang='lat' dir='ltr'>valeat</span> <span class='ocrx_word' id='word_1_50' title='bbox 1314 972 1516 1046; x_wconf 85' lang='lat' dir='ltr'>promulgare</span> 
     </span>
     <span class='ocr_line' id='line_1_7' title="bbox 248 1072 1517 1152; baseline 0.004 -22"><span class='ocrx_word' id='word_1_51' title='bbox 248 1075 366 1146; x_wconf 89' lang='lat' dir='ltr'>absque</span> <span class='ocrx_word' id='word_1_52' title='bbox 390 1072 537 1130; x_wconf 91' lang='lat' dir='ltr'>mandato</span> <span class='ocrx_word' id='word_1_53' title='bbox 560 1072 641 1129; x_wconf 93' lang='lat' dir='ltr'>sedis</span> <span class='ocrx_word' id='word_1_54' title='bbox 664 1073 834 1152; x_wconf 87' lang='lat' dir='ltr'>apostolice</span> <span class='ocrx_word' id='word_1_55' title='bbox 857 1075 993 1148; x_wconf 89' lang='lat' dir='ltr'>speciali,</span> <span class='ocrx_word' id='word_1_56' title='bbox 1018 1075 1147 1134; x_wconf 78' lang='lat' dir='ltr'>faciente</span> <span class='ocrx_word' id='word_1_57' title='bbox 1179 1078 1306 1151; x_wconf 91' lang='lat' dir='ltr'>plenam</span> <span class='ocrx_word' id='word_1_58' title='bbox 1330 1077 1368 1134; x_wconf 89' lang='lat' dir='ltr'>de</span> <span class='ocrx_word' id='word_1_59' title='bbox 1391 1078 1449 1134; x_wconf 89' lang='lat' dir='ltr'>hac</span> <span class='ocrx_word' id='word_1_60' title='bbox 1471 1078 1517 1135; x_wconf 91' lang='lat' dir='ltr'>in·</span> 
     </span>
     <span class='ocr_line' id='line_1_8' title="bbox 248 1179 1516 1256; baseline 0.004 -20"><span class='ocrx_word' id='word_1_61' title='bbox 248 1179 411 1252; x_wconf 88' lang='lat' dir='ltr'>dulgencia</span> <span class='ocrx_word' id='word_1_62' title='bbox 443 1179 640 1247; x_wconf 88' lang='lat' dir='ltr'>mentionem,</span> <span class='ocrx_word' id='word_1_63' title='bbox 670 1180 851 1236; x_wconf 90' lang='lat' dir='ltr'>auctoritate</span> <span class='ocrx_word' id='word_1_64' title='bbox 882 1180 938 1237; x_wconf 92' lang='lat' dir='ltr'>tibi</span> <span class='ocrx_word' id='word_1_65' title='bbox 969 1184 1160 1255; x_wconf 88' lang='lat' dir='ltr'>presentium</span> <span class='ocrx_word' id='word_1_66' title='bbox 1191 1183 1396 1256; x_wconf 80' lang='lat' dir='ltr'>indulgemus</span> <span class='ocrx_word' id='word_1_67' title='bbox 1431 1183 1516 1241; x_wconf 89' lang='lat' dir='ltr'>Nulli</span> 
     </span>
     <span class='ocr_line' id='line_1_9' title="bbox 248 1285 1514 1360; baseline 0.002 -17"><span class='ocrx_word' id='word_1_68' title='bbox 248 1301 322 1358; x_wconf 81' lang='lat' dir='ltr'>ergo</span> <span class='ocrx_word' id='word_1_69' title='bbox 346 1287 472 1343; x_wconf 89' lang='lat' dir='ltr'>omnino</span> <span class='ocrx_word' id='word_1_70' title='bbox 495 1285 658 1342; x_wconf 90' lang='lat' dir='ltr'>hominum</span> <span class='ocrx_word' id='word_1_71' title='bbox 683 1285 773 1341; x_wconf 91' lang='lat' dir='ltr'>liceat</span> <span class='ocrx_word' id='word_1_72' title='bbox 796 1285 875 1342; x_wconf 89' lang='lat' dir='ltr'>hanc</span> <span class='ocrx_word' id='word_1_73' title='bbox 898 1287 1044 1360; x_wconf 88' lang='lat' dir='ltr'>paginam</span> <span class='ocrx_word' id='word_1_74' title='bbox 1061 1294 1164 1346; x_wconf 89' lang='lat' dir='ltr'>nostre</span> <span class='ocrx_word' id='word_1_75' title='bbox 1180 1290 1384 1347; x_wconf 84' lang='lat' dir='ltr'>concessionis</span> <span class='ocrx_word' id='word_1_76' title='bbox 1408 1288 1514 1346; x_wconf 84' lang='lat' dir='ltr'>inirin-</span> 
     </span>
     <span class='ocr_line' id='line_1_10' title="bbox 247 1368 1515 1467; baseline 0.002 -18"><span class='ocrx_word' id='word_1_77' title='bbox 247 1407 327 1463; x_wconf 92' lang='lat' dir='ltr'>gere,</span> <span class='ocrx_word' id='word_1_78' title='bbox 352 1392 402 1448; x_wconf 92' lang='lat' dir='ltr'>vel</span> <span class='ocrx_word' id='word_1_79' title='bbox 427 1392 455 1448; x_wconf 91' lang='lat' dir='ltr'>ei</span> <span class='ocrx_word' id='word_1_80' title='bbox 478 1406 554 1448; x_wconf 93' lang='lat' dir='ltr'>ausu</span> <span class='ocrx_word' id='word_1_81' title='bbox 578 1368 742 1447; x_wconf 82' lang='lat' dir='ltr'>temerario</span> <span class='ocrx_word' id='word_1_82' title='bbox 766 1393 926 1449; x_wconf 88' lang='lat' dir='ltr'>contraire.</span> <span class='ocrx_word' id='word_1_83' title='bbox 954 1391 986 1450; x_wconf 89' lang='lat' dir='ltr'>Si</span> <span class='ocrx_word' id='word_1_84' title='bbox 1018 1395 1089 1465; x_wconf 85' lang='lat' dir='ltr'>quis</span> <span class='ocrx_word' id='word_1_85' title='bbox 1119 1403 1224 1452; x_wconf 91' lang='lat' dir='ltr'>autem</span> <span class='ocrx_word' id='word_1_86' title='bbox 1248 1396 1306 1452; x_wconf 93' lang='lat' dir='ltr'>hoc</span> <span class='ocrx_word' id='word_1_87' title='bbox 1330 1400 1515 1467; x_wconf 82' lang='lat' dir='ltr'>attemptare</span> 
     </span>
     <span class='ocr_line' id='line_1_11' title="bbox 249 1496 1513 1572; baseline 0.002 -17"><span class='ocrx_word' id='word_1_88' title='bbox 249 1499 475 1572; x_wconf 87' lang='lat' dir='ltr'>presumpserit</span> <span class='ocrx_word' id='word_1_89' title='bbox 506 1496 748 1568; x_wconf 86' lang='lat' dir='ltr'>indignationem</span> <span class='ocrx_word' id='word_1_90' title='bbox 778 1498 998 1570; x_wconf 88' lang='lat' dir='ltr'>omnipotentis</span> <span class='ocrx_word' id='word_1_91' title='bbox 1029 1499 1078 1557; x_wconf 92' lang='lat' dir='ltr'>dei</span> <span class='ocrx_word' id='word_1_92' title='bbox 1109 1507 1137 1557; x_wconf 88' lang='lat' dir='ltr'>et</span> <span class='ocrx_word' id='word_1_93' title='bbox 1171 1502 1334 1559; x_wconf 88' lang='lat' dir='ltr'>beatorum</span> <span class='ocrx_word' id='word_1_94' title='bbox 1367 1500 1449 1557; x_wconf 86' lang='lat' dir='ltr'>Petri</span> <span class='ocrx_word' id='word_1_95' title='bbox 1484 1505 1513 1558; x_wconf 93' lang='lat' dir='ltr'>et</span> 
     </span>
     <span class='ocr_line' id='line_1_12' title="bbox 250 1603 1513 1679; baseline -0.001 -17"><span class='ocrx_word' id='word_1_96' title='bbox 250 1604 339 1662; x_wconf 90' lang='lat' dir='ltr'>Pauli</span> <span class='ocrx_word' id='word_1_97' title='bbox 370 1603 584 1677; x_wconf 89' lang='lat' dir='ltr'>apostolorum</span> <span class='ocrx_word' id='word_1_98' title='bbox 615 1603 681 1659; x_wconf 92' lang='lat' dir='ltr'>eius</span> <span class='ocrx_word' id='word_1_99' title='bbox 711 1617 743 1658; x_wconf 94' lang='lat' dir='ltr'>se</span> <span class='ocrx_word' id='word_1_100' title='bbox 774 1604 896 1660; x_wconf 89' lang='lat' dir='ltr'>noverit</span> <span class='ocrx_word' id='word_1_101' title='bbox 926 1604 1129 1663; x_wconf 86' lang='lat' dir='ltr'>incursurum.</span> <span class='ocrx_word' id='word_1_102' title='bbox 1161 1606 1276 1665; x_wconf 89' lang='lat' dir='ltr'>Datum</span> <span class='ocrx_word' id='word_1_103' title='bbox 1308 1606 1452 1679; x_wconf 89' lang='lat' dir='ltr'>Lugduni</span> <span class='ocrx_word' id='word_1_104' title='bbox 1478 1605 1513 1664; x_wconf 90' lang='lat' dir='ltr'>X.</span> 
     </span>
     <span class='ocr_line' id='line_1_13' title="bbox 249 1707 1074 1769; baseline -0.001 -1"><span class='ocrx_word' id='word_1_105' title='bbox 249 1709 398 1768; x_wconf 89' lang='lat' dir='ltr'>kalendas</span> <span class='ocrx_word' id='word_1_106' title='bbox 421 1709 503 1766; x_wconf 92' lang='lat' dir='ltr'>maii.</span> <span class='ocrx_word' id='word_1_107' title='bbox 527 1707 727 1765; x_wconf 90' lang='lat' dir='ltr'>Pontificatus</span> <span class='ocrx_word' id='word_1_108' title='bbox 751 1709 848 1766; x_wconf 88' lang='lat' dir='ltr'>nostri</span> <span class='ocrx_word' id='word_1_109' title='bbox 869 1725 949 1767; x_wconf 90' lang='lat' dir='ltr'>anno</span> <span class='ocrx_word' id='word_1_110' title='bbox 973 1711 1074 1769; x_wconf 91' lang='lat' dir='ltr'>tercio.</span> 
     </span>
    </p>
   </div>
   <div class='ocr_carea' id='block_1_3' title="bbox 250 1824 1515 1980">
    <p class='ocr_par' dir='ltr' id='par_1_3' title="bbox 250 1824 1515 1980">
     <span class='ocr_line' id='line_1_14' title="bbox 338 1824 1515 1895; baseline 0.003 -21"><span class='ocrx_word' id='word_1_111' title='bbox 338 1825 421 1875; x_wconf 90' lang='lat' dir='ltr'>Liber</span> <span class='ocrx_word' id='word_1_112' title='bbox 441 1824 531 1889; x_wconf 88' lang='lat' dir='ltr'>privil.</span> <span class='ocrx_word' id='word_1_113' title='bbox 551 1824 629 1889; x_wconf 90' lang='lat' dir='ltr'>episc.</span> <span class='ocrx_word' id='word_1_114' title='bbox 650 1825 754 1890; x_wconf 85' lang='lat' dir='ltr'>zagrab.</span> <span class='ocrx_word' id='word_1_115' title='bbox 776 1824 820 1873; x_wconf 84' lang='lat' dir='ltr'>sol.</span> <span class='ocrx_word' id='word_1_116' title='bbox 841 1827 881 1875; x_wconf 86' lang='lat'>82.</span> <span class='ocrx_word' id='word_1_117' title='bbox 902 1825 987 1892; x_wconf 85' lang='lat' dir='ltr'>Typis</span> <span class='ocrx_word' id='word_1_118' title='bbox 1001 1829 1129 1893; x_wconf 85' lang='lat' dir='ltr'>vulgavit,</span> <span class='ocrx_word' id='word_1_119' title='bbox 1148 1830 1222 1895; x_wconf 90' lang='lat' dir='ltr'>Joan.</span> <span class='ocrx_word' id='word_1_120' title='bbox 1240 1828 1356 1879; x_wconf 75' lang='lat' dir='ltr'>Tkaltie.</span> <span class='ocrx_word' id='word_1_121' title='bbox 1371 1829 1442 1879; x_wconf 89' lang='lat' dir='ltr'>Mon.</span> <span class='ocrx_word' id='word_1_122' title='bbox 1456 1828 1515 1878; x_wconf 88' lang='lat' dir='ltr'>hist.</span> 
     </span>
     <span class='ocr_line' id='line_1_15' title="bbox 250 1913 644 1980; baseline 0 -16"><span class='ocrx_word' id='word_1_123' title='bbox 250 1915 329 1980; x_wconf 92' lang='lat' dir='ltr'>episc.</span> <span class='ocrx_word' id='word_1_124' title='bbox 350 1914 454 1980; x_wconf 83' lang='lat' dir='ltr'>zagrab.</span> <span class='ocrx_word' id='word_1_125' title='bbox 475 1931 498 1963; x_wconf 92' lang='lat' dir='ltr'>v.</span> <span class='ocrx_word' id='word_1_126' title='bbox 519 1913 538 1963; x_wconf 88' lang='lat'>1.</span> <span class='ocrx_word' id='word_1_127' title='bbox 558 1930 583 1979; x_wconf 92' lang='lat' dir='ltr'>p.</span> <span class='ocrx_word' id='word_1_128' title='bbox 603 1916 644 1974; x_wconf 82' lang='lat'>84</span> 
     </span>
    </p>
   </div>
   <div class='ocr_carea' id='block_1_4' title="bbox 356 2073 912 2174">
    <p class='ocr_par' dir='ltr' id='par_1_4' title="bbox 356 2073 912 2174">
     <span class='ocr_line' id='line_1_16' title="bbox 356 2073 912 2174; baseline -0.009 -16"><span class='ocrx_word' id='word_1_129' title='bbox 356 2111 404 2158; x_wconf 89' lang='lat' dir='ltr'>An.</span> <span class='ocrx_word' id='word_1_130' title='bbox 427 2109 501 2169; x_wconf 83' lang='lat'>1246.</span> <span class='ocrx_word' id='word_1_131' title='bbox 515 2119 539 2157; x_wconf 85' lang='lat'>2.</span> <span class='ocrx_word' id='word_1_132' title='bbox 552 2107 624 2157; x_wconf 90' lang='lat' dir='ltr'>maii.</span> <span class='ocrx_word' id='word_1_133' title='bbox 638 2108 771 2174; x_wconf 81' lang='lat' dir='ltr'>Lugduni.</span> <span class='ocrx_word' id='word_1_134' title='bbox 853 2073 912 2138; x_wconf 75' lang='lat'>22·</span> 
     </span>
    </p>
   </div>
   <div class='ocr_carea' id='block_1_5' title="bbox 244 2218 1518 2490">
    <p class='ocr_par' dir='ltr' id='par_1_5' title="bbox 244 2218 1518 2490">
     <span class='ocr_line' id='line_1_17' title="bbox 250 2218 1517 2293; baseline 0.002 -16"><span class='ocrx_word' id='word_1_135' title='bbox 250 2219 433 2277; x_wconf 83' lang='lat' dir='ltr'>Innocentius</span> <span class='ocrx_word' id='word_1_136' title='bbox 457 2218 513 2275; x_wconf 90' lang='lat' dir='ltr'>IV.</span> <span class='ocrx_word' id='word_1_137' title='bbox 538 2218 635 2292; x_wconf 82' lang='lat' dir='ltr'>Papa,</span> <span class='ocrx_word' id='word_1_138' title='bbox 658 2220 770 2276; x_wconf 82' lang='lat' dir='ltr'>relevat</span> <span class='ocrx_word' id='word_1_139' title='bbox 789 2219 946 2292; x_wconf 68' lang='lat' dir='ltr'>episcopum</span> <span class='ocrx_word' id='word_1_140' title='bbox 969 2226 997 2276; x_wconf 84' lang='lat' dir='ltr'>et</span> <span class='ocrx_word' id='word_1_141' title='bbox 1016 2219 1172 2293; x_wconf 64' lang='lat' dir='ltr'>capitulum</span> <span class='ocrx_word' id='word_1_142' title='bbox 1195 2221 1382 2293; x_wconf 82' lang='lat' dir='ltr'>zagrabiense</span> <span class='ocrx_word' id='word_1_143' title='bbox 1404 2240 1424 2277; x_wconf 83' lang='lat' dir='ltr'>a</span> <span class='ocrx_word' id='word_1_144' title='bbox 1446 2223 1517 2279; x_wconf 84' lang='lat' dir='ltr'>reci·</span> 
     </span>
     <span class='ocr_line' id='line_1_18' title="bbox 244 2325 1518 2400; baseline 0.002 -18"><span class='ocrx_word' id='word_1_145' title='bbox 244 2327 361 2400; x_wconf 81' lang='lat' dir='ltr'>piendis</span> <span class='ocrx_word' id='word_1_146' title='bbox 384 2327 434 2384; x_wconf 82' lang='lat' dir='ltr'>vel</span> <span class='ocrx_word' id='word_1_147' title='bbox 448 2325 635 2398; x_wconf 69' lang='lat' dir='ltr'>providendis</span> <span class='ocrx_word' id='word_1_148' title='bbox 666 2325 776 2397; x_wconf 81' lang='lat' dir='ltr'>legatis,</span> <span class='ocrx_word' id='word_1_149' title='bbox 806 2325 865 2381; x_wconf 65' lang='lat' dir='ltr'>nisi</span> <span class='ocrx_word' id='word_1_150' title='bbox 885 2332 1048 2398; x_wconf 76' lang='lat' dir='ltr'>expressum</span> <span class='ocrx_word' id='word_1_151' title='bbox 1070 2325 1197 2384; x_wconf 78' lang='lat' dir='ltr'>habeant</span> <span class='ocrx_word' id='word_1_152' title='bbox 1216 2327 1255 2384; x_wconf 86' lang='lat' dir='ltr'>ab</span> <span class='ocrx_word' id='word_1_153' title='bbox 1277 2328 1433 2400; x_wconf 83' lang='lat' dir='ltr'>apostolica</span> <span class='ocrx_word' id='word_1_154' title='bbox 1455 2329 1518 2385; x_wconf 84' lang='lat' dir='ltr'>sede</span> 
     </span>
     <span class='ocr_line' id='line_1_19' title="bbox 707 2431 973 2490; baseline -0.011 0"><span class='ocrx_word' id='word_1_155' title='bbox 707 2480 710 2490; x_wconf 80' lang='lat'>.</span> <span class='ocrx_word' id='word_1_156' title='bbox 799 2431 973 2488; x_wconf 73' lang='lat' dir='ltr'>mandamm.</span> 
     </span>
    </p>
   </div>
   <div class='ocr_carea' id='block_1_6' title="bbox 168 2553 1519 4209">
    <p class='ocr_par' dir='ltr' id='par_1_6' title="bbox 168 2553 1519 4010">
     <span class='ocr_line' id='line_1_20' title="bbox 337 2553 1517 2636; baseline -0.001 -20"><span class='ocrx_word' id='word_1_157' title='bbox 337 2559 537 2616; x_wconf 85' lang='lat' dir='ltr'>innocencius</span> <span class='ocrx_word' id='word_1_158' title='bbox 559 2559 724 2632; x_wconf 91' lang='lat' dir='ltr'>episcopus</span> <span class='ocrx_word' id='word_1_159' title='bbox 747 2572 854 2615; x_wconf 90' lang='lat' dir='ltr'>servus</span> <span class='ocrx_word' id='word_1_160' title='bbox 878 2572 1041 2615; x_wconf 91' lang='lat' dir='ltr'>servorum</span> <span class='ocrx_word' id='word_1_161' title='bbox 1057 2558 1114 2615; x_wconf 94' lang='lat' dir='ltr'>dei.</span> <span class='ocrx_word' id='word_1_162' title='bbox 1133 2558 1311 2616; x_wconf 91' lang='lat' dir='ltr'>Venerabili</span> <span class='ocrx_word' id='word_1_163' title='bbox 1327 2557 1416 2616; x_wconf 85' lang='lat' dir='ltr'>fratri</span> <span class='ocrx_word' id='word_1_164' title='bbox 1440 2553 1517 2636; x_wconf 89' lang='lat' dir='ltr'>(Ste-</span> 
     </span>
     <span class='ocr_line' id='line_1_21' title="bbox 168 2656 1517 2742; baseline -0.001 -19"><span class='ocrx_word' id='word_1_165' title='bbox 168 2673 177 2722; x_wconf 90' lang='grc'>.’</span> <span class='ocrx_word' id='word_1_166' title='bbox 250 2656 365 2742; x_wconf 86' lang='lat' dir='ltr'>phano)</span> <span class='ocrx_word' id='word_1_167' title='bbox 383 2666 529 2739; x_wconf 89' lang='lat' dir='ltr'>episcopo</span> <span class='ocrx_word' id='word_1_168' title='bbox 551 2664 741 2737; x_wconf 87' lang='lat' dir='ltr'>zagrabiensi</span> <span class='ocrx_word' id='word_1_169' title='bbox 765 2669 794 2720; x_wconf 91' lang='lat' dir='ltr'>et</span> <span class='ocrx_word' id='word_1_170' title='bbox 818 2663 939 2720; x_wconf 90' lang='lat' dir='ltr'>dilectis</span> <span class='ocrx_word' id='word_1_171' title='bbox 962 2662 1037 2721; x_wconf 90' lang='lat' dir='ltr'>filiis</span> <span class='ocrx_word' id='word_1_172' title='bbox 1060 2664 1198 2738; x_wconf 91' lang='lat' dir='ltr'>capitulo</span> <span class='ocrx_word' id='word_1_173' title='bbox 1212 2665 1412 2736; x_wconf 88' lang='lat' dir='ltr'>zagrabiensi,</span> <span class='ocrx_word' id='word_1_174' title='bbox 1436 2664 1517 2722; x_wconf 91' lang='lat' dir='ltr'>salu-</span> 
     </span>
     <span class='ocr_line' id='line_1_22' title="bbox 251 2769 1517 2844; baseline -0.002 -15"><span class='ocrx_word' id='word_1_175' title='bbox 251 2778 314 2829; x_wconf 89' lang='lat' dir='ltr'>tern</span> <span class='ocrx_word' id='word_1_176' title='bbox 337 2778 366 2829; x_wconf 91' lang='lat' dir='ltr'>et</span> <span class='ocrx_word' id='word_1_177' title='bbox 389 2770 593 2844; x_wconf 89' lang='lat' dir='ltr'>apostolicam</span> <span class='ocrx_word' id='word_1_178' title='bbox 617 2769 872 2827; x_wconf 88' lang='lat' dir='ltr'>benedictionem.</span> <span class='ocrx_word' id='word_1_179' title='bbox 902 2769 944 2827; x_wconf 90' lang='lat' dir='ltr'>Ut</span> <span class='ocrx_word' id='word_1_180' title='bbox 967 2769 1086 2841; x_wconf 91' lang='lat' dir='ltr'>gravati</span> <span class='ocrx_word' id='word_1_181' title='bbox 1109 2785 1203 2843; x_wconf 92' lang='lat' dir='ltr'>super</span> <span class='ocrx_word' id='word_1_182' title='bbox 1227 2771 1405 2843; x_wconf 87' lang='lat' dir='ltr'>provisione</span> <span class='ocrx_word' id='word_1_183' title='bbox 1428 2771 1517 2827; x_wconf 92' lang='lat' dir='ltr'>cleri·</span> 
     </span>
     <span class='ocr_line' id='line_1_23' title="bbox 251 2875 1515 2951; baseline -0.002 -16"><span class='ocrx_word' id='word_1_184' title='bbox 251 2893 368 2946; x_wconf 89' lang='lat' dir='ltr'>corum,</span> <span class='ocrx_word' id='word_1_185' title='bbox 386 2893 443 2951; x_wconf 87' lang='lat' dir='ltr'>per</span> <span class='ocrx_word' id='word_1_186' title='bbox 460 2875 565 2934; x_wconf 92' lang='lat' dir='ltr'>sedem</span> <span class='ocrx_word' id='word_1_187' title='bbox 589 2876 801 2950; x_wconf 84' lang='lat' dir='ltr'>apostolicam,</span> <span class='ocrx_word' id='word_1_188' title='bbox 818 2891 878 2947; x_wconf 91' lang='lat' dir='ltr'>que</span> <span class='ocrx_word' id='word_1_189' title='bbox 899 2881 1059 2948; x_wconf 88' lang='lat' dir='ltr'>tamquam</span> <span class='ocrx_word' id='word_1_190' title='bbox 1075 2877 1127 2949; x_wconf 93' lang='lat' dir='ltr'>pia</span> <span class='ocrx_word' id='word_1_191' title='bbox 1142 2881 1241 2933; x_wconf 91' lang='lat' dir='ltr'>mater</span> <span class='ocrx_word' id='word_1_192' title='bbox 1257 2876 1384 2933; x_wconf 90' lang='lat' dir='ltr'>illorum</span> <span class='ocrx_word' id='word_1_193' title='bbox 1407 2891 1515 2948; x_wconf 90' lang='lat' dir='ltr'>preces</span> 
     </span>
     <span class='ocr_line' id='line_1_24' title="bbox 252 2979 1518 3058; baseline -0.001 -18"><span class='ocrx_word' id='word_1_194' title='bbox 252 2985 438 3058; x_wconf 91' lang='lat' dir='ltr'>plerumque</span> <span class='ocrx_word' id='word_1_195' title='bbox 469 2997 530 3039; x_wconf 94' lang='lat' dir='ltr'>non</span> <span class='ocrx_word' id='word_1_196' title='bbox 563 2987 664 3055; x_wconf 91' lang='lat' dir='ltr'>potest</span> <span class='ocrx_word' id='word_1_197' title='bbox 691 2980 834 3038; x_wconf 87' lang='lat' dir='ltr'>indurata</span> <span class='ocrx_word' id='word_1_198' title='bbox 857 2979 933 3037; x_wconf 84' lang='lat' dir='ltr'>faeie</span> <span class='ocrx_word' id='word_1_199' title='bbox 957 2982 1159 3054; x_wconf 89' lang='lat' dir='ltr'>pertransire,</span> <span class='ocrx_word' id='word_1_200' title='bbox 1191 2995 1337 3054; x_wconf 89' lang='lat' dir='ltr'>peream</span> <span class='ocrx_word' id='word_1_201' title='bbox 1362 2981 1518 3039; x_wconf 91' lang='lat' dir='ltr'>interdum</span> 
     </span>
     <span class='ocr_line' id='line_1_25' title="bbox 253 3085 1517 3160; baseline -0.002 -13"><span class='ocrx_word' id='word_1_202' title='bbox 253 3089 383 3147; x_wconf 90' lang='lat' dir='ltr'>alicuius</span> <span class='ocrx_word' id='word_1_203' title='bbox 416 3088 615 3145; x_wconf 90' lang='lat' dir='ltr'>relevationis</span> <span class='ocrx_word' id='word_1_204' title='bbox 645 3087 756 3144; x_wconf 89' lang='lat' dir='ltr'>solatio</span> <span class='ocrx_word' id='word_1_205' title='bbox 786 3085 962 3158; x_wconf 85' lang='lat' dir='ltr'>gaudeatis,</span> <span class='ocrx_word' id='word_1_206' title='bbox 997 3087 1177 3143; x_wconf 88' lang='lat' dir='ltr'>auctoritate</span> <span class='ocrx_word' id='word_1_207' title='bbox 1207 3087 1297 3144; x_wconf 90' lang='lat' dir='ltr'>vobis</span> <span class='ocrx_word' id='word_1_208' title='bbox 1328 3088 1517 3160; x_wconf 90' lang='lat' dir='ltr'>presentium</span> 
     </span>
     <span class='ocr_line' id='line_1_26' title="bbox 251 3191 1519 3266; baseline -0.002 -14"><span class='ocrx_word' id='word_1_209' title='bbox 251 3194 466 3266; x_wconf 90' lang='lat' dir='ltr'>indulgemus:</span> <span class='ocrx_word' id='word_1_210' title='bbox 498 3199 532 3250; x_wconf 91' lang='lat' dir='ltr'>ut</span> <span class='ocrx_word' id='word_1_211' title='bbox 554 3194 592 3250; x_wconf 89' lang='lat' dir='ltr'>ad</span> <span class='ocrx_word' id='word_1_212' title='bbox 619 3193 826 3265; x_wconf 88' lang='lat' dir='ltr'>receptionem</span> <span class='ocrx_word' id='word_1_213' title='bbox 854 3208 906 3249; x_wconf 92' lang='lat' dir='ltr'>seu</span> <span class='ocrx_word' id='word_1_214' title='bbox 931 3191 1141 3265; x_wconf 90' lang='lat' dir='ltr'>provisionem</span> <span class='ocrx_word' id='word_1_215' title='bbox 1165 3192 1296 3249; x_wconf 90' lang='lat' dir='ltr'>alicuius</span> <span class='ocrx_word' id='word_1_216' title='bbox 1320 3207 1375 3265; x_wconf 91' lang='lat' dir='ltr'>per</span> <span class='ocrx_word' id='word_1_217' title='bbox 1397 3201 1519 3251; x_wconf 90' lang='lat' dir='ltr'>nostras</span> 
     </span>
     <span class='ocr_line' id='line_1_27' title="bbox 254 3297 1518 3373; baseline -0.001 -15"><span class='ocrx_word' id='word_1_218' title='bbox 254 3301 373 3358; x_wconf 90' lang='lat' dir='ltr'>litteras</span> <span class='ocrx_word' id='word_1_219' title='bbox 404 3300 572 3373; x_wconf 87' lang='lat' dir='ltr'>generales,</span> <span class='ocrx_word' id='word_1_220' title='bbox 603 3315 656 3356; x_wconf 89' lang='lat' dir='ltr'>seu</span> <span class='ocrx_word' id='word_1_221' title='bbox 681 3298 855 3370; x_wconf 88' lang='lat' dir='ltr'>legatorum</span> <span class='ocrx_word' id='word_1_222' title='bbox 886 3298 1056 3371; x_wconf 90' lang='lat' dir='ltr'>apostolice</span> <span class='ocrx_word' id='word_1_223' title='bbox 1079 3297 1160 3354; x_wconf 92' lang='lat' dir='ltr'>sedis</span> <span class='ocrx_word' id='word_1_224' title='bbox 1184 3298 1333 3371; x_wconf 91' lang='lat' dir='ltr'>compelli</span> <span class='ocrx_word' id='word_1_225' title='bbox 1355 3298 1394 3355; x_wconf 90' lang='lat' dir='ltr'>de</span> <span class='ocrx_word' id='word_1_226' title='bbox 1417 3305 1518 3357; x_wconf 89' lang='lat' dir='ltr'>cetero</span> 
     </span>
     <span class='ocr_line' id='line_1_28' title="bbox 252 3403 1519 3481; baseline -0.002 -15"><span class='ocrx_word' id='word_1_227' title='bbox 252 3423 313 3466; x_wconf 90' lang='lat' dir='ltr'>non</span> <span class='ocrx_word' id='word_1_228' title='bbox 337 3407 461 3481; x_wconf 90' lang='lat' dir='ltr'>possitis</span> <span class='ocrx_word' id='word_1_229' title='bbox 484 3405 581 3475; x_wconf 91' lang='lat' dir='ltr'>inviti,</span> <span class='ocrx_word' id='word_1_230' title='bbox 605 3420 665 3477; x_wconf 92' lang='lat' dir='ltr'>que</span> <span class='ocrx_word' id='word_1_231' title='bbox 688 3404 878 3474; x_wconf 88' lang='lat' dir='ltr'>indulgentie</span> <span class='ocrx_word' id='word_1_232' title='bbox 901 3403 1080 3461; x_wconf 91' lang='lat' dir='ltr'>huiusmodi</span> <span class='ocrx_word' id='word_1_233' title='bbox 1103 3419 1283 3476; x_wconf 88' lang='lat' dir='ltr'>expressam</span> <span class='ocrx_word' id='word_1_234' title='bbox 1305 3420 1364 3462; x_wconf 93' lang='lat' dir='ltr'>non</span> <span class='ocrx_word' id='word_1_235' title='bbox 1392 3405 1519 3463; x_wconf 83' lang='lat' dir='ltr'>iecerint</span> 
     </span>
     <span class='ocr_line' id='line_1_29' title="bbox 251 3511 1518 3584; baseline -0.002 -13"><span class='ocrx_word' id='word_1_236' title='bbox 251 3514 454 3571; x_wconf 91' lang='lat' dir='ltr'>mencionem.</span> <span class='ocrx_word' id='word_1_237' title='bbox 486 3511 573 3568; x_wconf 91' lang='lat' dir='ltr'>Nulli</span> <span class='ocrx_word' id='word_1_238' title='bbox 597 3526 671 3583; x_wconf 86' lang='lat' dir='ltr'>ergo</span> <span class='ocrx_word' id='word_1_239' title='bbox 694 3511 820 3568; x_wconf 92' lang='lat' dir='ltr'>omnino</span> <span class='ocrx_word' id='word_1_240' title='bbox 843 3511 1004 3567; x_wconf 90' lang='lat' dir='ltr'>hominum</span> <span class='ocrx_word' id='word_1_241' title='bbox 1030 3511 1120 3567; x_wconf 88' lang='lat' dir='ltr'>liceat</span> <span class='ocrx_word' id='word_1_242' title='bbox 1143 3511 1221 3567; x_wconf 89' lang='lat' dir='ltr'>hanc</span> <span class='ocrx_word' id='word_1_243' title='bbox 1244 3512 1391 3584; x_wconf 89' lang='lat' dir='ltr'>paginam</span> <span class='ocrx_word' id='word_1_244' title='bbox 1415 3518 1518 3569; x_wconf 88' lang='lat' dir='ltr'>nostre</span> 
     </span>
     <span class='ocr_line' id='line_1_30' title="bbox 254 3615 1517 3689; baseline -0.002 -12"><span class='ocrx_word' id='word_1_245' title='bbox 254 3619 458 3677; x_wconf 88' lang='lat' dir='ltr'>concessionis</span> <span class='ocrx_word' id='word_1_246' title='bbox 481 3617 657 3689; x_wconf 85' lang='lat' dir='ltr'>infringere,</span> <span class='ocrx_word' id='word_1_247' title='bbox 680 3618 732 3673; x_wconf 90' lang='lat' dir='ltr'>vel</span> <span class='ocrx_word' id='word_1_248' title='bbox 756 3618 783 3674; x_wconf 92' lang='lat' dir='ltr'>ei</span> <span class='ocrx_word' id='word_1_249' title='bbox 807 3632 882 3673; x_wconf 90' lang='lat' dir='ltr'>ausu</span> <span class='ocrx_word' id='word_1_250' title='bbox 907 3617 1072 3672; x_wconf 89' lang='lat' dir='ltr'>temerario</span> <span class='ocrx_word' id='word_1_251' title='bbox 1096 3616 1254 3673; x_wconf 90' lang='lat' dir='ltr'>contraire.</span> <span class='ocrx_word' id='word_1_252' title='bbox 1272 3615 1389 3689; x_wconf 90' lang='lat' dir='ltr'>Siquis</span> <span class='ocrx_word' id='word_1_253' title='bbox 1413 3622 1517 3674; x_wconf 90' lang='lat' dir='ltr'>autem</span> 
     </span>
     <span class='ocr_line' id='line_1_31' title="bbox 252 3722 1519 3797; baseline -0.004 -13"><span class='ocrx_word' id='word_1_254' title='bbox 252 3728 310 3784; x_wconf 92' lang='lat' dir='ltr'>hoc</span> <span class='ocrx_word' id='word_1_255' title='bbox 334 3731 518 3797; x_wconf 88' lang='lat' dir='ltr'>attemptare</span> <span class='ocrx_word' id='word_1_256' title='bbox 549 3724 779 3797; x_wconf 89' lang='lat' dir='ltr'>presumpserit</span> <span class='ocrx_word' id='word_1_257' title='bbox 811 3722 1058 3794; x_wconf 90' lang='lat' dir='ltr'>indignacionem</span> <span class='ocrx_word' id='word_1_258' title='bbox 1082 3723 1302 3794; x_wconf 90' lang='lat' dir='ltr'>omnipotentis</span> <span class='ocrx_word' id='word_1_259' title='bbox 1325 3722 1375 3779; x_wconf 92' lang='lat' dir='ltr'>dei</span> <span class='ocrx_word' id='word_1_260' title='bbox 1398 3729 1427 3780; x_wconf 92' lang='lat' dir='ltr'>et</span> <span class='ocrx_word' id='word_1_261' title='bbox 1447 3723 1519 3779; x_wconf 89' lang='lat' dir='ltr'>bea-</span> 
     </span>
     <span class='ocr_line' id='line_1_32' title="bbox 252 3829 1518 3914; baseline -0.002 -24"><span class='ocrx_word' id='word_1_262' title='bbox 252 3840 355 3890; x_wconf 91' lang='lat' dir='ltr'>torum</span> <span class='ocrx_word' id='word_1_263' title='bbox 381 3831 464 3888; x_wconf 88' lang='lat' dir='ltr'>Petri</span> <span class='ocrx_word' id='word_1_264' title='bbox 486 3838 515 3887; x_wconf 92' lang='lat' dir='ltr'>et</span> <span class='ocrx_word' id='word_1_265' title='bbox 540 3830 626 3887; x_wconf 90' lang='lat' dir='ltr'>Pauli</span> <span class='ocrx_word' id='word_1_266' title='bbox 649 3830 863 3903; x_wconf 89' lang='lat' dir='ltr'>apostolorum</span> <span class='ocrx_word' id='word_1_267' title='bbox 887 3831 952 3885; x_wconf 90' lang='lat' dir='ltr'>eius</span> <span class='ocrx_word' id='word_1_268' title='bbox 976 3845 1007 3886; x_wconf 91' lang='lat' dir='ltr'>se</span> <span class='ocrx_word' id='word_1_269' title='bbox 1021 3829 1151 3914; x_wconf 19' lang='lat' dir='ltr'>,noverit</span> <span class='ocrx_word' id='word_1_270' title='bbox 1175 3830 1378 3886; x_wconf 86' lang='lat' dir='ltr'>incursurum.</span> <span class='ocrx_word' id='word_1_271' title='bbox 1403 3829 1518 3887; x_wconf 87' lang='lat' dir='ltr'>Datum</span> 
     </span>
     <span class='ocr_line' id='line_1_33' title="bbox 251 3934 1267 4010; baseline -0.005 -15"><span class='ocrx_word' id='word_1_272' title='bbox 251 3937 397 4010; x_wconf 88' lang='lat' dir='ltr'>Lugduni</span> <span class='ocrx_word' id='word_1_273' title='bbox 424 3937 472 3994; x_wconf 93' lang='lat' dir='ltr'>VI.</span> <span class='ocrx_word' id='word_1_274' title='bbox 496 3950 591 3993; x_wconf 90' lang='lat' dir='ltr'>nonas</span> <span class='ocrx_word' id='word_1_275' title='bbox 615 3936 696 3998; x_wconf 87' lang='lat' dir='ltr'>maii.</span> <span class='ocrx_word' id='word_1_276' title='bbox 720 3934 919 3992; x_wconf 87' lang='lat' dir='ltr'>Pontificatus</span> <span class='ocrx_word' id='word_1_277' title='bbox 943 3935 1038 3991; x_wconf 88' lang='lat' dir='ltr'>nostri</span> <span class='ocrx_word' id='word_1_278' title='bbox 1062 3948 1142 3990; x_wconf 92' lang='lat' dir='ltr'>anno</span> <span class='ocrx_word' id='word_1_279' title='bbox 1166 3935 1267 3991; x_wconf 88' lang='lat' dir='ltr'>tercio.</span> 
     </span>
    </p>

    <p class='ocr_par' dir='ltr' id='par_1_7' title="bbox 252 4049 1514 4209">
     <span class='ocr_line' id='line_1_34' title="bbox 342 4049 1514 4118; baseline -0.002 -16"><span class='ocrx_word' id='word_1_280' title='bbox 342 4053 425 4102; x_wconf 87' lang='lat' dir='ltr'>Liber</span> <span class='ocrx_word' id='word_1_281' title='bbox 444 4052 534 4118; x_wconf 90' lang='lat' dir='ltr'>privil.</span> <span class='ocrx_word' id='word_1_282' title='bbox 555 4052 633 4116; x_wconf 88' lang='lat' dir='ltr'>episc.</span> <span class='ocrx_word' id='word_1_283' title='bbox 653 4067 722 4116; x_wconf 86' lang='lat' dir='ltr'>zagr.</span> <span class='ocrx_word' id='word_1_284' title='bbox 744 4049 788 4100; x_wconf 86' lang='lat' dir='ltr'>fol.</span> <span class='ocrx_word' id='word_1_285' title='bbox 809 4052 849 4102; x_wconf 83' lang='lat'>82.</span> <span class='ocrx_word' id='word_1_286' title='bbox 873 4051 957 4117; x_wconf 79' lang='lat' dir='ltr'>Typis</span> <span class='ocrx_word' id='word_1_287' title='bbox 983 4050 1104 4115; x_wconf 81' lang='lat' dir='ltr'>vulgavit</span> <span class='ocrx_word' id='word_1_288' title='bbox 1128 4052 1201 4116; x_wconf 87' lang='lat' dir='ltr'>Joan.</span> <span class='ocrx_word' id='word_1_289' title='bbox 1227 4050 1341 4100; x_wconf 78' lang='lat' dir='ltr'>Tkaldic&#39;.</span> <span class='ocrx_word' id='word_1_290' title='bbox 1363 4051 1433 4103; x_wconf 83' lang='lat' dir='ltr'>Mon.</span> <span class='ocrx_word' id='word_1_291' title='bbox 1453 4052 1514 4101; x_wconf 89' lang='lat' dir='ltr'>hist.</span> 
     </span>
     <span class='ocr_line' id='line_1_35' title="bbox 252 4141 610 4209; baseline -0.011 -16"><span class='ocrx_word' id='word_1_292' title='bbox 252 4144 330 4209; x_wconf 89' lang='lat' dir='ltr'>episc.</span> <span class='ocrx_word' id='word_1_293' title='bbox 351 4158 422 4208; x_wconf 85' lang='lat' dir='ltr'>zagr.</span> <span class='ocrx_word' id='word_1_294' title='bbox 441 4159 465 4191; x_wconf 91' lang='lat' dir='ltr'>v.</span> <span class='ocrx_word' id='word_1_295' title='bbox 486 4141 504 4190; x_wconf 90' lang='lat'>1.</span> <span class='ocrx_word' id='word_1_296' title='bbox 524 4157 549 4206; x_wconf 91' lang='lat' dir='ltr'>p.</span> <span class='ocrx_word' id='word_1_297' title='bbox 570 4141 610 4191; x_wconf 84' lang='lat'>86.</span> 
     </span>
    </p>
   </div>
   <div class='ocr_carea' id='block_1_7' title="bbox 853 4265 914 4329">
    <p class='ocr_par' dir='ltr' id='par_1_8' title="bbox 853 4265 914 4329">
     <span class='ocr_line' id='line_1_36' title="bbox 853 4265 914 4329; baseline -0.016 0"><span class='ocrx_word' id='word_1_298' title='bbox 853 4265 914 4329; x_wconf 81' lang='lat'>23.</span> 
     </span>
    </p>
   </div>
   <div class='ocr_carea' id='block_1_8' title="bbox 358 4316 778 4381">
    <p class='ocr_par' dir='ltr' id='par_1_9' title="bbox 358 4316 778 4381">
     <span class='ocr_line' id='line_1_37' title="bbox 358 4316 778 4381; baseline -0.007 -14"><span class='ocrx_word' id='word_1_299' title='bbox 358 4322 408 4367; x_wconf 85' lang='lat' dir='ltr'>An.</span> <span class='ocrx_word' id='word_1_300' title='bbox 424 4326 496 4379; x_wconf 81' lang='lat'>1247.</span> <span class='ocrx_word' id='word_1_301' title='bbox 511 4326 548 4366; x_wconf 88' lang='lat' dir='ltr'>ll.</span> <span class='ocrx_word' id='word_1_302' title='bbox 560 4325 625 4381; x_wconf 89' lang='lat' dir='ltr'>sept.</span> <span class='ocrx_word' id='word_1_303' title='bbox 640 4316 669 4365; x_wconf 94' lang='lat' dir='ltr'>In</span> <span class='ocrx_word' id='word_1_304' title='bbox 679 4317 778 4365; x_wconf 87' lang='lat' dir='ltr'>Zoium.</span> 
     </span>
    </p>
   </div>
   <div class='ocr_carea' id='block_1_9' title="bbox 253 4427 1520 4607">
    <p class='ocr_par' dir='ltr' id='par_1_10' title="bbox 253 4427 1520 4607">
     <span class='ocr_line' id='line_1_38' title="bbox 253 4427 1520 4501; baseline -0.002 -16"><span class='ocrx_word' id='word_1_305' title='bbox 253 4430 328 4485; x_wconf 84' lang='lat' dir='ltr'>Bela</span> <span class='ocrx_word' id='word_1_306' title='bbox 352 4428 407 4485; x_wconf 89' lang='lat' dir='ltr'>IV.</span> <span class='ocrx_word' id='word_1_307' title='bbox 432 4427 611 4499; x_wconf 76' lang='lat' dir='ltr'>Hungariae</span> <span class='ocrx_word' id='word_1_308' title='bbox 633 4434 680 4484; x_wconf 81' lang='lat' dir='ltr'>etc.</span> <span class='ocrx_word' id='word_1_309' title='bbox 706 4445 759 4482; x_wconf 81' lang='lat' dir='ltr'>rex</span> <span class='ocrx_word' id='word_1_310' title='bbox 782 4427 893 4500; x_wconf 73' lang='lat' dir='ltr'>confert</span> <span class='ocrx_word' id='word_1_311' title='bbox 910 4428 1037 4499; x_wconf 66' lang='lat' dir='ltr'>capitulo</span> <span class='ocrx_word' id='word_1_312' title='bbox 1060 4427 1244 4499; x_wconf 76' lang='lat' dir='ltr'>zagrabiensi</span> <span class='ocrx_word' id='word_1_313' title='bbox 1260 4437 1378 4484; x_wconf 72' lang='lat' dir='ltr'>triantem</span> <span class='ocrx_word' id='word_1_314' title='bbox 1401 4427 1520 4501; x_wconf 82' lang='lat' dir='ltr'>Gradya</span> 
     </span>
     <span class='ocr_line' id='line_1_39' title="bbox 371 4531 1403 4607; baseline 0 -17"><span class='ocrx_word' id='word_1_315' title='bbox 371 4535 456 4590; x_wconf 81' lang='lat' dir='ltr'>iuxta</span> <span class='ocrx_word' id='word_1_316' title='bbox 480 4531 667 4604; x_wconf 81' lang='lat' dir='ltr'>Zagrabt’am,</span> <span class='ocrx_word' id='word_1_317' title='bbox 691 4540 724 4589; x_wconf 82' lang='lat' dir='ltr'>u!</span> <span class='ocrx_word' id='word_1_318' title='bbox 745 4531 786 4587; x_wconf 77' lang='lat' dir='ltr'>lbi</span> <span class='ocrx_word' id='word_1_319' title='bbox 806 4532 941 4606; x_wconf 77' lang='lat' dir='ltr'>aedificia</span> <span class='ocrx_word' id='word_1_320' title='bbox 964 4540 1098 4590; x_wconf 82' lang='lat' dir='ltr'>exstruat</span> <span class='ocrx_word' id='word_1_321' title='bbox 1118 4534 1263 4607; x_wconf 82' lang='lat' dir='ltr'>locumque</span> <span class='ocrx_word' id='word_1_322' title='bbox 1285 4536 1403 4590; x_wconf 76' lang='lat' dir='ltr'>itiuniut.</span> 
     </span>
    </p>
   </div>
   <div class='ocr_carea' id='block_1_10' title="bbox 257 4676 1522 4860">
    <p class='ocr_par' dir='ltr' id='par_1_11' title="bbox 257 4676 1522 4860">
     <span class='ocr_line' id='line_1_40' title="bbox 343 4676 1519 4750; baseline -0.001 -14"><span class='ocrx_word' id='word_1_323' title='bbox 343 4678 416 4736; x_wconf 90' lang='lat' dir='ltr'>Bela</span> <span class='ocrx_word' id='word_1_324' title='bbox 432 4677 482 4734; x_wconf 92' lang='lat' dir='ltr'>dei</span> <span class='ocrx_word' id='word_1_325' title='bbox 505 4677 604 4749; x_wconf 86' lang='lat' dir='ltr'>gratia</span> <span class='ocrx_word' id='word_1_326' title='bbox 627 4677 794 4750; x_wconf 88' lang='lat' dir='ltr'>Hungarie,</span> <span class='ocrx_word' id='word_1_327' title='bbox 809 4676 980 4747; x_wconf 88' lang='lat' dir='ltr'>Dalmacie,</span> <span class='ocrx_word' id='word_1_328' title='bbox 997 4677 1155 4747; x_wconf 88' lang='lat' dir='ltr'>Chroacie‚</span> <span class='ocrx_word' id='word_1_329' title='bbox 1179 4678 1285 4748; x_wconf 90' lang='lat' dir='ltr'>Rame,</span> <span class='ocrx_word' id='word_1_330' title='bbox 1309 4678 1423 4750; x_wconf 89' lang='lat' dir='ltr'>Seruie,</span> <span class='ocrx_word' id='word_1_331' title='bbox 1445 4678 1519 4736; x_wconf 86' lang='lat' dir='ltr'>Gal-</span> 
     </span>
     <span class='ocr_line' id='line_1_41' title="bbox 257 4781 1522 4860; baseline 0.002 -20"><span class='ocrx_word' id='word_1_332' title='bbox 257 4783 336 4856; x_wconf 91' lang='lat' dir='ltr'>licie,</span> <span class='ocrx_word' id='word_1_333' title='bbox 369 4782 562 4852; x_wconf 88' lang='lat' dir='ltr'>Lodomerie‚</span> <span class='ocrx_word' id='word_1_334' title='bbox 591 4781 803 4856; x_wconf 86' lang='lat' dir='ltr'>Cumanieque</span> <span class='ocrx_word' id='word_1_335' title='bbox 833 4798 896 4840; x_wconf 85' lang='lat' dir='ltr'>rex.</span> <span class='ocrx_word' id='word_1_336' title='bbox 928 4782 1088 4842; x_wconf 87' lang='lat' dir='ltr'>Universis</span> <span class='ocrx_word' id='word_1_337' title='bbox 1119 4782 1235 4841; x_wconf 88' lang='lat' dir='ltr'>Christi</span> <span class='ocrx_word' id='word_1_338' title='bbox 1264 4783 1420 4856; x_wconf 88' lang='lat' dir='ltr'>fidelibus,</span> <span class='ocrx_word' id='word_1_339' title='bbox 1450 4801 1522 4860; x_wconf 89' lang='lat' dir='ltr'>pre·</span> 
     </span>
    </p>
   </div>
   <div class='ocr_carea' id='block_1_11' title="bbox 0 0 1752 5242">
    <p class='ocr_par' dir='ltr' id='par_1_12' title="bbox 0 0 1752 5242">
     <span class='ocr_line' id='line_1_42' title="bbox 0 0 1752 5242; baseline 0 0"><span class='ocrx_word' id='word_1_340' title='bbox 0 0 1752 5242; x_wconf 95' lang='lat' dir='ltr'> </span> 
     </span>
    </p>
   </div>
  </div>
 </body>
</html>
