3488 5242
635 324 708 382 Doc.
733 338 803 400 203.
831 358 867 366 —
894 325 949 382 An.
974 319 1064 401 1346.
1422 330 1477 388 181

220 523 330 588 ciones,
354 522 578 593 inquisiciones‚
604 522 872 579 reambulaciones
896 534 924 580 et
948 525 1132 581 statucioncs
1163 525 1391 597 possessionum
1416 541 1486 583 con·

219 628 394 697 tinentibus,
419 627 509 684 nobis
532 626 665 697 directis,
689 628 856 685 honorifice
880 629 1036 702 susceptis,
1061 645 1193 686 unacum
1217 629 1329 698 Adam,
1353 629 1419 688 filio
1434 632 1485 714 Ja-

219 735 289 790 cobi
313 734 351 790 de
375 733 556 803 Glaunicha,
589 735 713 791 homine
743 735 881 792 eiusdem
913 735 1031 793 domini
1064 737 1161 793 nostri
1192 736 1282 809 regis
1313 736 1344 792 in
1367 736 1484 794 eisdem

221 840 331 896 litteris
355 841 478 909 insert0,
502 839 667 897 discretum
694 841 797 897 virum
821 840 981 898 dominum
1000 841 1133 912 Petrum,
1151 841 1400 899 archidiaconum
1424 832 1485 899 sas-

222 946 402 1002 wariensem
427 946 456 1002 in
482 946 609 1003 ecclesia
635 952 746 1016 nostra,
778 947 935 1004 hominem
968 954 1117 1017 nostrum,
1149 963 1206 1020 pro
1238 949 1414 1006 testimonio
1446 948 1483 1004 ad

220 1050 415 1123 infrascripta
439 1050 572 1108 fideliter
589 1052 784 1124 exsequenda
802 1053 1084 1110 transmisissemus.
1102 1052 1242 1110 Tandem
1263 1052 1355 1110 iidem
1374 1053 1413 1110 ad
1430 1068 1485 1110 nos

220 1157 336 1214 reversi
360 1157 449 1213 nobis
473 1157 665 1214 concorditer
687 1158 858 1216 retulerunt
890 1160 919 1216 in
944 1159 1024 1215 hunc
1052 1159 1197 1218 modum:
1222 1160 1304 1233 quod
1329 1176 1399 1217 cum
1424 1161 1484 1234 ipsi

221 1261 403 1334 Zagrabiam
428 1263 624 1319 accessissent
649 1264 754 1335 ibique
785 1265 814 1320 in
847 1270 948 1322 castro
979 1263 1125 1322 Grecensi
1150 1273 1179 1322 et
1202 1272 1289 1323 extra
1313 1266 1485 1335 existentes,

220 1367 270 1423 die
294 1366 360 1436 fori,
387 1367 462 1424 seria
485 1367 619 1425 secunda
643 1368 787 1426 videlicet
811 1375 882 1442 post
905 1370 1093 1428 dominicam
1109 1372 1209 1440 Oculi,
1227 1371 1351 1444 quando
1367 1372 1484 1429 scilicet

219 1483 444 1531 consueverunt
468 1475 573 1530 venire
595 1474 633 1530 ad
659 1474 762 1531 forum
787 1475 916 1548 plurimi
938 1476 976 1533 de
1001 1477 1168 1549 provinciis
1191 1478 1376 1550 propinquis
1391 1487 1421 1534 et
1438 1494 1483 1534 re·

220 1580 321 1649 motis,
345 1579 510 1650 diligenter
534 1581 770 1652 inquisicionem
788 1580 928 1638 iaciendo
951 1598 969 1638 a
991 1582 1111 1639 clericis
1134 1587 1165 1639 et
1187 1598 1205 1639 a
1228 1583 1334 1655 laycis,
1356 1598 1374 1639 a
1398 1584 1485 1640 nobi-

220 1686 302 1743 libus
326 1692 356 1742 et
380 1686 570 1757 ignobilibus
594 1693 623 1742 et
646 1687 686 1743 ab
710 1687 820 1743 allisa
843 1687 956 1759 quibus
981 1686 1083 1744 decuit
1106 1696 1135 1744 et
1160 1672 1246 1746 licuit
1265 1694 1295 1746 et
1311 1689 1486 1762 specialiter

218 1792 258 1848 ab
281 1792 438 1863 aliquibus
455 1793 632 1864 pocioribus
649 1794 769 1850 civibus
786 1792 993 1850 Grecensibus
1009 1794 1205 1851 rescivissent
1227 1794 1482 1852 certitudinaliter

218 1899 297 1954 inter
320 1904 435 1954 cetera:
460 1896 542 1969 quod
569 1899 719 1956 tributum
745 1900 857 1956 montis
880 1898 1050 1969 Grecensis‚
1075 1899 1232 1972 Zagrabie,
1250 1901 1398 1957 cumsuis
1414 1917 1483 1974 per·

218 2004 356 2060 tinenciis
380 2003 417 2059 de
442 2002 525 2073 foris
557 2004 728 2076 capitulum
760 2004 957 2076 zagrabiense
988 2021 1006 2061 a
1039 2011 1177 2078 tempore
1201 2006 1287 2062 cuius
1317 2021 1375 2062 non
1400 2011 1484 2064 extat

220 2109 369 2165 memoria
393 2126 430 2165 ex
455 2110 624 2167 collacione
647 2125 756 2181 regum
781 2110 938 2182 Hungarie
962 2112 1162 2184 optinuerunt
1184 2120 1214 2169 et
1235 2112 1417 2184 optinebant
1440 2120 1483 2170 to-

218 2216 328 2285 taliter,
354 2223 456 2287 preter
481 2216 667 2273 tricesimam
692 2217 870 2288 reginalem,
895 2223 924 2274 et
948 2232 1071 2290 semper
1095 2215 1155 2274 fuit
1179 2233 1303 2291 presens
1328 2218 1481 2277 tributum

218 2321 312 2379 modo
336 2320 532 2395 infrascripto
556 2330 737 2395 perceptum
761 2328 790 2379 et
814 2323 1045 2396 percipiebatur
1069 2328 1140 2380 tunc
1166 2339 1223 2396 per
1239 2322 1408 2396 Georgium
1425 2326 1484 2382 vil·

221 2429 325 2491 licum,
350 2429 548 2485 tributarium
572 2429 669 2501 ipsius
693 2429 829 2501 capituli,
851 2429 904 2500 qui
928 2430 958 2485 in
982 2444 1074 2485 manu
1098 2445 1153 2486 sua
1172 2430 1319 2502 portabat
1342 2438 1484 2503 quartam

219 2533 414 2607 infrascripta
438 2535 652 2605 continentem,
682 2533 721 2591 de
751 2534 844 2591 rebus
876 2542 947 2591 tunc
970 2536 1211 2605 occurrentibus,
1235 2537 1323 2593 salvo
1347 2537 1483 2609 quodam

218 2640 335 2696 tributo
358 2640 399 2695 ab
415 2640 572 2711 aliquibus
596 2641 771 2697 novissimis
789 2642 983 2714 temporibus
999 2640 1148 2711 ordinato,
1166 2640 1348 2713 lylarchyna
1364 2650 1482 2714 vocato,

217 2746 293 2813 solo,
317 2745 399 2817 quod
417 2760 475 2818 pro
491 2745 612 2802 civibus
628 2745 835 2804 Grecensibus
858 2747 1095 2820 percipiebatur.
1113 2746 1162 2803 Ad
1178 2748 1367 2805 solucionem
1388 2749 1483 2822 igitur

218 2852 316 2924 ipsius
339 2852 447 2929 tributi
480 2851 624 2909 dixerunt
655 2868 686 2909 se
717 2853 877 2910 rescivisse
907 2867 1014 2910 omnes
1038 2860 1068 2909 et
1091 2853 1229 2924 singulos
1259 2856 1363 2924 teneri,
1388 2857 1482 2928 quia

218 2959 374 3015 solucione
409 2958 547 3015 eiusdem
580 2960 686 3030 vigore
717 2960 793 3016 iuris
824 2960 962 3016 canonici
992 2960 1044 3015 vel
1075 2959 1176 3016 civilis
1207 2966 1260 3016 aut
1291 2976 1346 3034 per
1378 2963 1482 3034 regale

217 3065 418 3137 privilegium
442 3072 617 3122 emanatum
642 3070 712 3122 ante
735 3065 937 3123 collaciouem
960 3067 1058 3139 ipsius
1080 3065 1192 3123 factam
1216 3065 1316 3123 eidem
1337 3069 1482 3141 capitulo,

216 3171 426 3243 reperirentur
449 3173 593 3243 exempti.
618 3171 728 3228 Modus
752 3179 856 3228 autem
883 3172 1054 3229 exaccionis
1078 3173 1176 3245 ipsius
1198 3172 1317 3232 tributi.
1340 3181 1374 3230 ut
1397 3173 1481 3231 dixe·

216 3282 296 3346 runt,
328 3277 399 3333 talis
430 3283 513 3333 erat:
538 3277 621 3349 quod
653 3276 798 3334 videlicet
829 3276 867 3334 de
897 3277 1026 3349 singulis
1058 3277 1200 3334 curribus
1230 3278 1386 3356 ballarum
1409 3295 1482 3337 cum

217 3384 373 3440 mercibus
400 3385 541 3452 oneratis,
572 3398 632 3440 non
664 3383 824 3455 disligatis,
845 3382 995 3455 Zagrabie
1019 3383 1256 3455 transeuntibus,
1284 3399 1481 3458 quocumque

217 3498 246 3546 et
270 3489 485 3561 undecumque
508 3505 565 3562 per
589 3490 779 3547 territorium
806 3491 945 3562 ipsorum
977 3488 1179 3546 Grecensium
1203 3490 1254 3545 vel
1279 3490 1376 3562 ipsius
1399 3491 1481 3564 capi-

218 3597 273 3652 tuli
298 3611 397 3668 prope
420 3594 613 3667 Zagrabiam,
642 3594 794 3652 debentur
825 3596 996 3653 tributariis
1027 3596 1125 3668 ipsius
1156 3595 1283 3669 capituli
1315 3595 1480 3654 duodecim

216 3701 333 3759 denarii
358 3702 491 3770 banales‚
516 3717 639 3773 semper
658 3700 921 3773 subintelligendo
937 3700 976 3758 de
991 3700 1169 3758 huiusmodi
1186 3699 1329 3770 denariis,
1345 3716 1481 3773 quorum

217 3809 410 3881 septuaginta
441 3807 480 3864 ad
513 3808 584 3880 plus
614 3808 738 3864 valeant
768 3807 807 3864 de
837 3822 917 3881 puro
947 3822 1031 3877 auro,
1063 3806 1215 3864 florenum
1240 3807 1291 3863 rel
1324 3806 1479 3866 ducatum.

216 3915 357 3986 Erigitur
384 3914 481 3970 eciam
512 3915 664 3970 tributum
695 3912 802 3971 ordine
832 3912 960 3970 inferius
990 3912 1135 3970 distincto
1169 3912 1207 3970 de
1239 3914 1427 3970 animalibus
1451 3922 1481 3971 et

216 4022 309 4077 rebus
332 4022 402 4077 aliis
425 4021 596 4089 venalibus,
621 4036 681 4092 que
706 4027 863 4077 transeunt
886 4019 939 4076 vel
962 4018 1115 4076 ducuntur
1138 4035 1195 4093 per
1218 4017 1412 4091 Zagrabyam
1428 4021 1480 4077 rel

217 4128 297 4183 circa
321 4141 525 4198 quocumque,
550 4142 674 4199 semper
697 4132 800 4183 tamen
820 4127 926 4197 previa
949 4126 1078 4183 racione.
1096 4125 1181 4193 Item,
1198 4125 1237 4183 de
1254 4127 1397 4183 curribus
1414 4127 1480 4183 bal-

217 4234 326 4302 iarum,
360 4250 419 4304 que
450 4233 605 4289 ducuntur
635 4232 673 4289 ad
706 4240 844 4290 montem
876 4232 1062 4290 Grecensem
1090 4233 1156 4289 sive
1180 4239 1325 4302 castrum,
1346 4248 1481 4305 quorum

218 4354 334 4396 merces
360 4340 409 4395 vel
434 4355 471 4395 ex
495 4340 538 4395 eis
561 4339 665 4411 alique
695 4338 869 4396 vendicioni
900 4343 1104 4411 exponuntur,
1128 4338 1282 4395 tributum
1304 4338 1362 4395 hoc
1385 4337 1480 4396 modo

217 4446 297 4501 solvi
322 4446 488 4513 consvevit,
512 4445 615 4517 primo
638 4444 790 4514 videlicet,
814 4443 852 4501 de
875 4444 1005 4516 singulis
1027 4443 1123 4516 peciis
1147 4443 1240 4516 panni
1264 4443 1396 4514 scarleti,
1416 4458 1480 4501 me·

216 4550 285 4607 dius
310 4550 387 4607 ferto
411 4552 481 4622 puri
505 4551 631 4622 argenti.
656 4551 741 4619 Item,
763 4549 801 4606 de
823 4550 932 4623 pannis
955 4549 1025 4606 aliis
1051 4549 1103 4606 vel
1119 4549 1213 4606 rebus
1231 4549 1480 4622 quibuscumque

217 4663 246 4712 et
269 4657 299 4712 in
323 4671 519 4728 quocumque
542 4657 708 4714 consistant
723 4671 777 4712 seu
793 4656 1014 4727 cuiuscumque
1030 4655 1126 4729 precii
1141 4656 1282 4725 existant,
1306 4656 1480 4713 communis

217 4761 374 4818 estimacio
397 4760 535 4834 precedit
558 4763 589 4818 in
614 4761 683 4819 loco
703 4761 893 4819 vendicionis
909 4766 1096 4836 competens,
1112 4776 1174 4834 qua
1189 4759 1278 4831 facta,
1294 4759 1334 4818 de
1349 4760 1480 4833 singulis
