3488 5242
283 332 347 392 400
704 317 778 375 Doc.
801 329 870 395 415.
898 351 934 360 -
960 318 1017 377 An.
1041 332 1132 396 1399.

282 512 349 568 vice
372 518 402 569 et
429 513 460 571 in
492 514 632 587 personis
662 514 780 584 iudicis
813 516 983 573 iuratorum
1016 525 1046 573 et
1076 519 1292 576 universorum
1323 519 1440 576 civium
1469 520 1549 578 dicte

281 617 415 675 civitatis
439 619 553 676 montis
577 619 760 677 Grechensis
784 621 874 678 nobis
898 637 954 694 per
978 621 1106 680 modum
1124 624 1358 696 protestacionis
1381 629 1411 681 et
1433 625 1545 682 inhibi-

281 723 377 781 cionis
399 724 573 796 significare
605 726 735 795 curavit,
766 724 924 798 quomodo
955 729 1096 799 magistri
1128 729 1313 787 laurencius
1336 736 1366 787 et
1390 730 1543 799 Nicolaus‚

280 829 338 887 tilii
362 828 512 902 Nicholai‚
538 831 611 889 dicti
632 831 744 903 Thoth,
768 832 806 888 de
823 832 1022 904 Zomzeduar,
1047 833 1084 891 ad
1111 834 1262 908 quasdam
1286 837 1379 893 villas
1401 836 1481 894 dicte
1504 837 1546 894 ci-

280 936 385 993 vitatis
409 937 580 1009 Petrouina,
597 938 737 996 Hrascha
759 946 789 996 et
811 937 1012 1011 Silyakouina
1035 934 1225 1014 nuncupatas
1245 942 1405 1013 veniendo,
1422 943 1545 1001 easdem

279 1058 393 1116 prose
417 1045 493 1118 ipsis
516 1045 618 1103 minus
642 1045 720 1103 iuste
744 1051 774 1103 et
798 1045 933 1103 indebite
956 1060 1064 1118 ymmo
1087 1047 1304 1121 potencialiter
1334 1054 1543 1123 occupassent,

279 1155 505 1223 occupatosque
529 1150 701 1208 detinerent
723 1156 752 1208 et
776 1151 815 1208 de
847 1150 963 1209 eisdem
994 1157 1161 1223 uterentur,
1193 1151 1310 1210 tructus
1334 1161 1364 1211 et
1387 1155 1544 1227 quoslibet

279 1261 448 1327 proventus
471 1257 609 1331 ipsarum
634 1272 693 1332 pro
715 1273 763 1319 se,
770 1256 970 1332 percipiendo
994 1265 1023 1314 et
1046 1259 1166 1332 percipi
1182 1257 1332 1329 faciendo,
1355 1261 1482 1334 propria
1500 1261 1546 1334 ip·

278 1376 383 1420 sorum
411 1363 552 1436 potencia
576 1363 738 1434 mediante,
763 1365 793 1421 iu
818 1364 1023 1439 preiudicium
1047 1364 1202 1422 dictorum
1230 1364 1347 1436 iudicis,
1373 1366 1544 1423 iuratorum

278 1484 313 1525 ac
336 1470 553 1527 universorum
578 1471 693 1528 civium
717 1470 894 1545 supradicte
916 1471 1057 1528 civitatis.
1077 1470 1166 1529 Unde
1183 1470 1263 1528 facta
1278 1471 1455 1528 huiusmodi
1471 1487 1544 1544 pro·

281 1575 453 1647 testacione‚
487 1576 625 1650 prefatus
660 1575 833 1650 Stephanus
869 1577 1021 1634 litteratus
1056 1592 1112 1634 suo
1146 1585 1175 1634 et
1210 1577 1396 1648 nominibus,
1430 1578 1544 1650 quibus

277 1696 379 1754 supra,
405 1686 592 1739 memoratos
624 1683 789 1754 magistros
820 1683 1022 1740 Laurencium
1054 1688 1084 1740 et
1115 1682 1286 1752 Nicolaum,
1318 1683 1390 1740 item
1415 1682 1543 1757 Stepha-

276 1804 360 1858 num,
384 1787 486 1845 filium
510 1789 585 1846 dicti
608 1790 749 1862 magistri
782 1789 942 1846 Laurencii
973 1795 1003 1847 et
1034 1789 1221 1859 Ladislaum‚
1252 1787 1352 1846 filium
1378 1789 1451 1846 dicti
1480 1804 1544 1845 ma·

275 1895 363 1967 gistri
387 1894 515 1966 Nicolai,
539 1911 656 1953 necnon
688 1894 849 1953 dominum
881 1895 1090 1954 Cristoiorum
1122 1895 1316 1968 prepositum
1345 1894 1383 1951 de
1406 1894 1543 1966 Glogon·

274 2002 341 2070 cha,
366 2000 495 2059 fratrem
518 2001 700 2059 eorumdem
733 2001 951 2073 magistrorum
984 2000 1143 2058 Laurencii
1174 2006 1204 2057 et
1234 1999 1352 2056 Nicolai
1377 2001 1540 2066 uterinum,

274 2106 315 2163 ab
339 2108 543 2181 occupacione
574 2113 604 2164 et
636 2107 813 2165 detencione
845 2107 996 2164 dictarum
1030 2107 1180 2163 villarum
1204 2106 1376 2174 Petrouina,
1401 2105 1540 2163 llrascha

273 2218 303 2270 et
327 2212 527 2285 Silyakouina
550 2218 581 2270 et
602 2214 680 2270 alios
704 2213 831 2286 quosvis
860 2228 893 2269 se
924 2213 953 2269 in
985 2212 1108 2268 easdem
1140 2211 1362 2284 quoquomodo
1386 2211 1541 2268 intromis-

273 2321 358 2377 sione
382 2318 470 2377 factis
501 2320 551 2376 vel
583 2319 693 2377 fiendis
724 2319 885 2393 prohibuit
916 2317 1154 2374 contradicendo
1186 2324 1215 2374 et
1246 2316 1431 2374 contradixit
1464 2316 1541 2373 inhi-

274 2425 377 2482 bendo
400 2441 504 2482 coram
528 2426 618 2482 nobis
642 2425 818 2482 testimonio
843 2424 1035 2497 presencium
1061 2422 1222 2479 mediante.
1248 2423 1362 2480 Datum
1379 2421 1539 2494 Zagrabie‚

273 2532 367 2589 tercio
391 2531 441 2587 die
465 2530 535 2588 sesti
567 2531 735 2588 nativitatis
759 2531 840 2588 beati
863 2531 1011 2613 Johannis
1035 2530 1176 2603 baptiste.
1208 2530 1298 2585 Anno
1324 2527 1442 2584 domini
1467 2527 1537 2584 mil-

274 2638 383 2694 lesimo
406 2637 484 2693 CCC
507 2638 706 2708 nonagesimo
730 2651 819 2694 noun.

362 2754 501 2820 Originale
525 2753 550 2802 in
576 2754 673 2804 charta.
698 2758 721 2803 A
747 2761 822 2821 tergo
849 2755 975 2820 impressa
995 2710 1101 2803 fuerunt
1120 2754 1172 2804 iria
1191 2754 1287 2818 sigilla.
1309 2754 1338 2802 In
1362 2753 1471 2802 archivo
1491 2752 1537 2801 lib.

272 2859 326 2908 reg.
352 2841 423 2892 civit.
444 2842 628 2907 zagra‘niensis.

862 3020 945 3085 415.

376 3127 452 3174 Auno
475 3133 547 3188 1399.
571 3132 608 3179 17.
629 3125 752 3190 Augusti.

301 3255 455 3329 johannes
478 3261 580 3311 cantor
600 3254 661 3310 eccl.
686 3252 802 3326 zograb.
825 3258 925 3308 contra
948 3252 1105 3324 episopum
1128 3249 1330 3306 Eberhardum
1352 3247 1386 3304 dc
1409 3254 1503 3303 castro

395 3360 522 3418 Medved
541 3357 598 3418 siti
617 3367 645 3415 et
661 3360 801 3433 familior
822 3376 892 3415 suae
914 3376 933 3412 a
956 3376 1022 3430 rege
1043 3357 1199 3413 condonato
1229 3361 1412 3428 protestatur.

357 3506 420 3562 Nos
451 3506 624 3579 capitulum
655 3505 783 3562 ecclesie
814 3504 956 3561 albensis
989 3503 1137 3558 llemorie
1163 3499 1425 3567 commendamus,
1450 3495 1532 3569 quod

269 3611 460 3669 honorabilis
494 3613 550 3680 vir,
581 3610 725 3668 dominus
754 3611 888 3692 Joannes
911 3616 1017 3666 cantor
1040 3614 1069 3664 et
1093 3606 1256 3663 canonicus
1279 3604 1406 3661 ecclesie
1429 3617 1533 3674 zagru-

267 3717 391 3787 biensis,
417 3716 553 3790 predicte
576 3716 783 3788 zagrabiensis
807 3715 935 3772 ecclesie
958 3725 987 3770 et
1012 3714 1108 3770 tocius
1132 3710 1261 3784 capituli
1281 3709 1418 3765 eiusdem
1435 3708 1533 3764 nomi·

268 3823 361 3879 nibus
383 3828 412 3879 et
436 3823 466 3880 in
488 3823 628 3896 personis
650 3837 755 3879 coram
770 3821 860 3878 nobis
876 3820 1081 3894 personaliter
1096 3815 1314 3889 comparendO,
1331 3831 1387 3887 per
1404 3813 1533 3869 modum

269 3928 502 4001 protestacionis
514 3933 544 3985 et
561 3927 757 3984 iuhibicionis
772 3927 862 3983 nobis
878 3925 1052 3998 significare
1064 3924 1192 3991 curavit,
1206 3920 1363 3993 quomodo
1376 3918 1531 3975 serenissi-

268 4049 338 4089 mus
361 4034 504 4108 princeps
528 4033 672 4090 dominus
693 4031 917 4105 sigismundus,
936 4031 984 4087 dei
1008 4030 1111 4101 gracia
1127 4045 1181 4084 rex
1206 4026 1370 4097 llungarie,
1388 4025 1532 4081 dominus

267 4144 370 4195 noster
392 4141 549 4211 graciosus
566 4138 724 4212 quoddam
741 4144 875 4195 castrum
894 4137 1011 4193 Medwe
1028 4141 1248 4208 nuncupatum,
1265 4131 1304 4188 ad
1321 4130 1403 4203 quod
1421 4129 1529 4186 eadem
1616 4165 1620 4172 -

265 4245 394 4302 ecclesia
417 4251 446 4302 et
470 4246 642 4318 capitulum
671 4245 870 4317 zagrabiense
902 4257 1022 4298 merum
1046 4248 1076 4297 et
1100 4239 1226 4313 plenum
1252 4238 1298 4294 ius
1321 4244 1350 4293 et
1381 4234 1531 4292 litteralia

265 4349 478 4407 efficacissima
502 4352 704 4407 instrumenta
721 4351 835 4406 habere
859 4349 1118 4418 dignoscerentur,
1145 4343 1184 4400 ad
1208 4343 1387 4399 instanciam
1405 4346 1434 4396 et
1451 4340 1528 4412 peti-

264 4456 383 4512 cionem
400 4457 560 4513 reverendi
577 4457 607 4513 in
623 4455 746 4513 Christo
763 4456 859 4528 patris
876 4463 906 4510 et
919 4453 1044 4521 domini,
1060 4445 1372 4523 dominiEberhardi‚
1388 4443 1528 4502 eiusdem

263 4561 470 4631 zagrabiensis
491 4562 618 4619 ecclesie
642 4561 789 4634 episcopi,
814 4561 1016 4616 Petermanno
1040 4560 1070 4611 et
1086 4555 1251 4620 Hermam,
1268 4551 1433 4623 nepotibus
1450 4551 1529 4606 eius·

264 4663 343 4735 dem,
367 4666 433 4723 iure
457 4675 607 4740 perpetuo
628 4672 658 4724 et
681 4665 840 4739 perennali
864 4662 1051 4731 contulisset,
1075 4660 1105 4717 in
1129 4655 1267 4714 eiusdem
1291 4655 1419 4712 ecclesie
1435 4661 1464 4710 et
1481 4668 1529 4709 ca·

261 4769 352 4840 pituli
371 4771 489 4844 grande
511 4771 716 4845 preiudicium
742 4777 772 4828 et
795 4770 992 4841 derogamen.
1017 4767 1110 4824 Facta
1134 4765 1237 4835 itaque
1260 4759 1438 4818 huiusmodi
1454 4774 1527 4833 pro
