3488 5242
635 350 707 407 Doc.
726 364 803 427 509.
821 364 895 426 510.
924 383 958 391 —
986 348 1043 407 [ln.
1068 344 1158 426 1582.-

771 456 829 462 —-
836 458 844 462 .
859 457 895 460 —
922 456 1056 462 --—---.
1216 454 1531 461 --—.-—--—--—-

855 544 948 609 309.

372 670 447 718 Anno
470 671 544 728 1382,
565 678 587 724 7.
608 669 709 735 aprilis.
728 666 882 734 Zagrabiae.

265 796 425 872 Dionysias
452 794 595 870 plebanus
625 797 827 854 izoziwtllanus
855 797 988 870 testificat
1002 798 1133 869 pupillos
1156 796 1303 851 cuiusdam
1326 796 1450 852 lrirvkae
1471 813 1533 852 cum

437 903 563 977 querelam
587 902 822 971 ultramarinos
837 903 934 976 fitissc
955 920 1042 958 curere
1063 902 1213 958 cm'usrlum
1237 901 1359 958 dfertltec'.

357 1045 419 1102 Nos
442 1046 617 1117 Dyonisius‚
641 1046 795 1120 plebanus
811 1045 937 1102 ecclesie
957 1046 1051 1102 sancti
1068 1045 1215 1126 Johannis
1244 1044 1375 1117 baptiste
1391 1044 1429 1100 de
1447 1044 1534 1101 Nova

267 1151 353 1220 villa,
379 1151 506 1224 capituli
540 1152 747 1223 zagrabiensis
782 1151 916 1208 ecclesie.
956 1149 1172 1222 significamus
1206 1156 1310 1206 tenore
1338 1151 1533 1223 presencium

267 1255 380 1328 quibus
404 1255 528 1328 expedit
552 1257 712 1326 universis,
737 1255 820 1328 quod
844 1256 1026 1312 Valentinus
1050 1255 1201 1324 sacerdos,
1225 1255 1404 1327 capellanus
1421 1262 1533 1326 noster,

267 1359 391 1432 Stoyk0,
426 1361 558 1418 condam
588 1362 713 1418 villicus
736 1368 839 1419 nostre
863 1362 947 1431 ville,
978 1360 1152 1434 Stephanus
1175 1367 1204 1417 et
1228 1360 1327 1417 Pausa
1357 1360 1439 1417 cives
1465 1377 1534 1433 pre·

267 1465 328 1523 fate
352 1467 428 1524 ville
458 1473 571 1538 nostre,
603 1482 708 1525 coram
739 1469 828 1525 nobis
860 1467 1062 1540 personaliter
1092 1465 1309 1538 comparend0‚
1334 1464 1477 1522 dixerunt
1500 1472 1529 1522 et

267 1571 398 1630 confessi
422 1573 595 1644 extiterunt,
631 1572 714 1644 quod
738 1572 871 1646 provida
893 1573 1018 1629 domina
1042 1571 1158 1642 Kauka,
1181 1586 1307 1628 consors
1330 1570 1461 1627 condam
1486 1570 1531 1628 Si·

270 1678 379 1748 monis,
403 1679 480 1735 civis
503 1679 541 1736 de
565 1678 647 1736 dicta
662 1678 751 1735 Nova
774 1679 851 1735 villa
874 1683 987 1738 nostra.
1011 1679 1041 1734 in
1061 1679 1172 1735 ultimo
1196 1684 1269 1734 voto
1292 1691 1348 1733 suo
1365 1677 1532 1734 secundum

267 1784 532 1841 testamentariam
555 1784 802 1856 disposicionem,
826 1783 982 1856 quandam
1006 1783 1129 1840 vineam
1153 1798 1240 1839 snam
1256 1799 1327 1839 cum
1344 1782 1465 1840 duobus
1488 1784 1534 1840 in-

267 1887 401 1958 fantulis,
415 1890 532 1947 scilicet
541 1890 697 1947 Anthonio
709 1895 739 1947 et
752 1890 848 1946 [sicha
864 1889 971 1962 puella
987 1889 1153 1947 dimisisset
1166 1894 1196 1947 et
1209 1888 1386 1946 tradidisset
1403 1889 1533 1959 Matheo,

267 1993 333 2051 filio
356 1994 498 2052 Nicholai
521 1995 559 2052 de
583 1996 747 2066 Koznicba‚
771 1995 809 2052 ad
834 1995 1078 2053 conservandum
1103 2001 1132 2052 et
1155 1994 1353 2052 nutriendum
1377 1994 1427 2064 ita,
1450 1995 1533 2067 quod

271 2101 336 2174 ipse
359 2100 472 2158 dictam
498 2102 622 2159 vineam
652 2102 765 2158 habeat
788 2102 889 2158 colere
912 2106 941 2158 et
964 2103 1049 2175 ipsos
1072 2101 1240 2158 infantulos
1263 2101 1380 2157 nutrire
1405 2099 1531 2170 tamdiu,

269 2221 430 2279 quousque
453 2207 492 2263 ad
516 2211 695 2280 provectam
719 2212 832 2264 etatem
854 2223 916 2265 non
939 2207 1136 2280 pervenerint
1166 2213 1196 2263 et
1219 2221 1251 2262 se
1274 2221 1381 2277 regere
1417 2205 1535 2277 absque

269 2312 370 2369 alieno
393 2312 570 2370 adiumento
593 2313 735 2386 poterint.
759 2313 982 2386 Cuiusquidem
1011 2313 1099 2370 vinee
1123 2313 1152 2369 in
1177 2317 1259 2369 terra
1282 2315 1386 2368 nostra
1409 2311 1466 2368 site
1490 2311 1535 2368 vi·

268 2417 387 2473 cinatur
418 2433 456 2473 ex
486 2433 547 2473 una
579 2422 667 2490 parte
697 2417 803 2476 Kusalr
833 2424 863 2476 et
893 2434 931 2475 ex
962 2420 1059 2475 altera
1089 2423 1177 2491 parte
1202 2418 1301 2488 luane,
1332 2417 1473 2474 mulieris
1497 2416 1535 2474 de

271 2528 374 2579 monte
398 2522 526 2593 Gerech,
558 2524 646 2580 vinee
670 2523 808 2597 ipsorum
840 2540 911 2581 cunr
939 2525 1084 2581 omnibus
1114 2523 1308 2595 pertinenciis
1331 2522 1477 2579 eiusdem.
1502 2523 1534 2580 ln

269 2628 355 2685 cuius
385 2629 431 2686 rei
463 2629 645 2686 memoriam
676 2630 871 2702 presentibus
902 2629 1040 2701 sigillum
1073 2634 1211 2685 nostrum
1244 2628 1390 2685 duximus
1420 2645 1535 2701 appen-

270 2733 413 2790 dendum.
438 2734 553 2790 Datum
577 2733 711 2791 secundo
735 2732 785 2791 die
809 2733 877 2792 festi
903 2750 992 2808 pasce
1016 2733 1141 2791 domini.
1172 2735 1259 2790 Anno
1284 2732 1402 2790 domini
1426 2733 1535 2790 MCCC

269 2839 479 2910 octuagesimo
508 2838 649 2895 secundo,

358 2953 497 3019 Originale
517 2954 543 3003 in
563 2955 720 3007 membrana.
735 2970 750 3003 a
763 2955 862 3004 sericea
881 2972 944 3005 zona
964 2958 1046 3006 rubra
1065 2966 1089 3005 et
1110 2957 1227 3006 violacea
1240 2959 1370 3021 appendet
1391 2960 1455 3007 bene
1476 2972 1534 3006 con·

271 3047 404 3090 servatum
423 3040 550 3105 sigillum,
570 3041 596 3089 in
615 3041 828 3091 circumferentia
848 3043 922 3093 cuius
945 3046 1057 3109 legitur:
1084 3047 1107 3094 S.
1136 3045 1295 3094 PLEBANI.
1323 3046 1457 3094 Sth'Tl.
1487 3045 1535 3094 lo-

272 3129 411 3179 HANNIS.
425 3131 480 3179 DE.
494 3130 681 3179 ZAGRABIA.
700 3130 728 3179 ln
742 3131 812 3180 arch.
827 3133 901 3198 regni
916 3134 988 3182 CSD.
1002 3136 1058 3182 Act.
1074 3141 1211 3183 monaster.
1226 3134 1313 3190 Garic‘,
1328 3133 1386 3182 fasc.
1402 3145 1425 3182 2.
1440 3151 1477 3182 nr.
1491 3146 1532 3194 42.

862 3325 947 3391 310.

376 3467 451 3514 Anno
474 3466 547 3524 1382,
571 3476 608 3525 14.
628 3465 709 3530 Junii.
729 3466 758 3514 In
779 3465 916 3529 Viiegrad.

271 3592 420 3649 Elisabeth
444 3593 544 3665 regina
568 3594 752 3665 Hungarc'ae,
768 3595 892 3666 capitulo
907 3597 1023 3666 rqgrnb.
1041 3598 1151 3652 litteras
1158 3598 1382 3669 prorogatorias
1403 3598 1536 3652 taraiasa

262 3699 491 3771 possessionaria
521 3700 597 3755 mter
626 3700 783 3771 capz'tulum
813 3707 842 3756 et
862 3700 1003 3757 civitatem
1033 3700 1218 3759 Grcclrensem
1239 3703 1324 3758 cidem
1349 3703 1431 3759 reddi
1451 3703 1534 3759 z'ubcl.

1201 3836 1293 3879 Relacio
1307 3835 1405 3879 Lndislni
1421 3836 1479 3879 bani.

359 3951 517 4008 Elizabeth
534 3950 582 4008 dei
595 3953 699 4023 gracia
716 3953 820 4025 regina
838 3954 1002 4025 Hungarie,
1018 3953 1150 4023 polonie,
1170 3954 1337 4024 Dalmacie,
1354 3962 1408 4011 etc.
1422 3955 1532 4013 Fideli-

273 4059 331 4114 bus
354 4057 417 4113 suis
439 4056 576 4128 capitulo
600 4059 726 4114 ecclesie
747 4059 952 4130 zagrabiensis
973 4060 1103 4115 salutem
1129 4066 1157 4116 et
1181 4061 1324 4131 graciam.
1346 4061 1377 4116 ln
1394 4063 1534 4132 personis

274 4161 415 4219 fidelium
432 4162 548 4219 civium
563 4169 740 4220 nostrorum
757 4165 889 4222 civitatis
906 4165 1019 4220 montis
1036 4164 1196 4221 Grecensis
1213 4164 1251 4221 de
1267 4164 1418 4237 Zagrabia
1434 4172 1537 4223 nostre

272 4268 404 4324 relatum
414 4268 579 4340 querulose
590 4269 688 4326 extitit
703 4271 862 4339 maiestati,
875 4270 957 4342 quod
971 4271 1117 4341 magister
1131 4270 1276 4338 Andreas
1294 4271 1536 4342 archydiaconus

275 4374 496 4430 concanonicus
519 4381 629 4444 vester,
653 4391 776 4432 causam
801 4382 935 4432 vestram
960 4382 1065 4432 contra
1089 4376 1186 4433 dictos
1207 4377 1289 4433 cives
1307 4378 1335 4433 in
1353 4378 1437 4433 curia
1453 4378 1538 4449 regia

273 4484 303 4537 et
328 4484 430 4536 nostre
455 4480 624 4536 maiestatis
640 4481 670 4538 in
687 4480 768 4538 facto
785 4482 1024 4554 possessionario
1040 4482 1070 4539 in
1087 4483 1244 4555 presencia
1260 4483 1357 4554 regali
1374 4483 1402 4539 in
1421 4485 1537 4539 octavis

274 4582 344 4641 festi
366 4584 445 4641 beati
463 4583 588 4656 Georgii
606 4587 740 4643 martiris
756 4602 836 4643 nunc
853 4586 959 4659 elapsa
975 4587 1122 4657 habitam,
1140 4603 1271 4644 unacum
1289 4587 1389 4644 Mihus
1407 4588 1538 4646 condam

273 4688 374 4747 indice
396 4689 477 4747 dicte
501 4691 634 4748 civitatis
657 4697 759 4749 nostre
783 4692 880 4748 veluti
904 4692 1044 4765 parcium
1068 4692 1199 4765 legitimi
1215 4699 1440 4766 procuratores
1456 4700 1537 4750 statu

272 4793 330 4851 sub
361 4794 493 4868 pristino
523 4794 562 4852 ad
592 4801 717 4854 octavas
748 4795 816 4854 festi
847 4797 930 4854 beati
957 4797 1127 4869 Mychaells
1157 4798 1342 4870 archangeli,
1366 4815 1446 4856 nunc
1470 4814 1539 4857 ver·
