3488 5242
652 347 724 402 Dec.
742 341 820 423 338.
847 380 882 388 -
909 347 964 404 An.
988 344 1080 424 1389.
1433 366 1493 424 315

234 545 436 602 ecclesiastias
466 562 523 619 per
552 547 733 604 collectores
764 545 903 604 eiusdem
932 547 1102 621 apostolice
1133 562 1255 604 camare
1282 546 1497 620 promulgatas

228 651 259 707 in
283 656 495 724 contemptum
518 652 655 709 clavium
679 657 707 709 et
732 651 762 709 in
785 657 960 729 vestrarum
985 652 1256 725 plurimorumque
1277 653 1410 709 aliorum
1428 668 1497 725 pre·

228 755 378 813 iudicium
401 757 584 827 antmamm,
609 773 742 831 cumque
766 758 796 815 in
819 763 934 814 sortem
959 757 1077 815 domini
1096 758 1215 814 evocati
1232 759 1290 815 iter
1305 764 1336 815 et
1351 759 1495 832 exempla

228 863 298 920 aliis
330 863 460 935 prebere
490 862 627 920 debeatis
658 863 697 920 ad
721 864 862 934 salutem,
885 863 1193 936 contempnendoque
1217 864 1385 936 apostolica
1411 880 1496 922 man·

228 968 299 1026 data
330 985 382 1026 eos
414 969 583 1041 perniciose
614 968 725 1027 ducitis
756 971 785 1026 in
814 969 971 1027 interitum
995 970 1039 1026 sic
1062 976 1198 1043 apperte.
1223 969 1356 1042 Nosque,
1381 971 1435 1042 qui
1458 988 1497 1028 ex

228 1075 324 1132 nostri
348 1073 444 1131 officii
467 1073 572 1131 debito
604 1075 749 1132 ecclesias
778 1082 808 1133 et
831 1091 938 1132 earum
961 1075 1029 1132 iura
1052 1074 1218 1133 intedimus
1240 1091 1369 1148 prorsus
1393 1075 1496 1133 defen-

228 1197 304 1251 sare,
325 1186 355 1237 et
378 1181 524 1254 precipue
547 1185 650 1237 sancte
673 1196 799 1238 romane
822 1180 958 1250 ecclesie,
989 1197 1049 1254 que
1072 1182 1211 1238 omnium
1236 1182 1436 1239 ecclesiarum
1461 1198 1496 1239 ac
1547 1216 1549 1220 ·

228 1292 331 1345 nostre
366 1286 439 1343 fidei
473 1292 572 1344 mater
607 1286 798 1359 dignoscitur
828 1285 894 1343 tore
924 1292 955 1344 et
982 1287 1137 1359 magistra,
1168 1287 1361 1344 universitati
1394 1294 1497 1345 vestre

229 1392 340 1448 harum
374 1392 453 1448 serie
493 1392 683 1464 precipimus
714 1397 744 1449 et
770 1391 964 1463 mandamus,
1002 1399 1152 1465 quatenus
1189 1392 1227 1450 de
1262 1393 1344 1450 veris
1377 1394 1498 1452 iuribus

229 1503 258 1554 et
282 1497 394 1554 debitis
429 1497 566 1554 eiusdem
597 1513 719 1555 camare
746 1499 914 1571 apostolice
938 1514 991 1555 seu
1015 1497 1053 1554 ad
1078 1514 1146 1555 eam
1171 1498 1396 1570 pertinentibus
1420 1515 1497 1572 quo-

229 1602 371 1660 vismodo
395 1603 585 1675 integraliter
608 1602 747 1660 debeatis
770 1602 946 1660 satisfacere
967 1611 997 1661 et
1019 1603 1216 1676 respondere,
1240 1605 1368 1661 remotis
1388 1605 1499 1678 appel·

229 1709 410 1778 lacionibus,
447 1709 702 1766 cavillacionibus
737 1714 766 1766 et
800 1708 1001 1781 subterfugiis
1035 1710 1292 1782 quibuscumque,
1327 1711 1498 1768 venerabili

229 1815 298 1871 viro
331 1813 458 1871 domino
489 1814 621 1886 Rogerio
653 1813 691 1871 de
722 1814 870 1886 Canaciis,
902 1815 1063 1887 utriusque
1094 1814 1169 1872 iuris
1201 1815 1328 1886 doctori,
1359 1816 1496 1888 generali

230 1936 351 1977 camare
381 1920 551 1993 apostolice
583 1921 613 1977 in
640 1935 736 1992 regno
759 1925 865 1978 nostro
888 1921 1046 1993 Hungarie
1070 1927 1099 1977 et
1122 1921 1311 1994 quibusdam
1335 1922 1405 1979 aliis
1427 1938 1498 1995 par·

232 2026 314 2083 tibus
336 2026 494 2083 collectori
514 2042 568 2082 seu
591 2027 657 2083 eius
679 2026 960 2083 subcollectoribus
983 2027 1035 2083 vel
1058 2026 1176 2083 nunciis
1199 2026 1239 2083 ab
1263 2042 1300 2083 eo
1323 2027 1499 2100 specialiter

229 2132 280 2188 vel
311 2132 496 2203 generaliter
531 2131 694 2204 deputatis,
728 2130 957 2189 manifestantes
987 2131 1088 2189 eidem
1112 2131 1238 2189 domino
1261 2133 1422 2190 collectori
1444 2148 1498 2189 seu

230 2238 295 2294 eius
331 2236 609 2294 subcollectoribus
632 2237 708 2308 iura,
733 2237 814 2294 bona
837 2243 868 2294 et
892 2237 997 2295 debita
1020 2237 1157 2295 eiusdem
1182 2253 1305 2295 camare
1327 2239 1498 2311 apostolice

230 2359 283 2399 seu
307 2342 346 2399 ad
370 2358 439 2399 eam
471 2343 668 2416 pertinencia,
699 2359 759 2415 que
790 2342 938 2416 predictis
968 2344 1127 2401 collectori
1158 2349 1189 2400 et
1219 2344 1499 2401 subcollectoribus

231 2448 281 2503 vel
312 2448 430 2504 nunciis
462 2448 675 2505 verisimiliter
706 2455 776 2505 sunt
807 2449 918 2522 ignota.
947 2450 984 2506 Et
1006 2456 1041 2506 ut
1064 2450 1122 2506 hoc
1144 2456 1285 2506 nostrum
1309 2448 1499 2520 mandatum,

230 2559 263 2609 ut
286 2559 441 2625 optamus,
466 2552 676 2610 indubitatum
699 2555 880 2626 prompcius
903 2560 1107 2627 consequatur
1130 2556 1285 2625 effectum,
1307 2554 1499 2612 universitati

231 2665 332 2715 vestre
364 2658 564 2732 precipiendo
595 2658 789 2730 mandamus,
823 2664 857 2716 ut
887 2660 1044 2733 predictos
1073 2661 1274 2717 collectorem
1296 2676 1350 2717 seu
1373 2661 1498 2718 subcol-

231 2763 362 2820 lectores
390 2764 487 2837 ipsius
511 2765 561 2820 vel
585 2765 712 2821 nuncios
736 2765 766 2821 in
793 2766 1011 2838 prosecucione
1038 2765 1217 2823 huiusmodi
1241 2767 1389 2823 habentes
1414 2765 1499 2822 favo-

198 2917 200 2920 .
231 2870 371 2927 rabiliter
402 2870 626 2940 recommissos,
657 2870 683 2927 si
714 2886 769 2944 per
797 2886 849 2927 eos
871 2887 925 2928 seu
956 2887 1064 2928 eorum
1087 2871 1222 2928 alterum
1246 2886 1302 2928 vos
1326 2871 1377 2928 vel
1401 2871 1500 2943 aliqui

230 2992 283 3032 seu
307 2975 419 3047 aliquis
443 2992 480 3032 ex
505 2976 595 3032 vobis
619 2974 737 3033 fueritis
758 2976 897 3048 requisiti
914 2977 1030 3034 eisdem
1047 2976 1220 3050 inpendatis
1243 2977 1404 3047 auxilium,
1430 2993 1500 3034 con-

232 3081 337 3138 silium
363 3087 392 3138 et
423 3081 572 3152 favorem,
605 3081 827 3155 sequestrando
854 3081 972 3139 fructus
996 3081 1228 3153 beneficiorum,
1251 3080 1410 3155 capiendo,
1434 3097 1500 3139 are·

233 3186 342 3244 stando
366 3193 396 3244 et
419 3186 599 3260 occupando
622 3203 777 3261 personas
801 3204 850 3245 res
873 3204 926 3246 seu
951 3189 1033 3246 bona
1055 3188 1095 3246 ad
1118 3188 1234 3246 dictam
1257 3203 1413 3245 camaram
1431 3204 1500 3261 per·

231 3293 362 3350 tinencia
384 3309 437 3350 seu
470 3293 625 3365 obligatos
657 3293 757 3350 eidem
787 3295 839 3365 sic,
869 3295 951 3367 quod
980 3295 1048 3352 iura
1072 3294 1152 3352 dicte
1176 3309 1298 3351 camare
1330 3295 1500 3367 apostolice

232 3399 354 3455 valeant
378 3399 524 3471 optinere.
548 3400 666 3456 lustum
690 3406 735 3457 est
759 3401 850 3471 enim,
874 3407 907 3458 ut
931 3417 1009 3474 quos
1032 3401 1082 3459 dei
1106 3401 1200 3459 timor
1221 3416 1240 3458 a
1263 3402 1347 3458 malo
1370 3416 1430 3458 non
1452 3418 1500 3459 re·

231 3511 322 3560 vocat
347 3505 530 3577 temporalis
553 3506 651 3562 eciam
675 3507 834 3563 coherceat
858 3508 1005 3564 severitas
1028 3507 1199 3581 discipline.
1223 3506 1378 3564 Volumus
1394 3513 1499 3588 autem

231 3611 287 3666 has
309 3616 430 3666 nostras
464 3610 583 3667 litteras
611 3612 835 3669 inviolabiliter
857 3613 1019 3671 observari
1042 3628 1101 3670 non
1125 3612 1319 3669 obstantibus
1342 3612 1501 3684 aliquibus

231 3716 342 3772 litteris
365 3714 445 3772 datis
468 3732 521 3772 seu
542 3715 650 3774 dandis
674 3733 731 3789 per
754 3734 810 3775 nos
833 3735 886 3776 seu
911 3720 1138 3776 serenissimam
1159 3725 1296 3776 nostram
1316 3724 1499 3789 consortem,

231 3835 292 3876 non
319 3820 502 3878 facientibus
526 3822 660 3894 plenam,
684 3824 850 3895 specialem
875 3830 904 3882 et
926 3840 1105 3898 expressam
1128 3825 1166 3882 de
1190 3825 1299 3881 harum
1321 3824 1398 3881 serie
1415 3839 1501 3880 men·

232 3927 359 3983 cionem.
385 3926 537 3983 Volumus
560 3928 667 3998 eciam,
691 3928 775 4000 quod
794 3931 983 4003 quicumque
999 3930 1172 4002 dignitates,
1189 3935 1379 4003 personatus,
1396 3928 1500 3986 officia

231 4048 283 4088 seu
310 4033 419 4104 quevis
442 4033 504 4089 alia
528 4033 677 4091 beneficia
700 4036 988 4109 ecclesiasticaque
1010 4054 1067 4110 per
1083 4037 1345 4110 presentacionem
1361 4041 1500 4093 nostram

234 4139 352 4210 regiam
384 4155 437 4196 seu
467 4155 523 4211 per
552 4140 689 4211 graciam
721 4147 823 4200 nostre
855 4143 1023 4201 maiestatis
1046 4143 1185 4200 obtinent
1209 4143 1260 4199 vel
1284 4143 1313 4199 in
1338 4148 1498 4215 posterum

232 4244 423 4315 obtinebunt,
467 4246 596 4318 proinde
630 4248 669 4304 de
700 4247 852 4305 fructibus
873 4249 968 4321 primi
1000 4248 1071 4305 anni
1102 4247 1233 4305 debeant
1264 4246 1345 4303 dicte
1375 4261 1496 4303 camare

232 4350 401 4421 apostolice
424 4351 612 4423 respondere
635 4368 670 4409 ac
693 4354 719 4410 si
744 4353 810 4426 ipsa
833 4353 983 4410 beneficia
1005 4359 1105 4410 essent
1129 4368 1185 4424 per
1208 4352 1305 4425 ipsius
1329 4350 1410 4407 sedis
1426 4366 1499 4422 apo-

234 4455 340 4512 stolice
376 4457 512 4527 graciam
548 4459 694 4528 assecuti;
729 4475 816 4516 secus
847 4475 904 4532 pro
929 4466 1033 4516 nostra
1055 4459 1160 4530 gracia
1184 4456 1283 4515 facere
1306 4472 1365 4514 non
1389 4456 1502 4512 ausuri.

233 4559 347 4617 Datum
380 4560 473 4632 Bude‚
505 4562 660 4621 dominica
690 4564 739 4622 die
763 4566 907 4638 proxima
939 4570 1009 4639 post
1040 4564 1153 4622 testum
1180 4563 1349 4621 nativitatis
1373 4562 1502 4634 virginis

232 4666 374 4737 gloriose.
399 4669 488 4724 Anno
511 4668 630 4727 domini
654 4671 823 4729 millesimo
850 4671 1065 4729 trecentesimo
1089 4669 1298 4742 octuagesimo
1321 4683 1414 4726 nono.

322 4801 398 4867 Orig.
414 4802 440 4852 in
453 4804 610 4855 membrana.
625 4805 750 4872 Sigillum
764 4807 837 4874 regis
856 4807 1020 4874 impressum.
1034 4807 1064 4858 Iu
1078 4806 1149 4857 arch.
1162 4807 1180 4856 l.
1194 4821 1214 4856 r.
1229 4805 1278 4856 civ.
1291 4805 1398 4871 zagrab.
