3488 5242
538 347 798 428 Doc.186.187.
824 348 895 410 188.
923 387 957 395 —
987 354 1042 411 An.
1068 366 1156 431 1343.
1421 357 1478 425 165

302 545 335 602 ln
358 561 443 604 em.
466 549 602 621 capitulo
626 550 772 607 ecclesiae
795 552 1011 624 zagrabiensis,
1038 552 1122 610 clero
1145 559 1175 610 et
1199 553 1318 626 populo
1348 554 1481 612 civitatis

215 656 245 707 et
267 649 397 708 diocesis
419 654 635 725 zagrabiensis,
659 657 802 714 vassallis
825 658 971 716 ecclesiae
994 658 1210 732 zagrabiensis.

305 770 334 818 Α.
355 768 476 821 Theiner.
497 772 566 822 Mon.
587 774 675 839 Hung.
695 774 787 824 histor.
809 774 830 826 1.
849 791 874 841 p.
894 775 953 835 652.

811 1022 895 1089 186.

323 1164 397 1211 Anno
421 1171 495 1223 1343,
516 1170 538 1216 7.
560 1163 630 1212 maii.
650 1163 789 1214 Avinione.

305 1293 395 1350 Petro
418 1292 562 1365 Georgi0,
586 1294 731 1351 canonico
762 1295 997 1353 transilvanensi
1028 1311 1046 1352 a
1075 1296 1220 1369 pontifice
1250 1296 1409 1354 Clemente
1432 1297 1482 1355 VI.

217 1398 402 1466 conceditur,
427 1405 459 1456 ut
483 1399 695 1456 canonicatum
719 1407 749 1455 et
772 1400 983 1472 praebendam
1007 1402 1036 1458 in
1060 1401 1188 1459 ecclesia
1203 1403 1394 1475 zagrabiensi
1413 1404 1483 1460 reti-

219 1520 290 1562 nere
314 1505 418 1578 possit.

304 1611 436 1693 Johanni
462 1611 617 1680 Vulconis,
641 1612 788 1668 canonico
813 1612 1004 1683 zagrabiensi
1035 1628 1054 1669 a
1080 1613 1226 1686 pontifice
1250 1613 1410 1671 Clemente
1434 1613 1483 1670 Vl.

219 1716 376 1774 confertur
398 1715 641 1773 consideratione
664 1717 745 1789 regis
770 1717 953 1790 Hungariae,
974 1719 1169 1776 canonicatus
1192 1719 1283 1776 huius
1307 1719 1461 1776 ecclesiae.

305 1836 336 1883 A.
357 1833 478 1883 Theiner.
498 1833 569 1883 Mon.
588 1835 677 1899 Hung.
698 1835 756 1885 hist.
776 1834 796 1883 1.
816 1850 840 1899 p.
858 1835 917 1893 653.

812 2064 894 2133 187.

326 2210 402 2258 Anno
424 2217 497 2268 1343.
520 2217 560 2265 15.
580 2207 651 2257 maii.
671 2206 810 2256 Avinione.

309 2320 411 2378 Blasio
434 2319 590 2392 quondam
611 2320 684 2388 Viti,
708 2318 780 2376 dicti
804 2319 893 2392 Lupi,
918 2321 1063 2377 canonico
1082 2320 1272 2392 zagrabiensi
1297 2334 1313 2376 a
1339 2318 1485 2393 pontifice

220 2427 379 2485 Clemente
410 2427 459 2484 Vl.
491 2426 647 2484 confertur
670 2427 865 2483 canonicatus
895 2432 925 2483 et
952 2425 1130 2500 praebenda
1160 2427 1251 2483 huius
1274 2426 1420 2483 ecclesiae
1444 2427 1486 2482 si·

222 2534 351 2604 mulque
368 2531 556 2605 indulgetur,
580 2539 613 2588 ut
636 2537 773 2588 curatam
791 2532 952 2589 ecclesiam
976 2548 998 2589 s.
1021 2532 1180 2589 Michaelis
1203 2531 1241 2588 de
1265 2531 1358 2603 Ugra,
1379 2545 1485 2602 zagra-

221 2639 336 2697 biensis
352 2638 500 2696 dioecesis
522 2646 551 2695 et
574 2638 672 2695 altare
696 2638 724 2694 b.
749 2638 863 2695 Mariae
887 2654 1011 2712 semper
1034 2638 1163 2711 virginis
1179 2640 1210 2695 in
1226 2637 1356 2695 ecclesia
1380 2652 1487 2710 zagra·

224 2747 320 2803 biensi
345 2746 476 2802 retinere
500 2746 603 2818 possit.

212 2871 217 2879 ’
310 2866 340 2911 Α.
362 2861 482 2912 Theiner.
503 2863 572 2913 Mon.
592 2863 680 2929 Hung.
700 2863 762 2913 hist.
775 2863 794 2913 Ι.
815 2879 839 2929 p.
859 2864 918 2921 653.

814 3112 897 3177 188.

327 3255 403 3302 Anno
429 3263 502 3314 1343,
523 3264 546 3301 2.
564 3252 638 3319 Julii.
663 3253 693 3302 In
712 3253 827 3302 Modrui.

226 3380 368 3437 Jt'icolaus
390 3380 481 3436 banus
504 3381 589 3436 toties
606 3379 763 3437 Slavoniae
782 3382 890 3438 invitat
903 3383 1058 3455 capitulum
1080 3382 1140 3438 eccl.
1158 3380 1274 3454 zagrub.
1297 3387 1331 3435 u!
1343 3379 1487 3453 quomodo,

281 3489 408 3560 qualiter
428 3495 457 3543 ct
475 3487 509 3543 de
535 3487 635 3561 quibus
658 3488 740 3544 rebus
763 3489 905 3545 tricesima
928 3488 1066 3561 regriralis
1088 3484 1266 3561 exigebatur,
1290 3487 1427 3560 inquirat.

312 3631 393 3688 Viris
424 3631 562 3689 discretis
585 3636 613 3688 et
636 3631 780 3701 honestis,
811 3632 948 3705 capitulo
978 3632 1185 3704 zagrabiensis
1214 3630 1350 3700 ecclesie,
1382 3629 1489 3686 amicis

223 3739 285 3794 suis
309 3736 494 3806 reverendis,
519 3737 663 3795 Nicolaus
680 3738 777 3794 banus
802 3738 898 3794 tocius
921 3735 1092 3807 Sclauonie,
1108 3737 1246 3794 amicicie
1261 3735 1400 3792 debitum
1417 3750 1489 3792 cum

222 3843 346 3900 honore.
371 3843 481 3900 Vestra
504 3843 624 3900 noverit
647 3843 795 3913 amicicia,
820 3842 902 3916 quod
927 3842 1085 3899 Nicoletus
1108 3840 1209 3910 iudex,
1233 3841 1388 3913 ceterique
1405 3841 1489 3897 cives

224 3949 262 4006 de
285 3949 436 4021 Zagrabia
459 3951 489 4005 in
513 3949 705 4022 presenciam
729 3948 853 4007 domine
876 3953 979 4006 nostre
1002 3949 1107 4020 regine
1124 3946 1306 4017 accedendo,
1324 3947 1489 4019 querulose

223 4054 324 4113 eidem
348 4056 505 4127 conquesti
537 4055 712 4125 extiterunt,
743 4053 827 4127 quod
851 4070 907 4129 per
931 4053 1083 4111 indebitas
1106 4061 1136 4111 et
1160 4054 1287 4111 iniustas
1310 4051 1489 4109 exacciones

224 4162 450 4218 tricesimarum
481 4161 611 4217 nimium
645 4161 882 4218 molestarentur
914 4166 943 4217 et
972 4175 1085 4233 magna
1107 4160 1315 4233 percepissent
1339 4165 1368 4215 et
1392 4158 1490 4231 perci-

224 4272 332 4340 perent
356 4266 499 4339 dampna,
529 4265 672 4339 eoquod
698 4265 736 4323 de
759 4267 852 4323 rebus
876 4266 1169 4336 mercimonialibuS,
1193 4265 1325 4322 scilicet:
1349 4263 1387 4321 de
1411 4279 1489 4332 cera,

224 4374 353 4442 cutibus,
385 4372 487 4445 porcis
511 4379 540 4429 et
564 4371 736 4445 pecudibus
759 4388 794 4429 ac
817 4372 888 4430 aliis
906 4372 1093 4430 utilitatibus
1116 4370 1155 4427 de
1179 4370 1329 4443 Zagrabia
1351 4375 1381 4427 et
1405 4367 1490 4428 Scla-

224 4479 315 4536 uonia
338 4479 368 4534 in
392 4478 559 4535 Veneciam
584 4479 633 4535 vel
659 4478 689 4535 in
712 4477 895 4536 Teutoniam
918 4483 971 4534 aut
994 4483 1155 4535 extraneas
1168 4466 1278 4550 ¹partes
1294 4475 1491 4549 portantibus

224 4593 254 4642 et
277 4586 466 4659 pellentibus
489 4590 596 4643 contra
618 4585 758 4657 ipsorum
780 4583 1034 4642 consvetudinem
1056 4589 1086 4640 et
1109 4583 1157 4640 ius
1180 4582 1221 4639 ab
1242 4583 1369 4654 antiquo
1385 4580 1490 4638 obser·

226 4698 331 4749 vatam
355 4692 525 4750 tricesimas
549 4692 588 4748 ab
612 4691 655 4751 eis
679 4691 823 4761 exigeret
851 4689 940 4749 Unde
965 4695 1027 4746 tam
1051 4690 1118 4761 ipsa
1134 4687 1280 4759 reginalis
1296 4685 1491 4754 excellencia,

225 4813 320 4872 quam
344 4813 408 4868 nos,
432 4798 476 4855 ob
499 4794 713 4854 huiuscemodi
739 4796 967 4855 tricesimarum
990 4795 1161 4865 exaccione,
1184 4800 1290 4851 utrum
1313 4791 1417 4849 debite
1439 4798 1492 4848 aut
