3488 5242
271 322 332 381 240
683 304 757 362 Dec.
781 316 849 381 255.
876 338 913 347 -
939 305 1105 383 An.1571.

269 503 396 562 detectis
427 503 566 577 ipsorum
599 502 771 560 defectibus
801 503 950 561 seminata
981 520 1038 576 per
1069 520 1121 561 eos
1148 505 1367 577 extinguantur
1390 503 1537 576 pericula,

269 608 430 682 dispendia
461 615 490 666 et
521 608 666 665 scandala
696 609 806 681 procul
836 610 993 682 pellantur
1016 616 1172 681 eventura,
1198 611 1247 679 ita,
1273 610 1356 667 utin
1380 608 1538 666 reddenda

269 716 391 773 racione
413 729 473 772 non
497 714 558 771 sint
581 714 715 787 posteris
738 715 976 787 quomodolibet
1000 714 1169 789 profutura.
1189 716 1352 773 Pensantes
1368 715 1537 788 potissime,

269 819 352 893 quod
376 820 454 877 sicut
478 835 632 876 venenum
663 818 808 893 aspidum
841 821 1012 878 insanabile
1040 821 1167 893 quidem
1190 828 1219 877 et
1243 821 1336 877 letale
1359 819 1537 878 irremedia-

269 926 375 983 biliter
397 925 504 995 inficit,
528 925 554 982 si
577 925 720 982 humanis
744 925 837 983 fuerit
860 927 1004 984 carnibus
1027 927 1229 1000 applicatum,
1254 927 1329 983 haut
1351 941 1412 983 non
1436 927 1538 983 minus

268 1032 425 1089 malorum
456 1031 653 1089 fraudulenta
684 1033 825 1104 nequicia
856 1033 1011 1089 virulenta
1041 1038 1071 1089 et
1101 1033 1195 1090 saniei
1219 1030 1359 1089 delibuta
1379 1032 1536 1103 versuciis,

270 1138 369 1211 turpis
391 1138 498 1209 utique
521 1138 597 1194 mali
621 1136 760 1194 odiosam
784 1139 953 1211 perniciem
977 1139 1116 1210 seminat,
1133 1139 1191 1195 nisi
1208 1142 1312 1196 nostra
1327 1136 1536 1211 providencia,

268 1245 401 1303 racionis
424 1242 529 1301 adiuta
552 1242 749 1315 fulcimentis,
773 1245 907 1317 equitate
931 1252 960 1301 et
982 1245 1110 1317 iusticie,
1134 1245 1261 1317 quenti
1286 1245 1346 1302 due
1367 1259 1489 1301 sorores
1505 1259 1538 1300 se

270 1352 400 1409 invicem
424 1349 651 1423 amplexantur,
675 1348 876 1408 suadentibus
899 1350 964 1408 eius
988 1356 1116 1407 conatus
1139 1366 1195 1407 sua
1218 1351 1403 1423 reprimeret
1424 1350 1536 1407 virtute

269 1456 415 1515 letiferos.
438 1455 473 1513 ld
496 1456 593 1513 eciam
617 1456 647 1512 in
671 1455 774 1513 cordis
796 1457 893 1513 nostri
917 1457 1052 1513 armario
1067 1457 1248 1514 memoriter
1262 1456 1435 1526 retinentes,
1452 1455 1535 1528 quod

269 1565 342 1638 plus
364 1562 441 1620 ledit
463 1561 601 1619 recidiva
624 1562 774 1619 cicatricis
791 1563 905 1634 incisio,
922 1577 1017 1634 quam
1033 1562 1172 1620 vulneris
1188 1563 1352 1636 impressio
1367 1563 1536 1635 primitiva.

270 1670 376 1728 habita
407 1669 510 1740 itaque
542 1667 778 1738 deliberacione,
810 1667 991 1741 digestoque
1023 1674 1054 1725 et
1086 1674 1208 1726 maturo
1240 1668 1377 1737 consilio,
1404 1683 1536 1724 unacum

270 1776 406 1850 prelatis,
430 1774 601 1831 baronibus
625 1779 655 1831 et
677 1774 764 1845 regni
787 1774 883 1831 nostri
907 1775 1088 1848 proceribus
1111 1791 1204 1848 super
1227 1774 1396 1847 premissis,
1419 1773 1535 1829 dictum

270 1882 409 1954 sigillum
433 1879 551 1954 prefate
574 1879 701 1937 ecclesie
719 1880 926 1951 zagrabiensis
950 1896 1002 1937 seu
1019 1882 1155 1954 capituli,
1172 1880 1256 1953 quod
1272 1879 1346 1937 dicti
1364 1880 1533 1951 iniquitatis

270 1987 411 2061 alumpni
443 1992 472 2042 et
503 1984 689 2058 perdicionis
721 1984 787 2056 filii,
819 1984 913 2041 modo
944 2001 1007 2059 quo
1033 2002 1135 2060 supra,
1160 1987 1191 2044 in
1214 2001 1321 2043 eorum
1345 1985 1453 2042 salutis
1476 1985 1536 2041 dis·

271 2095 420 2167 pendium
443 2098 474 2150 et
496 2091 669 2164 periculum
694 2092 868 2149 animarum
900 2093 1074 2165 nequiciose
1098 2092 1301 2150 falsificarunt
1323 2098 1353 2148 et
1376 2093 1536 2154 viciarunt

271 2217 308 2258 ne
332 2202 389 2258 sub
412 2198 522 2256 eodem
546 2198 595 2253 vel
620 2202 762 2269 pretextu
785 2198 881 2271 ipsius
904 2199 1011 2271 plures
1034 2197 1158 2255 fraudes
1182 2207 1212 2255 et
1236 2199 1411 2271 iniquitates
1435 2203 1536 2270 patra·

271 2314 376 2365 rentur
407 2304 556 2378 temporis
586 2303 614 2360 in
647 2319 797 2374 successu,
830 2305 859 2361 in
891 2305 1009 2361 curiam
1040 2310 1143 2361 nostre
1173 2304 1341 2361 maiestatis
1376 2303 1536 2376 apportari

272 2413 424 2481 facientes
455 2412 557 2484 ipsum
581 2411 708 2467 mactari
740 2410 886 2468 iussimus
918 2418 948 2468 et
970 2410 1108 2482 fecimus
1134 2412 1354 2484 premissarum
1380 2409 1534 2479 fraudum,

272 2523 484 2592 pretensarum
515 2523 544 2572 et
574 2514 867 2572 nefandissimorum
899 2515 1070 2573 facinorum
1102 2518 1210 2573 noxios
1243 2517 1371 2590 reprimi
1408 2521 1535 2571 conatus

271 2622 443 2681 anhelando
452 2640 459 2691 ;
490 2622 607 2694 quippe
641 2621 741 2694 ipsam
773 2622 934 2679 ecclesiam
967 2624 1194 2694 zagrabiensen
1218 2623 1389 2695 capitulum
1414 2628 1442 2678 et
1467 2637 1535 2694 per·

271 2747 361 2789 sonas
391 2729 562 2800 singulares
593 2727 813 2784 ecclesiasticas
844 2728 874 2785 in
904 2728 1010 2785 eadem
1043 2729 1197 2801 degentes,
1225 2728 1334 2785 fideles
1358 2728 1535 2800 capellanos

271 2842 400 2906 nostros,
423 2850 554 2908 quarum
580 2849 633 2890 seu
658 2849 790 2906 quorum
816 2835 881 2892 veri
909 2850 1016 2891 sumus
1039 2837 1160 2908 patroni
1185 2842 1214 2891 et
1238 2840 1354 2891 tutores
1378 2833 1534 2908 speciales.

270 2943 472 3017 inquisicione
500 2940 642 3011 diligenti
673 2938 712 2996 ad
736 2940 959 2997 removendum
985 2941 1151 2999 dubietatis
1174 2941 1356 3014 scrupulum
1380 2947 1410 2996 et
1432 2954 1535 3012 repre·

270 3048 425 3107 hensionis
448 3054 562 3116 notam,
586 3061 646 3117 que
679 3045 753 3118 ipsis
785 3047 943 3104 occasione
974 3047 1151 3104 huiusmodi
1176 3054 1301 3120 possent
1325 3046 1436 3103 futuris
1460 3052 1535 3101 tem-

271 3156 400 3228 poribus
430 3168 485 3225 per
515 3151 679 3223 quospiam
710 3152 836 3207 asscribi
872 3152 921 3209 vel
953 3154 1067 3226 inponi,
1092 3169 1147 3226 per
1179 3168 1233 3209 nos
1260 3153 1371 3209 factam
1397 3152 1535 3208 innoxias

270 3259 513 3332 indempnesque
536 3258 745 3331 comperimus
768 3263 798 3314 et
821 3258 981 3329 immunes,
1005 3259 1175 3316 luculenter
1192 3260 1220 3316 in
1239 3259 1397 3332 premissis
1413 3264 1442 3313 et
1458 3272 1535 3329 quo-

271 3367 348 3424 libet
389 3365 613 3438 premissorum
657 3363 851 3420 immunitate
886 3370 915 3420 et
950 3365 1124 3421 innocencia
1162 3365 1353 3433 eorumdem,
1392 3380 1460 3435 que,
1495 3362 1532 3418 ad

270 3482 394 3545 tempus
418 3475 595 3542 contempta
617 3470 733 3526 latebat
756 3469 850 3525 velud
875 3485 985 3527 aurum
1010 3472 1038 3527 in
1064 3471 1129 3528 luto
1158 3473 1302 3544 positum,
1319 3470 1401 3542 quod
1419 3469 1535 3526 valoris

270 3579 317 3635 sui
341 3577 488 3634 meritum
507 3576 664 3633 radiorum
683 3574 848 3647 splendore
864 3583 983 3632 serenat
1002 3577 1171 3633 clarissime
1187 3582 1215 3632 et
1232 3576 1368 3632 illustrat
1385 3576 1413 3631 in
1432 3575 1532 3630 lucem

269 3683 420 3756 producta
432 3687 536 3739 nostro
553 3682 639 3752 regio
651 3682 680 3738 in
698 3687 862 3754 conspectu
879 3687 908 3737 et
925 3681 1044 3753 liquido
1057 3689 1231 3755 apparente.
1246 3681 1308 3737 Nos
1322 3695 1404 3748 vern,
1419 3686 1533 3752 quanto

269 3804 401 3862 superne
426 3787 648 3845 illustracionis
672 3787 789 3844 lumine
812 3803 919 3843 sumus
943 3786 1062 3842 felicius
1086 3786 1220 3843 decorati
1244 3787 1361 3855 celitus,
1381 3792 1464 3842 tanto
1481 3787 1534 3841 ho-

269 3895 336 3952 nori
360 3893 547 3965 utilitatique
563 3897 592 3949 et
609 3891 774 3950 commodo
797 3893 877 3949 dicte
901 3892 1027 3948 ecclesie
1050 3894 1256 3963 zagrabiensis
1279 3909 1333 3949 nos
1359 3893 1534 3964 mancipare

269 4008 298 4057 et
323 3998 488 4068 intendere,
512 3997 561 4054 dei
585 4005 614 4055 et
638 3999 803 4055 salvatoris
826 3999 922 4054 nostri
946 3999 1113 4055 clemencia
1136 4015 1170 4054 ac
1194 3999 1363 4055 beatissimi
1387 3997 1534 4071 Stephani

271 4107 364 4180 primi
388 4105 470 4176 regis
494 4105 724 4175 ilungarorum,
749 4103 875 4174 domini,
911 4103 1135 4176 predecessoris
1157 4110 1187 4160 et
1211 4105 1416 4178 progenitoris
1440 4105 1533 4161 nostri

270 4211 406 4269 almifice
429 4209 663 4281 recordacionis,
688 4210 740 4282 qui
765 4211 809 4266 uti
833 4225 902 4266 rosa
925 4211 1004 4267 inter
1027 4210 1093 4266 lilia
1116 4211 1262 4267 rubinosa
1287 4211 1315 4267 in
1341 4211 1408 4282 ipso
1440 4224 1534 4281 regno

270 4323 383 4386 nostro,
408 4316 456 4373 cui
480 4322 607 4373 auctore
631 4315 757 4373 domino
781 4323 811 4373 et
835 4317 930 4389 ipsius
953 4317 1124 4388 opitulante
1147 4318 1312 4372 clemencia
1333 4316 1533 4389 presidemus,

269 4425 387 4481 meritis
411 4422 509 4494 fulget
533 4423 741 4491 sanctissimis,
765 4423 857 4482 accio.
881 4438 941 4494 que
964 4430 1067 4478 nostra
1090 4429 1135 4478 est
1159 4423 1330 4492 instrucci0,
1355 4423 1440 4493 angit
1463 4437 1533 4494 pro-

269 4530 394 4603 pensius
416 4534 446 4585 et
470 4527 594 4598 inducit,
618 4528 677 4584 sub
700 4528 786 4584 cuius
807 4528 932 4584 nomine
948 4529 1139 4584 sanctissimo
1155 4534 1262 4585 cuncta
1280 4543 1428 4600 prospera
1444 4528 1533 4583 nobis

270 4635 435 4692 victoriose
469 4634 734 4707 triumphantibus
763 4641 792 4690 et
822 4632 986 4705 magnifice
1018 4635 1242 4706 imperantibus
1270 4635 1299 4690 in
1325 4635 1413 4690 terris
1437 4649 1533 4705 usque

269 4739 309 4798 ad
328 4740 384 4797 hec
407 4745 547 4813 tempora
578 4745 787 4796 successerunt
818 4746 847 4795 et
871 4737 1036 4795 succedunt
1058 4738 1097 4796 de
1120 4740 1263 4813 presenti,
1287 4740 1435 4812 cuiusque
1459 4739 1530 4797 sub·
