3488 5242
681 328 754 384 Doc.
778 341 850 404 204.
876 361 913 371 —
939 326 1110 406 An.1346.
1471 332 1529 406 183

264 522 425 593 tributum,
449 524 527 580 sicut
551 523 610 582 fuit
631 525 708 582 alias
732 533 919 584 consuetum.
935 526 1030 596 item,
1054 527 1093 583 de
1112 528 1253 599 quolibet
1269 543 1362 584 curru
1378 544 1526 599 asserum,

264 645 342 685 unus
366 644 465 696 asser;
489 629 581 686 etde
612 631 754 703 quolibet
786 648 879 689 curru
910 632 1104 705 plancarum,
1127 633 1250 704 obuluS,
1272 639 1400 706 pensato
1424 635 1532 692 valore

263 736 372 791 talium
397 736 569 794 secundum
597 739 697 795 maius
728 746 757 795 et
789 740 899 810 minus,
930 755 1054 812 semper
1085 741 1193 811 previa
1225 740 1348 798 racione
1357 759 1365 810 ;
1394 740 1432 798 de
1462 741 1532 798 aliis

265 856 338 897 vero
363 841 584 913 lignaminibus
615 842 653 898 ad
688 842 810 901 edificia
841 844 1088 916 competentibus
1111 846 1162 900 vel
1194 845 1373 902 necessariis
1395 844 1435 901 ad
1459 861 1532 917 que-

264 963 396 1019 cumque
420 948 565 1004 utensilia
588 948 726 1005 intranea
756 950 807 1006 vel
837 958 982 1007 extranea
1000 949 1038 1006 de
1069 950 1199 1022 singulis
1230 951 1381 1021 curribus,
1407 950 1531 1020 obulus,

266 1053 400 1109 maxime
424 1068 495 1110 cum
519 1053 697 1112 huiusmodi
721 1056 890 1127 lignamina
914 1063 946 1112 ut
970 1056 1143 1129 plurimum
1159 1054 1197 1112 de
1212 1055 1301 1113 silvis
1325 1055 1422 1128 ipsius
1445 1056 1529 1129 capi-

265 1159 321 1215 tuli
346 1158 506 1217 ducantur.
531 1159 618 1229 Item,
642 1161 775 1232 quilibet
797 1177 886 1218 suam
911 1162 1009 1219 vitam
1031 1160 1145 1218 ducens
1169 1176 1240 1217 cum
1262 1160 1368 1233 aliqua
1391 1165 1456 1217 arte
1480 1160 1532 1217 vel

264 1265 449 1336 magisterio,
473 1266 540 1323 sive
563 1267 602 1322 sit
627 1267 806 1323 tabernator
837 1273 928 1340 potus
959 1267 1188 1339 cuiuscumque,
1219 1267 1285 1324 sive
1317 1264 1455 1339 pellifex,
1479 1272 1532 1323 aut

263 1369 442 1442 lucifigulus
473 1387 544 1428 cum
575 1372 732 1429 similibus
763 1380 883 1430 tenetur
912 1373 1035 1430 solvere
1065 1388 1123 1447 pro
1155 1373 1272 1430 tributo
1303 1373 1461 1430 annuatim
1492 1372 1530 1428 ad

264 1475 377 1532 festum
400 1477 570 1534 nativitatis
593 1477 710 1536 domini
735 1479 871 1550 quinque
895 1478 1045 1549 denarios,
1069 1487 1099 1536 et
1121 1479 1266 1536 similiter
1288 1478 1327 1536 ad
1346 1477 1460 1535 festum
1484 1494 1531 1535 re·

264 1583 466 1640 surreccionis
490 1583 628 1641 eiusdem
651 1590 681 1641 et
704 1584 813 1642 eodem
838 1584 932 1642 modo
955 1584 995 1641 ad
1018 1584 1133 1643 festum
1165 1585 1248 1642 beati
1270 1585 1352 1658 regis
1374 1582 1530 1657 Stephani.

264 1691 349 1759 item,
373 1689 455 1762 quod
480 1691 505 1747 si
530 1691 635 1763 alique
657 1707 707 1749 res
730 1692 873 1765 superius
896 1707 956 1748 non
980 1707 1125 1764 expresse
1141 1691 1293 1749 ducantur
1313 1689 1531 1764 undecumque

239 1802 294 1853 et
317 1797 538 1868 cuiuscumque
568 1798 664 1869 precii
695 1798 835 1869 existant,
866 1798 904 1855 de
935 1798 1049 1869 quibus
1080 1797 1167 1869 quasi
1199 1797 1310 1868 ignotis
1333 1811 1393 1853 non
1417 1796 1532 1853 recole-

264 1904 356 1958 batur
380 1902 532 1959 tributum
557 1919 623 1959 esse
645 1909 814 1976 receptum,
839 1903 1025 1975 quandoque
1048 1902 1086 1959 de
1110 1903 1203 1959 rebus
1227 1901 1404 1960 huiusmodi
1420 1903 1533 1974 ignotis

264 2008 316 2065 vel
339 2023 400 2065 non
424 2009 578 2066 consvetis
602 2011 692 2066 valor
714 2010 897 2081 attendatur,
921 2017 951 2066 et
974 2010 1018 2066 sic
1039 2009 1144 2067 habita
1161 2009 1358 2066 estimacione
1378 2007 1531 2080 condigna

264 2115 431 2183 communi,
455 2130 528 2188 pars
551 2115 717 2173 centesima
746 2115 913 2188 recipiatur
942 2129 1000 2188 pro
1034 2115 1151 2171 tributo
1173 2114 1204 2170 in
1227 2113 1370 2183 denariis,
1394 2112 1532 2170 conside-

265 2221 386 2277 racione
411 2220 516 2278 habita
540 2221 657 2278 valoris
680 2220 887 2293 denariorum,
920 2221 1014 2278 modo
1046 2235 1108 2293 quo
1139 2235 1243 2293 supra,
1267 2225 1298 2275 et
1321 2210 1371 2297 (si)
1394 2219 1528 2276 solventi

265 2327 415 2398 placuerit
439 2325 477 2382 de
501 2325 617 2383 eisdem
640 2327 733 2384 rebus
758 2332 879 2400 partem
911 2327 1109 2385 centesimam
1134 2325 1304 2382 tributariis
1326 2324 1424 2397 ipsius
1448 2325 1532 2398 capi-

265 2432 322 2489 tuli
345 2432 561 2505 zagrabiensis,
585 2433 733 2490 exsolvat.
765 2433 833 2490 Hoc
863 2434 960 2490 eciam
991 2437 1037 2490 est
1068 2437 1235 2505 repertum,
1266 2429 1350 2503 quod
1375 2430 1530 2488 tributarii

265 2539 364 2611 ipsius
386 2539 515 2611 capituli
538 2538 674 2596 adinstar
704 2539 942 2597 tributariorum
973 2538 1092 2595 domini
1122 2528 1229 2616 (regis)
1260 2544 1388 2610 possunt
1419 2542 1449 2593 et
1476 2536 1531 2594 de-

266 2647 346 2715 bent,
371 2646 425 2703 ubi
449 2646 493 2702 eis
517 2661 638 2702 necesse
662 2644 763 2716 fuerit,
787 2646 852 2703 sive
877 2647 906 2703 in
930 2652 1035 2702 monte
1058 2642 1205 2701 Grecensi
1228 2643 1294 2700 sive
1313 2641 1398 2712 alias,
1423 2642 1454 2700 in
1479 2643 1531 2700 via

264 2760 293 2809 et
317 2752 505 2823 ubicumque
529 2751 680 2823 impedire
704 2768 754 2808 res
776 2759 806 2808 et
830 2753 910 2808 bona
934 2758 1150 2819 mercatorum,
1174 2749 1228 2821 qui
1251 2748 1295 2805 eis
1318 2746 1357 2804 ad
1381 2748 1532 2806 solvenda

264 2859 380 2916 tributa
413 2858 601 2930 obligantur.
633 2857 722 2915 Unde
753 2873 808 2914 nos
839 2864 996 2931 presentes
1027 2857 1145 2913 litteras
1176 2859 1296 2911 nostras
1327 2860 1465 2928 patentes
1492 2854 1532 2911 ad

266 2966 416 3021 maiorem
448 2964 602 3021 cantelam
635 2964 693 3036 ipsi
725 2964 862 3037 capitulo
897 2962 1098 3035 zagrabyensi
1132 2960 1278 3018 duximus
1313 2959 1531 3018 concedendas.

264 3071 379 3128 Datum
406 3070 481 3128 feria
505 3080 615 3142 quarta
639 3071 782 3143 proxima
805 3077 875 3127 ante
898 3068 1085 3126 dominicam
1109 3066 1216 3123 Ramis
1232 3066 1419 3140 palmamm.
1443 3069 1533 3125 Anno

265 3175 383 3233 domini
408 3177 576 3233 millesimo
600 3175 734 3232 CCCXL
757 3183 851 3233 sexto.

352 3310 492 3376 Originale
513 3311 538 3359 in
559 3311 716 3368 membrana,
736 3309 856 3375 sigillum
875 3311 991 3376 deperiit
1010 3316 1035 3360 et
1054 3325 1125 3360 zona
1144 3309 1175 3359 ln
1194 3308 1304 3359 archivo
1325 3324 1380 3359 ven.
1401 3309 1478 3374 capit¹
1492 3324 1531 3358 za-

267 3401 341 3464 grab.
363 3399 422 3447 l'asc.
447 3410 483 3448 ιο.
505 3414 542 3447 nr.
560 3399 602 3459 48.

855 3593 947 3660 204.

369 3650 445 3696 Anno
471 3648 543 3706 1340.

270 3776 433 3849 Capitulum
457 3776 572 3848 uirguub.
597 3776 630 3830 de
658 3775 736 3831 uillis
759 3774 878 3847 Kubr'lju
901 3782 929 3830 et
947 3772 1091 3848 Suibljuu,
1117 3775 1199 3848 apud
1215 3773 1407 3832 humentium
1430 3782 1531 3829 tavar-

264 3883 356 3937 m'curu
379 3889 479 3937 cuutru
501 3881 727 3936 cotumuur'tulcm
749 3880 873 3935 ciuitatis
908 3878 1078 3937 Grecluusr's
1101 3881 1177 3937 lilcut
1207 3880 1336 3950 intendit,
1360 3881 1389 3935 iu
1412 3897 1471 3953 qua
1494 3880 1531 3935 ci-

479 3989 553 4043 uitas
575 3987 696 4060 suffulta
712 3987 879 4059 privilegiis
901 3986 1055 4060 regalibus,
1076 4004 1194 4044 causum
1216 3988 1326 4045 obtinet

351 4130 491 4203 Quarum
525 4131 634 4202 prima,
667 4129 811 4187 videlicet
842 4131 939 4202 ipsius
970 4131 1087 4188 domini
1119 4132 1279 4189 Laurencii
1302 4132 1444 4203 magistri
1466 4132 1531 4188 tha·

263 4239 458 4294 vernicorum
491 4237 593 4293 littera
628 4237 842 4308 privilegialis,
870 4252 950 4295 anno
981 4236 1099 4294 domini
1123 4237 1293 4295 millesimo
1317 4238 1532 4295 trecentesimo

264 4344 501 4415 quadragesimo
525 4351 611 4399 sexto
634 4342 780 4412 confecta,
805 4343 971 4416 sigilloque
1003 4343 1141 4401 eiusdem
1164 4345 1317 4401 autentico
1341 4342 1531 4417 impendenti

263 4452 381 4508 vallata
405 4452 483 4508 inter
506 4458 607 4507 cetera
630 4451 835 4524 exprimebat,
859 4450 943 4523 quod
966 4466 1039 4507 cum
1055 4450 1132 4508 olim
1148 4451 1340 4524 prelibatum
1358 4450 1531 4523 capitulum

264 4558 391 4614 ecclesie
422 4557 638 4629 zagrabiensis,
669 4555 802 4614 iudicem
833 4572 896 4613 sew
927 4556 1071 4614 villicum
1101 4571 1137 4614 ac
1160 4557 1276 4614 iuratos
1299 4557 1384 4619 ciues
1407 4561 1438 4613 et
1460 4555 1530 4612 hos-

264 4663 359 4734 spites
383 4662 421 4719 de
443 4661 540 4719 Grecz
562 4663 733 4732 universos,
757 4667 821 4719 tam
845 4678 903 4735 pro
927 4662 1008 4720 sacto
1031 4663 1280 4736 possessionario,
1304 4677 1400 4736 quam
1416 4667 1447 4718 et
1462 4661 1532 4719 aliis

263 4768 400 4842 negociis
420 4769 499 4826 inter
522 4784 575 4826 eos
597 4768 750 4826 suscitatis
780 4768 969 4842 litigionario
991 4784 1138 4843 processu
1160 4770 1326 4827 observato
1349 4767 1389 4826 ad
1412 4772 1532 4826 certum
