3488 5242
640 333 713 390 Dec.
736 328 805 390 182.
833 367 869 374 -
896 333 952 391 An.
976 348 1064 413 1343.
1422 354 1481 413 159

217 546 329 588 ronum
367 532 453 602 regni
492 531 588 588 nostri
620 531 803 589 ratificatam
836 532 1030 604 aliquatenus
1062 541 1277 608 presumpmat
1309 535 1482 594 molestare.

218 638 246 694 ln
272 639 468 710 corporalem
492 644 595 694 autem
617 639 842 710 possessionem
859 637 939 695 dicte
956 639 1108 696 libertatis
1126 640 1227 713 ipsurn
1244 641 1416 714 capitulum
1433 658 1480 698 za·

215 745 376 814 grahiense
400 761 456 816 per
479 744 599 813 Rawaz,
628 744 697 801 aule
718 751 821 801 nostre
838 745 970 803 militem
1000 744 1127 802 fidelem
1151 752 1181 803 et
1204 745 1400 820 familiarem,
1424 748 1483 804 sub

216 851 392 906 testimonio
416 850 549 906 hominis
573 850 699 923 capituli
724 851 851 907 ecclesie
876 852 1204 923 quinqueecclesiensis
1235 852 1364 910 fecimus
1388 855 1481 911 intro·

216 955 307 1023 duci;
333 963 488 1028 presentes
511 962 614 1014 nutem
640 957 714 1013 dum
738 957 827 1014 nobis
852 955 964 1014 fuerint
988 964 1144 1031 reportate
1172 959 1201 1016 in
1227 958 1361 1016 formam
1384 961 1481 1017 nostri

217 1062 373 1134 privilegii
397 1063 496 1134 redigi
521 1063 675 1119 faciemus.
701 1063 814 1119 Datum
840 1064 869 1120 in
895 1063 1070 1135 vissegrad,
1095 1065 1124 1121 in
1145 1067 1278 1123 crastino
1305 1065 1373 1123 festi
1396 1068 1483 1125 beate

218 1169 311 1225 Lucie
344 1170 480 1240 virginis.
519 1172 607 1227 Anno
643 1170 760 1227 domini
793 1169 962 1226 millesimo
996 1172 1209 1227 tercentesimo
1243 1171 1483 1244 quadragesimo

217 1276 359 1333 secundo

309 1396 329 1444 F,
349 1403 514 1459 transumpto
534 1395 658 1459 Stephani
681 1394 825 1459 praepositi
848 1394 1138 1459 quinqueeeelesiensis.
1158 1410 1225 1448 anuo
1248 1408 1320 1456 1343.

809 1607 892 1673 182.

326 1753 401 1799 Anno
425 1758 498 1809 1343,
522 1757 559 1806 13.
577 1747 700 1812 januarii,
719 1747 873 1811 Zagrabiae.

229 1879 336 1935 Modus
357 1878 492 1951 erigendi
512 1877 620 1934 tributa
644 1878 812 1935 incivitate
841 1875 1006 1942 Grccleensf,
1029 1879 1106 1935 inter
1127 1880 1283 1952 capitulum
1306 1881 1423 1954 zagrub.
1448 1889 1477 1938 et

361 1985 503 2041 cleritatem
526 1984 628 2039 tripietis
654 1981 834 2049 Greclrcnsis,
856 1984 998 2040 communi
1019 2001 1165 2049 consensu,
1188 1986 1341 2044 stabiliter.

307 2128 490 2201 Capitulum
520 2126 727 2199 zagrabiensis
758 2126 894 2183 ecclesie.
919 2125 1079 2185 Universis
1112 2130 1305 2201 presencium
1335 2131 1481 2189 noticiam

220 2234 380 2303 habituris,
404 2233 535 2289 salutem
560 2233 590 2289 in
615 2231 741 2289 domino
764 2231 858 2314 Jhesu
883 2231 1016 2290 Christo.
1039 2233 1166 2291 Dudum
1190 2236 1268 2293 inter
1285 2250 1341 2293 nos
1357 2242 1386 2294 et
1402 2238 1484 2295 cives

220 2339 388 2397 Grecenses
412 2339 544 2412 quedam
571 2337 691 2395 fuerant
722 2343 827 2394 exorte
858 2336 1019 2405 discordie,
1050 2339 1129 2396 inter
1158 2347 1259 2398 cetera
1282 2357 1377 2415 super
1398 2358 1486 2400 exac-

221 2446 306 2502 cione
330 2447 425 2503 nostri
451 2446 559 2502 tributi
584 2445 613 2502 in
639 2449 742 2501 monte
766 2451 796 2501 et
819 2444 975 2501 territorio
1002 2443 1192 2514 eorumdem,
1217 2462 1311 2519 super
1335 2462 1396 2519 quo
1420 2454 1485 2504 tan·

221 2551 385 2608 demeum
411 2552 486 2623 ipsis
510 2551 631 2607 civibus
655 2549 836 2606 devenimus
867 2548 904 2606 ad
937 2549 1144 2620 concordiam,
1178 2550 1256 2609 sicul
1279 2551 1417 2610 declarat
1439 2569 1487 2610 ar·

222 2659 333 2715 ticulus
357 2659 385 2713 in
412 2657 521 2713 litteris
545 2656 774 2712 communitatis
804 2654 975 2724 Grecensis,
1007 2672 1084 2728 quas
1115 2657 1274 2726 habemus,
1307 2660 1425 2731 positus
1456 2661 1487 2717 in

222 2766 277 2821 lrec
302 2764 412 2819 verba:
439 2762 499 2818 Nec
523 2762 561 2818 nd
585 2761 746 2834 querelam
775 2776 1044 2834 quorumcumque
1075 2763 1267 2820 solvencium
1292 2765 1409 2823 tributa
1432 2782 1487 2824 nos

222 2870 470 2937 intromittemus,
491 2883 597 2940 ymmo
620 2867 803 2924 discussioni
826 2866 963 2924 eiusdem
995 2868 1124 2940 capituli
1157 2874 1256 2926 totum
1281 2871 1487 2944 relinquimus

222 2984 251 3033 et
275 2976 311 3031 ad
339 2977 440 3048 ipsum
466 2976 709 3031 transmittemus
734 2974 937 3046 querelantes.
962 2973 998 3029 Et
1021 2981 1055 3030 ut
1077 2975 1178 3032 omnis
1198 2977 1407 3035 controversie
1424 2994 1488 3035 ma·

223 3084 299 3139 teria
324 3083 352 3138 in
378 3084 434 3159 linc
460 3089 545 3154 parte
570 3081 699 3137 tollatur
722 3079 759 3136 de
784 3077 896 3146 medin,
920 3095 976 3152 per
1004 3079 1136 3137 iudicem
1162 3087 1191 3137 et
1214 3083 1297 3139 eires
1320 3082 1489 3142 Grecenses

223 3192 327 3262 sepius
350 3190 499 3260 requisiti.
525 3190 554 3245 in
579 3189 637 3245 hiis
661 3187 783 3258 scriptis
807 3185 1009 3255 declaramus
1034 3187 1169 3259 qualiter
1189 3187 1300 3245 debeat
1315 3190 1419 3263 ipsum
1436 3192 1489 3248 tri·

224 3299 332 3354 butum
356 3303 385 3353 et
408 3296 562 3368 aquibus
586 3295 676 3366 exigi,
700 3303 733 3349 ut
757 3293 795 3350 de
820 3295 877 3350 hoc
901 3292 960 3365 ipsi
983 3292 1066 3349 cives
1089 3292 1249 3351 certificati
1274 3293 1393 3352 facilius
1418 3312 1487 3368 pos·

223 3404 283 3459 sint
307 3401 438 3458 evadere
469 3402 493 3458 si
526 3401 578 3472 qui
611 3399 723 3456 fuerint
754 3399 957 3472 querelantes.
989 3403 1068 3456 Ante
1098 3401 1201 3457 omnia
1232 3402 1315 3458 enim
1347 3400 1488 3474 dicimus,

225 3508 308 3580 quod
335 3509 435 3580 ipsum
462 3507 613 3563 tributum
638 3506 742 3577 regale
772 3511 817 3561 est
849 3511 879 3562 et
909 3506 953 3562 sic
979 3506 1165 3576 generaliter
1188 3523 1220 3563 se
1243 3505 1281 3564 ad
1306 3522 1414 3564 omnes
1437 3526 1488 3567 ex·

224 3615 359 3677 tendens,
384 3629 500 3685 nosque
523 3614 626 3685 ipsum
651 3629 689 3668 ex
712 3612 882 3668 collacione
906 3611 990 3683 regia
1006 3613 1183 3685 optinemus
1199 3628 1269 3669 eum
1287 3612 1489 3672 validissimis

223 3722 382 3791 regalibus
406 3719 624 3786 instrumentis,
647 3725 677 3774 et
700 3717 771 3774 ideo
786 3716 825 3774 ad
842 3717 1033 3774 solucionem
1050 3717 1154 3790 ipsius,
1172 3718 1266 3775 modo
1282 3718 1487 3793 infrascripto,

225 3841 332 3883 omnes
356 3835 385 3882 et
408 3825 521 3895 singuli
546 3824 733 3895 obligantur,
766 3823 818 3895 qui
850 3838 867 3879 a
898 3823 1056 3879 solucione
1083 3823 1221 3881 eiusdem
1245 3826 1414 3882 canonibus
1437 3827 1488 3883 vel

226 3932 347 4003 legibus
369 3939 421 3987 aut
446 3947 501 4003 per
525 3931 627 4001 regale
652 3930 852 4002 privilegium
878 3935 1055 3985 emanatum
1074 3935 1144 3986 ante
1166 3930 1368 3987 collacionem
1392 3932 1489 4004 ipsius

225 4039 314 4095 nobis
339 4037 449 4093 factam
474 4037 522 4093 vel
548 4037 645 4092 eciam
670 4051 725 4108 per
748 4042 867 4092 nostras
900 4035 1017 4092 litteras
1040 4051 1100 4092 non
1125 4036 1321 4108 reperiuntur
1343 4039 1488 4111 exempti.

226 4144 329 4200 Primo
353 4144 445 4214 igitur
469 4142 506 4198 de
530 4142 659 4214 singulis
683 4142 825 4197 curribus
850 4141 1006 4197 baliarum
1042 4156 1114 4197 eum
1144 4142 1300 4199 mercibus
1323 4142 1488 4214 honeratis,

225 4265 280 4306 nos
304 4249 464 4317 disligatis,
486 4247 635 4318 Zagrabie
660 4247 895 4314 transeuntibus
919 4261 1116 4318 quocumque
1139 4253 1169 4302 et
1193 4246 1408 4320 undecumque
1432 4264 1489 4321 per

226 4356 414 4412 territorium
440 4355 578 4426 ipsorum
602 4353 804 4410 Grecensium
836 4353 886 4408 vel
917 4360 1067 4423 nostrum,
1099 4368 1197 4426 prope
1220 4353 1413 4425 Zagrabiam,
1438 4354 1489 4413 de·

226 4464 338 4518 benlur
362 4462 473 4516 nostris
497 4460 668 4515 tributariis
692 4458 855 4515 duodecim
879 4458 996 4516 denarii
1021 4460 1093 4516 boni
1118 4460 1253 4528 banales,
1269 4475 1393 4533 semper
1416 4462 1488 4518 sub·

169 4584 172 4591 ¹
226 4566 427 4637 intelligendo
451 4565 489 4621 de
513 4564 689 4621 huiusmodi
722 4563 864 4631 denariis,
888 4580 1023 4638 quorum
1050 4567 1245 4637 septuaginta
1268 4564 1308 4622 ad
1332 4567 1412 4638 plus,
1437 4582 1489 4624 va·

227 4675 308 4729 leant
332 4687 427 4729 unum
451 4672 489 4728 de
512 4687 587 4728 auro
612 4687 690 4743 puro
714 4669 865 4728 florenum
888 4670 938 4726 vel
962 4668 1118 4727 ducatum.
1144 4670 1282 4743 Exigitur
1309 4672 1408 4729 eciam
1436 4674 1490 4730 tri-

227 4780 338 4836 butum
362 4778 468 4835 ordine
492 4777 619 4834 inferius
642 4776 786 4834 distincto
802 4775 841 4833 de
856 4775 1044 4833 animalibus
1060 4781 1090 4832 et
1105 4777 1199 4834 rebus
1222 4777 1292 4834 aliis
1317 4778 1489 4849 venalibus,
