3488 5242
656 348 729 405 Dor.
747 344 823 425 382.
850 382 887 392 -
906 351 961 408 An.
986 363 1073 426 1395.

826 579 913 645 382.

340 739 416 785 Anno
439 745 511 797 1395,
535 746 555 784 1.
576 736 739 800 septembris,
757 736 909 802 Zagrabiae.

234 881 386 938 llltrrle'uus
413 882 502 951 Ders,
535 881 684 938 vicebunus
715 882 832 955 tresuriu
856 885 998 958 facinora
1028 885 1190 958 alt'quorum
1220 885 1445 942 inhabitatorum
1469 887 1499 941 in

235 986 384 1057 Loruuicu,
417 987 524 1044 crnibus
552 986 759 1045 Grcclrensibus
781 1007 933 1063 eoruruque
955 990 1149 1063 tobugionibus
1171 991 1205 1048 de
1227 987 1384 1048 Petronium
1407 992 1501 1061 illuto,

821 1097 917 1170 refert.

323 1255 387 1313 Nos
410 1257 557 1328 magister
581 1257 730 1314 Martinus
762 1258 841 1316 Ders
864 1259 1030 1316 vicebanus
1054 1262 1084 1315 et
1106 1272 1209 1314 comes
1232 1257 1441 1329 zagrabiensis
1463 1273 1499 1316 ac

235 1363 351 1420 iudices
381 1363 535 1419 nobilium
566 1362 704 1420 eiusdem
739 1365 910 1421 comitatus.
942 1365 1091 1421 Memorie
1122 1363 1387 1435 commendamus,
1415 1363 1499 1436 quod

235 1484 305 1524 cum
329 1483 384 1525 nos
407 1467 445 1524 ad
469 1468 631 1525 instantem
655 1470 840 1542 peticionem
872 1469 990 1538 iudicis,
1022 1470 1193 1527 iuratorum
1225 1479 1255 1525 et
1283 1470 1503 1527 universorum.

235 1575 350 1631 civium
374 1574 487 1630 montis
510 1573 701 1634 Grechensis
733 1574 867 1646 Petrum,
899 1574 1000 1632 filium
1031 1574 1187 1648 Stephani,
1221 1590 1316 1631 unum
1339 1591 1377 1631 ex
1400 1576 1498 1647 nobis,

235 1681 351 1737 scilicet
373 1679 527 1737 iudicibus
562 1680 714 1737 nobilium
746 1680 784 1737 ad
817 1679 1047 1754 infrascriptam
1070 1682 1303 1753 inquisicionem
1328 1680 1499 1739 faciendam

236 1786 374 1857 legitime
396 1785 650 1855 destinassemus;
675 1785 800 1843 tandem
831 1785 913 1843 idem
945 1786 1055 1844 exinde
1085 1787 1123 1844 ad
1156 1803 1211 1844 nos
1236 1802 1386 1856 reversus,
1409 1788 1500 1844 nobis

236 1892 341 1948 retulit
365 1893 423 1948 isto
447 1891 556 1948 modo:
581 1891 664 1963 quod
686 1891 752 1964 ipse
775 1892 816 1948 ab
839 1893 984 1950 omnibus
1007 1893 1121 1965 quibus
1144 1892 1294 1950 decuisset
1310 1901 1339 1949 et
1354 1892 1500 1963 licuisset,

235 1998 339 2071 palam
363 2007 392 2055 et
416 1999 517 2055 oculte
540 1997 704 2071 diligenter
727 1997 919 2071 inquirendo
950 2000 1028 2055 hanc
1058 1998 1096 2054 de
1127 1997 1332 2071 infrascriptis
1362 1998 1501 2056 scivisset

237 2104 406 2171 veritatem,
431 2103 514 2175 quod
548 2103 718 2174 Ladislaus,
749 2103 834 2161 filius
856 2103 1012 2162 Valentini
1036 2111 1065 2161 et
1089 2103 1212 2174 Paulus,
1244 2104 1328 2162 filius
1351 2103 1442 2175 Petri,
1465 2121 1501 2162 ac

235 2208 390 2278 Nicolaus,
415 2209 498 2266 filius
522 2208 620 2279 Nouk,
648 2225 764 2266 necnon
795 2210 981 2281 Dyonisyus,
1012 2210 1096 2267 filius
1127 2210 1209 2267 Petri
1240 2209 1278 2267 de
1309 2210 1501 2283 Lompnicha

236 2330 368 2371 unacum
393 2315 540 2372 iratribus
564 2316 704 2387 ipsorum
727 2314 765 2373 de
788 2315 907 2384 eadem,
931 2313 1008 2372 seria
1030 2321 1117 2372 sexta
1139 2315 1283 2388 proxima
1300 2322 1370 2389 post
1387 2315 1500 2373 festum

234 2420 457 2491 penthecostes,
482 2438 561 2478 nune
585 2423 777 2493 preteritum,
802 2421 945 2478 manibus
967 2421 1095 2478 armatis
1126 2427 1155 2479 et
1188 2421 1384 2495 potenciariis
1407 2437 1501 2495 super

234 2529 318 2600 ipsos
341 2526 484 2588 iudicem,
509 2528 624 2583 iuratos
646 2534 676 2584 et
697 2528 858 2585 universos
881 2527 964 2584 cives
981 2526 1135 2597 irruendo,
1151 2527 1236 2600 ipsos
1259 2527 1430 2584 interficere
1446 2542 1496 2584 vo-

235 2633 363 2689 luissent
393 2639 422 2688 et
446 2632 568 2704 aliquos
591 2649 628 2689 ex
652 2633 727 2705 ipsis
758 2632 871 2689 ictibus
900 2633 1069 2704 sagitarum
1100 2632 1289 2690 affecissent:
1321 2632 1358 2690 de
1380 2648 1417 2689 eo
1440 2649 1500 2691 non

235 2739 376 2806 contenti,
400 2739 480 2794 cirea
506 2738 617 2795 festum
641 2740 729 2795 beate
753 2739 947 2811 Margarethe
971 2738 1100 2809 virginis
1115 2740 1258 2810 proxime
1282 2740 1424 2810 elapsum
1440 2752 1501 2796 non

235 2843 372 2900 modicas
404 2842 508 2915 fruges
538 2843 692 2901 dictorum
724 2845 838 2901 civium
870 2845 950 2901 intra
980 2849 1077 2900 metas
1108 2842 1268 2901 cuiusdam
1299 2845 1499 2917 possessionis

235 2952 375 3022 ipsorum
399 2951 513 3006 civium
539 2950 700 3007 l'etrouina
728 2951 891 3007 existentes
922 2955 1037 3007 metere
1060 2958 1089 3006 et
1113 2958 1271 3023 asportare
1295 2956 1324 3006 et
1348 2949 1499 3022 quosdam

235 3056 413 3125 iobagiones
436 3053 590 3112 dictorum
614 3056 729 3112 civium
753 3055 783 3112 in
813 3054 921 3112 eadem
953 3055 1145 3128 possessione
1172 3055 1335 3113 Petrouina
1359 3070 1497 3112 commo·

235 3169 336 3218 rantes
360 3160 458 3232 rigide
481 3162 608 3234 spoliari
632 3167 662 3218 et
685 3161 767 3234 quod
792 3147 872 3219 cirea
897 3161 1010 3219 festum
1037 3162 1117 3219 beati
1139 3161 1349 3219 Bartholomei
1365 3163 1498 3235 apostoli

234 3267 272 3324 de
296 3282 376 3323 novo
400 3273 632 3338 retrogressum,
656 3268 806 3325 nonnulla
829 3266 935 3324 senilia
958 3283 1010 3325 seu
1035 3275 1125 3341 prata
1146 3267 1299 3325 dictorum
1316 3268 1432 3325 civium
1448 3267 1501 3324 de-

235 3372 342 3430 t'alcuri
374 3381 403 3429 et
434 3374 585 3446 asportari
617 3380 646 3431 et
678 3373 833 3445 quandam
865 3379 979 3430 metam
1011 3374 1151 3447 ipsorum
1182 3374 1297 3431 civium
1328 3372 1445 3431 destrui
1470 3379 1500 3430 et

233 3479 405 3536 annihilari.
431 3479 558 3551 Insuper
580 3479 757 3550 Gregorius
789 3478 941 3551 Georgius
972 3485 1002 3536 et
1033 3478 1149 3548 Petrus,
1180 3478 1264 3536 filius
1293 3479 1438 3536 Marthini
1462 3478 1501 3536 de

233 3586 373 3657 Oressya,
397 3602 528 3643 unacum
554 3585 701 3643 fratribus
725 3586 865 3668 ipsorum
888 3586 969 3643 circa
992 3585 1167 3658 predictum
1191 3585 1304 3642 festum
1328 3585 1411 3642 beati
1428 3585 1500 3641 Bar·

234 3691 382 3749 tholomei
401 3691 440 3748 ad
464 3692 559 3749 aliam
583 3693 807 3764 possessionem
824 3690 977 3749 dictorum
994 3691 1110 3748 civium
1126 3691 1265 3748 Hrascha
1281 3696 1499 3763 nuncupatam,

234 3797 392 3867 veniend0,
416 3796 568 3870 quosdam
592 3798 769 3869 iobagiones
793 3799 932 3870 ipsorum
949 3799 979 3854 in
996 3796 1105 3854 eadem
1127 3796 1294 3853 residentes
1316 3795 1500 3869 reperiendo

233 3904 400 3959 enormiter
423 3904 580 3960 verberari
613 3910 642 3960 et
673 3903 801 3975 spoliari
833 3909 863 3960 et
893 3902 1027 3975 quedam
1054 3901 1158 3959 lenilia
1182 3900 1330 3959 defalcari
1355 3900 1496 3958 fecissent

233 4009 360 4082 propria
383 4010 521 4083 ipsorum
539 4009 680 4082 potencia
696 4008 858 4077 mediante,
875 4008 975 4081 culpis
990 4023 1099 4065 eorum
1116 4008 1243 4065 minime
1259 4007 1498 4079 requirentibus,

233 4116 262 4171 in
286 4115 489 4188 preiudicium
514 4115 694 4172 eorumdem
718 4114 809 4171 valde
826 4129 990 4185 magnum;
1013 4113 1068 4170 lite
1091 4120 1194 4171 tamen
1218 4114 1297 4170 inter
1319 4112 1404 4185 ipsos
1427 4128 1500 4185 pen-

233 4219 330 4277 dente.
344 4221 460 4278 Datum
472 4221 630 4293 Zagrabie,
648 4221 677 4277 in
695 4220 771 4277 sesto
788 4220 871 4277 beati
888 4219 989 4292 Egidii
1002 4219 1131 4276 abbatis.
1150 4220 1238 4275 Anno
1255 4217 1373 4275 domini
1392 4217 1501 4274 llCCC

232 4329 431 4399 nonagesimo
454 4329 569 4400 quinto,
1494 4338 1499 4348 ·

323 4478 463 4545 Originalc
483 4481 510 4529 in
530 4481 627 4536 charta,
647 4481 701 4530 duo
720 4478 810 4546 sigilla
830 4495 844 4528 a
864 4485 940 4544 tergo
962 4493 1094 4543 appresso.
1122 4479 1152 4529 In
1178 4477 1288 4528 archivo
1308 4477 1355 4527 lib.
1384 4492 1439 4540 reg.
1460 4475 1502 4525 civ

233 4567 338 4629 zagrab.
