3488 5242
619 308 692 365 Doc.
717 303 766 384 83.
792 303 843 385 84.
869 339 905 348 —
931 305 987 364 An.
1012 319 1101 382 1292.
1461 322 1498 377 71

238 520 333 581 pensa
363 506 583 575 caruissemus;
614 520 669 562 nos
700 506 781 563 enim
812 506 992 563 necessitate
1022 505 1175 580 compulsi
1210 536 1245 544 —
1275 535 1311 544 -
1345 503 1502 577 quandam

236 620 351 670 terram
374 617 512 668 nostram
535 627 588 668 seu
613 610 765 685 predium,
790 611 872 684 quod
897 611 1033 683 Gragina
1056 616 1251 685 nuncupatur
1275 641 1310 650 -
1333 641 1368 650 -
1388 641 1431 650 —
1448 609 1501 668 de-

237 719 339 776 dimus
362 733 414 774 seu
440 717 627 774 contulimus
651 717 680 774 in
704 718 833 790 pignore
855 718 944 775 Petro
960 716 1156 786 Theotonic0‚
1173 715 1298 774 cuidam
1314 717 1415 790 probo
1433 716 1502 774 viro

236 831 265 882 et
289 826 417 882 honesto
441 839 499 898 pro
522 824 631 895 viginti
655 828 778 897 septem
806 824 919 880 marcis
950 823 1088 897 plenarie
1111 823 1151 879 ab
1175 838 1212 879 eo
1234 822 1366 895 receptis
1392 851 1429 860 —
1459 851 1496 861 -

239 962 288 988 —.
312 931 427 987 Datum
453 931 482 987 in
506 928 669 1002 quindenis
699 930 913 1002 apostolorum
948 928 1027 986 Petri
1058 935 1089 986 et
1121 928 1215 999 Pauli,
1243 928 1273 985 in
1297 928 1422 985 civitate
1446 927 1501 985 Za-

239 1036 402 1108 grahiensi.
427 1037 516 1092 Anno
540 1035 656 1093 domini
681 1035 764 1092 MCC
787 1037 986 1108 nonagesimo
1010 1034 1150 1092 secundo.
1238 1075 1241 1087 .

322 1154 444 1202 Wenczel
465 1154 573 1203 Gustav.
594 1153 684 1202 Codex
705 1152 814 1218 diplom.
835 1153 1003 1219 Arpadiauus
1022 1152 1197 1209 continuatus,
1216 1153 1268 1203 vol.
1292 1153 1329 1202 18.
1349 1168 1375 1216 p.
1398 1159 1437 1215 79.

837 1385 898 1450 83.

325 1529 418 1575 ¹Auno
441 1536 513 1590 1292,
534 1527 574 1575 26.
595 1526 749 1576 decembris.
769 1524 921 1590 Zagrabiae.

236 1653 372 1710 Andreas
396 1652 456 1708 Ill.
480 1653 655 1725 Hrmgarioe
677 1661 724 1709 etc.
748 1671 810 1721 rex,
832 1670 913 1725 quent
935 1652 1041 1709 Petms
1063 1649 1171 1708 Slavus
1193 1652 1226 1709 ele
1249 1653 1310 1708 vieo
1329 1653 1502 1709 Latinmm

289 1759 430 1832 frequens
453 1759 600 1828 ambiebat,
624 1759 813 1830 possessiones
834 1758 895 1814 eries
916 1776 935 1812 a
958 1756 1176 1830 quibuscumque
1199 1757 1311 1814 tributis
1336 1759 1442 1814 eximit.

325 1900 388 1958 Nos
412 1902 552 1959 Andreas
575 1902 625 1959 dei
648 1903 752 1975 gracia
776 1917 830 1958 rex
854 1901 996 1973 Vngarie.
1013 1899 1230 1973 Significamus
1247 1901 1360 1974 quibus
1376 1899 1503 1974 expedit

237 2008 430 2080 presencium
460 2022 517 2080 per
547 2014 693 2078 tenorem,
725 2005 809 2079 quod
840 2021 896 2064 nos
927 2005 1117 2064 attendentas
1147 2005 1313 2064 fidelitates
1340 2011 1370 2063 et
1394 2004 1501 2063 fidelia

236 2113 365 2170 servicia
396 2113 477 2170 Petri
506 2110 618 2183 Sclaui,
649 2111 688 2169 de
718 2112 787 2168 vico
817 2112 1005 2182 Latinorum,
1028 2112 1188 2170 servientis
1217 2112 1322 2181 nostri,
1346 2127 1385 2168 ex
1417 2112 1503 2184 regia

236 2226 339 2276 nostra
370 2216 584 2274 munificencia
616 2219 693 2274 hanc
722 2216 823 2274 eidem
853 2218 990 2290 graciam
1021 2216 1167 2274 duximus
1202 2216 1390 2274 faciendam:
1415 2215 1500 2289 quod

237 2324 341 2380 nullus
374 2323 472 2380 banus
495 2338 552 2396 pro
576 2327 715 2397 tempore
743 2324 925 2381 constitutus
948 2324 999 2380 vel
1023 2322 1174 2381 officiales
1198 2323 1337 2395 ipsorum
1361 2338 1414 2379 seu
1437 2322 1500 2380 col-

239 2431 368 2488 lectores
399 2430 495 2486 nostri
527 2430 692 2487 cuiuslihet
723 2430 851 2486 collecte
885 2445 944 2502 pro
974 2429 1064 2486 nobis
1095 2429 1125 2485 in
1158 2443 1342 2501 quocunque
1369 2427 1501 2485 articulo

238 2536 386 2608 exigende
410 2536 439 2593 in
472 2536 663 2607 possessione
686 2534 760 2592 dicti
791 2535 891 2605 Petri;
915 2534 997 2603 ivan,
1021 2533 1080 2591 filii
1103 2534 1236 2602 Martini,
1260 2534 1381 2606 cognati
1405 2534 1502 2608 ipsius

238 2648 267 2698 et
289 2640 466 2711 Domaldin‚
498 2641 632 2713 proximi
665 2639 846 2698 eorumdem
868 2656 903 2697 ac
927 2639 1065 2697 filiorum
1088 2655 1216 2697 suorum
1240 2640 1501 2712 possessione...

239 2745 408 2821 Scepnicha
439 2753 556 2816 vocata,
588 2746 772 2804 hereditaria
795 2746 986 2816 eorumdem,
1010 2745 1142 2803 audeant
1166 2746 1216 2802 vel
1240 2749 1422 2818 presumant
1445 2745 1502 2802 ali-

238 2854 371 2926 qualiter
394 2854 558 2910 molestare
583 2854 632 2909 vel
657 2853 789 2910 turbare.
818 2853 854 2909 Et
877 2859 911 2910 ut
933 2851 1111 2911 huiusmodi
1134 2859 1239 2909 nostra
1262 2851 1365 2924 gracia
1388 2851 1502 2923 regalis

237 2960 352 3017 eisdem
376 2959 456 3015 facta
480 2975 536 3032 per
559 2960 741 3032 quempiam
764 2960 861 3032 possit
884 2958 1053 3027 retractari,
1076 2959 1272 3032 presentibus
1296 2962 1437 3014 nostrum
1462 2957 1501 3013 si·.

238 3066 350 3137 gillum
375 3064 521 3121 duximus
544 3064 771 3138 apponendum.
795 3064 912 3122 Datum
935 3063 1092 3137 Zagrabie‚
1111 3064 1141 3120 in
1161 3062 1238 3120 testo
1256 3063 1337 3120 beati
1354 3061 1502 3136 Stephani

239 3172 381 3229 martiris.
406 3173 495 3228 Anno
519 3171 636 3228 domini
660 3171 924 3228 MCCLXXXXll.

327 3305 409 3355 Liber
435 3306 502 3371 priv.
529 3312 646 3371 cppatus.
673 3307 777 3372 zagrab.
797 3323 821 3371 p.
841 3317 882 3366 41.
902 3307 975 3372 Joan.
997 3304 1105 3355 Thalete
1124 3304 1193 3355 Mon.
1212 3305 1272 3355 hist.
1292 3304 1371 3369 episc.
1391 3304 1496 3368 zagrah.

237 3396 256 3445 l.
278 3411 302 3460 p.
323 3405 380 3453 230.

839 3572 903 3637 84.

343 3661 418 3709 Anno
442 3670 514 3723 1292.
534 3659 687 3724 Zagrabiae.

239 3771 388 3836 meolam,
412 3769 572 3825 tlte'rostavi
599 3769 723 3825 Herkule
743 3769 830 3843 filius
852 3777 1042 3843 cognatusque
1066 3766 1229 3841 Stephanus
1250 3769 1420 3825 monasterio
1443 3767 1502 3824 He·

238 3878 403 3933 remitoreem
434 3883 541 3933 terram
572 3875 670 3931 Lento
693 3875 723 3930 in
747 3875 929 3949 refragert'um
952 3877 1066 3931 animae
1089 3875 1250 3931 lttt'roslave'
1269 3874 1401 3942 Herkuk,
1430 3873 1504 3929 dono

798 3980 942 4037 dederunt.

327 4124 506 4197 Capitulum
531 4125 738 4197 zagrabiensis
762 4124 896 4182 ecclesie.
913 4123 1066 4182 Omnibus
1081 4123 1194 4181 Christi
1216 4122 1361 4180 fidelibus
1378 4138 1503 4196 presens

239 4232 390 4303 scriptum
421 4230 605 4302 inspecturis
635 4230 767 4286 salutem
798 4229 829 4286 in
863 4230 1003 4286 omnium
1026 4228 1189 4286 salvatore.
1216 4227 1262 4285 Ad
1287 4228 1503 4285 universorum

239 4336 382 4393 noticiam
407 4336 516 4392 harum
541 4336 619 4392 serie
643 4336 789 4392 volumus
813 4335 984 4409 pervenire,
1008 4332 1092 4407 quod
1119 4332 1245 4403 Mikula‚
1263 4333 1330 4391 filio
1346 4333 1503 4404 Myrozlai‚

145 4453 147 4457 ’
238 4441 401 4515 Stephana,
434 4442 500 4498 filio
533 4441 658 4514 Georgii
690 4442 730 4498 ab
761 4455 822 4497 una
852 4446 949 4513 parte,
980 4441 1021 4497 ab
1043 4441 1142 4498 altera
1165 4455 1239 4496 vero
1264 4439 1358 4497 fratre
1382 4439 1502 4496 Venero

238 4548 341 4621 priore
365 4556 393 4604 et
418 4546 512 4605 fratre
544 4548 634 4604 Petro
665 4552 865 4620 procuratore
895 4545 1027 4605 fratmm
1050 4546 1271 4604 heremitarum
1295 4544 1333 4603 de
1356 4543 1451 4601 domo
1473 4550 1503 4600 et

238 4658 391 4710 conventu
424 4655 507 4711 iuxta
538 4653 732 4725 Zagrabiam,
763 4668 821 4727 pro
847 4651 956 4711 eodem
981 4658 1133 4711 conventu
1156 4666 1262 4709 coram
1285 4649 1375 4708 nobis
1397 4662 1502 4724 perso-

238 4758 350 4816 naliter
382 4760 562 4831 constitutis,
593 4759 688 4817 iidem
719 4760 847 4832 Mykula
876 4765 908 4818 et
937 4758 1111 4834 Stephanus
1138 4757 1294 4832 quandam
1316 4755 1503 4831 particulam
