3488 5242
667 337 740 394 Dec.
766 333 813 393 61.
841 371 877 379 —
902 337 959 395 An.
984 350 1069 415 1275.
1460 356 1500 417 53

239 533 323 590 libus
346 541 520 608 presentem
545 536 696 609 paginam
707 537 889 610 inspecturis
906 538 1039 596 salutem
1062 538 1093 596 in
1109 537 1235 595 domino
1258 538 1352 621 Jhesu
1369 536 1500 596 Christo.

239 638 286 696 Ad
312 640 526 698 universorum
551 642 696 699 noticiam
726 643 835 699 harum
868 645 946 701 serie
969 643 1116 701 volumus
1144 643 1315 716 pervenire,
1338 642 1422 716 quod
1444 658 1502 701 uos

238 743 436 802 consideratis
449 746 651 804 fidelitatibus
663 757 692 804 et
708 749 845 806 serviciis
858 750 1023 806 meritoriis
1039 748 1181 806 fidelium
1194 754 1371 806 nostrorum
1383 749 1500 807 civium

239 848 277 905 de
293 857 397 907 monte
414 846 568 921 Grecensi,
582 869 642 925 que
652 854 743 911 nobis
757 854 786 911 in
801 855 1036 911 conservacione
1052 853 1126 911 dicti
1142 854 1234 910 castri
1249 854 1346 911 nostri
1366 853 1501 912 fideliter

238 960 344 1012 contra
367 956 506 1014 homines
530 959 610 1030 regis
641 958 764 1016 Boemie
795 959 1009 1030 exhibuerunt,
1041 965 1069 1017 et
1101 974 1158 1031 pro
1181 958 1300 1017 deliciis
1324 973 1431 1016 eorum
1455 959 1501 1017 di·

237 1061 334 1117 uersis
357 1062 446 1119 nobis
471 1062 613 1136 inpensis,
638 1064 714 1121 locis
737 1069 766 1121 et
790 1064 984 1137 temporibus
1015 1063 1184 1138 oportunis,
1208 1062 1365 1136 quandam
1388 1064 1500 1121 villam

238 1166 329 1223 castri
359 1168 573 1239 zagrabiensis,
605 1169 721 1227 Kobila
750 1177 900 1240 vocatam,
931 1186 1002 1228 cum
1033 1170 1123 1227 terris
1154 1169 1334 1240 arabilibus,
1358 1169 1446 1226 silvis
1470 1175 1500 1227 et

238 1270 344 1329 tenetis
368 1288 403 1330 ac
425 1274 494 1331 aliis
517 1275 662 1333 omnibus
686 1275 823 1333 eiusdem
846 1276 1040 1346 utilitatibus,
1065 1290 1159 1349 quam
1175 1274 1214 1331 ad
1230 1289 1322 1332 usum
1345 1273 1499 1332 dictorum

238 1377 353 1435 civium
377 1387 552 1437 nostrorum
576 1380 747 1438 admodum
770 1383 878 1439 utilem
902 1397 968 1439 esse
996 1382 1214 1450 intelleximus
1238 1378 1355 1438 eisdem
1378 1380 1499 1438 civibus

236 1484 386 1554 dedimus,
411 1485 595 1544 donavimus
619 1494 649 1544 et
671 1488 858 1545 contulimus
881 1489 939 1546 sub
963 1489 1054 1546 metis
1078 1493 1107 1545 et
1131 1487 1278 1558 terminis,
1299 1487 1412 1559 quibus
1436 1485 1499 1543 dic·

236 1597 302 1648 tum
327 1597 461 1649 castrum
486 1593 614 1651 eandem
638 1594 782 1667 possedit,
808 1595 872 1651 iure
900 1599 1052 1668 perpetuo
1083 1592 1310 1668 possidendam,
1334 1592 1498 1650 eximendo

236 1697 364 1755 eandem
389 1702 512 1772 penitus
534 1706 563 1756 et
587 1715 643 1773 per
666 1701 768 1758 omnia
792 1717 809 1757 a
832 1700 1054 1772 iurisdiccione‚
1078 1699 1185 1756 debito
1201 1703 1231 1756 et
1252 1697 1383 1756 servicio
1406 1699 1497 1756 castri

237 1804 414 1877 supradicti.
438 1804 479 1863 Ut
502 1812 604 1862 autem
627 1807 684 1864 hec
704 1813 809 1865 nostra
831 1808 962 1866 collacio
984 1808 1083 1864 robur
1105 1806 1242 1880 optineat
1274 1810 1423 1879 perpetue
1446 1804 1497 1862 fir-

236 1910 359 1979 mitatis,
384 1926 439 1966 uec
459 1927 515 1984 per
540 1913 719 1986 quempiam
744 1914 846 1971 valeat
877 1914 907 1970 in
936 1913 1059 1970 irritum
1090 1910 1238 1980 revocari,
1262 1914 1418 1983 presentes
1441 1909 1498 1966 eis·

235 2016 307 2073 dem
332 2017 537 2074 concessimus
560 2018 678 2075 litteras
709 2018 842 2092 duplicis
873 2019 969 2092 sigilli
1001 2019 1097 2076 nostri
1127 2016 1297 2074 munimine
1327 2017 1497 2074 roboratas.

234 2121 349 2178 Datum
374 2138 430 2195 per
460 2139 568 2180 manus
597 2125 784 2182 venerabilis
814 2125 875 2182 viri
905 2125 1044 2197 magistri
1075 2123 1239 2195 Benedicti,
1262 2127 1365 2180 sancte
1388 2122 1498 2194 strigo·

233 2227 346 2285 niensis
370 2229 496 2285 ecclesie
520 2230 618 2299 electi,
642 2230 842 2303 eiusdemque
865 2231 926 2288 loci
948 2230 1069 2289 comitis
1090 2230 1241 2304 perpetui,
1257 2228 1404 2286 budensis
1426 2244 1497 2302 pre·

234 2333 335 2405 positi,
359 2333 429 2390 aule
463 2341 565 2392 nostre
596 2306 849 2407 vicecancellarii,
880 2335 986 2394 dilecti
1016 2342 1045 2394 et
1076 2335 1179 2393 fidelis
1202 2334 1306 2392 nostri.
1330 2335 1420 2391 Anno
1443 2333 1496 2390 do·

236 2438 310 2495 mini
335 2439 419 2496 MCC
442 2441 669 2513 septuagesimo
693 2442 808 2514 quinto,
832 2443 927 2499 tercio
950 2442 1019 2500 idus
1040 2442 1178 2514 Augusti.
1203 2441 1300 2512 Regni
1316 2445 1420 2498 autem
1442 2454 1496 2497 no

233 2545 288 2602 stri
313 2559 392 2601 anuo
409 2547 512 2603 tercio.
529 2546 768 2604 Venerabilibus
784 2548 941 2621 patribus:
958 2547 1116 2622 Stephano
1139 2546 1292 2604 colocensi
1311 2550 1341 2604 et
1356 2546 1496 2629 Johaune

234 2653 409 2725 spalatensi,
445 2654 693 2726 archiepiscopis,
716 2653 777 2735 Job
808 2655 1128 2727 quinqueecclesiensi,
1164 2653 1311 2727 Philippo
1343 2652 1495 2723 wacieusi,

235 2758 304 2814 aule
329 2757 453 2815 domine
476 2760 579 2830 regine
603 2759 795 2830 cancellario
819 2759 993 2832 Tymotheo
1023 2759 1222 2832 zagrabieusi,
1252 2759 1402 2830 Dyonisio
1429 2756 1495 2834 jau·

234 2865 334 2935 riensi,
366 2864 455 2921 Petro
488 2866 686 2936 transilvano,
719 2865 842 2923 Andrea
872 2867 1005 2939 agriensi
1040 2871 1069 2922 et
1103 2864 1255 2937 Gregorio
1289 2863 1494 2933 chanadiensi‚

233 2971 394 3044 episcopis,
418 2987 453 3028 ac
478 2971 566 3028 Petro
591 2973 620 3029 in
644 2973 826 3046 episcopum
850 2973 1114 3045 wesprimieusem
1138 2972 1235 3029 electo
1258 2975 1288 3028 et
1302 2969 1493 3039 confirmato,

233 3078 376 3134 ecclesias
400 3077 449 3134 dei
480 3077 610 3136 feliciter
632 3079 892 3150 gubernantibus;
923 3077 1030 3135 Nicola
1062 3078 1208 3152 palatino
1237 3077 1351 3134 comite
1384 3091 1494 3150 supru-

232 3184 337 3252 niensi,
369 3183 467 3240 iudice
500 3183 718 3251 Cumanorum,
748 3184 887 3266 Johaune
918 3184 999 3241 bano
1036 3183 1132 3241 tocius
1163 3182 1333 3252 Sclauonie,
1365 3180 1494 3239 Nicolao

234 3291 314 3347 bano
338 3292 435 3347 tocius
460 3289 594 3359 Croacie,
620 3290 715 3347 Paulo
738 3291 819 3347 bano
843 3291 881 3347 de
904 3291 1043 3360 Zeurino,
1067 3289 1196 3347 Nicolao
1218 3287 1319 3346 iudice
1341 3288 1425 3345 curie
1441 3302 1494 3344 no

233 3405 345 3467 nostre,
370 3399 522 3454 lwachino
546 3398 695 3469 magistro
722 3399 959 3455 tawamicorum
991 3403 1177 3468 nostrorum,
1207 3396 1319 3453 comite
1350 3392 1388 3451 de
1411 3393 1501 3465 Plys,

233 3503 382 3574 Dyonisio
406 3504 554 3574 magistro
578 3504 815 3561 tawamicorum
846 3504 970 3561 domine
999 3504 1112 3576 regine,
1141 3503 1253 3559 comite
1275 3499 1440 3558 zaladieusi
1463 3505 1494 3557 et

234 3609 303 3665 aliis
326 3609 567 3680 quampluribus
590 3610 753 3666 comitatus
776 3611 862 3681 regni
885 3609 1059 3666 tenentibus
1082 3615 1112 3665 et
1133 3609 1273 3666 honores.

321 3725 461 3790 Originale
480 3725 505 3774 in
526 3727 683 3775 membrana.
703 3726 889 3792 Fragmentum
914 3726 998 3793 sigilli
1023 3727 1155 3792 dependet
1172 3741 1186 3775 e
1204 3740 1268 3776 zoua
1293 3724 1392 3775 sericea
1411 3724 1493 3791 rubra

232 3820 256 3863 et
277 3812 604 3863 viridi.1narch.rlcad.
625 3814 719 3864 Scient.
739 3815 808 3866 Slav.
835 3815 927 3865 merid.
953 3816 1033 3865 Extat
1058 3814 1140 3865 eciam
1164 3814 1192 3864 in
1217 3818 1381 3878 transumpto
1401 3811 1491 3862 Caroli

232 3918 286 3966 reg.
306 3903 393 3968 Hung.
414 3918 453 3952 au.
476 3913 549 3960 1317.
569 3903 598 3952 In
618 3903 687 3952 arch.
707 3904 724 3952 l.
740 3919 761 3952 r.
782 3904 830 3953 civ.
851 3905 955 3969 zagrab.

335 4224 410 4270 Auno
433 4229 506 4279 1275,
527 4232 566 4271 21.
587 4222 708 4287 Augusti.
728 4222 881 4298 Zagrabiae.

256 4331 424 4405 Tymotlreus
447 4334 589 4405 episcopus
611 4333 728 4406 zagrab.
752 4334 782 4389 in
804 4334 966 4392 cathedrali
986 4334 1099 4392 ecclesia
1123 4335 1305 4408 zagrabiensi
1322 4344 1469 4393 consecrat

554 4440 648 4495 altare
670 4440 700 4495 in
723 4439 855 4497 honorem
877 4458 899 4497 s.
924 4440 1061 4498 Ladislai
1080 4442 1163 4514 regis.

318 4566 407 4621 Anno
431 4564 548 4622 domini
573 4564 740 4622 lllCCLXX
763 4567 880 4639 quinto,
910 4566 967 4623 ΧΗ
997 4566 1145 4625 kalendas
1168 4569 1363 4641 septembris,
1387 4583 1491 4626 conse·

229 4677 348 4728 eratum
372 4676 418 4727 est
441 4671 538 4728 altare
561 4681 631 4728 ante
654 4672 824 4729 sacristiam
856 4688 912 4745 per
942 4673 1153 4731 venerabilem
1184 4679 1306 4746 patrem
1329 4673 1491 4732 dominum

229 4775 459 4846 Thymotheum
484 4778 665 4850 episcopum
694 4778 925 4850 zagrabiensem
955 4779 993 4836 ad
1023 4780 1173 4838 honorem
1203 4780 1299 4837 sancti
1329 4780 1411 4852 regis
1432 4780 1491 4839 Ia·
