3488 5242
339 1092 386 1138 An.
411 1098 537 1149 lona-3·
851 1051 882 1118 l·

233 1215 392 1272 Ladislnns
407 1234 460 1270 rm·
483 1215 598 1271 cornilio
617 1216 816 1287 qir'scipiornm.
834 1220 1000 1284 trnrgnatnnt
1016 1219 1045 1268 tt
1058 1212 1194 1268 nobilium
1211 1209 1301 1268 sedem
1316 1207 1500 1283 episcopalem

239 1321 404 1391 Zerrubr'tre
434 1321 566 1387 instituit,
593 1322 672 1392 etque
702 1321 732 1375 in
767 1319 857 1376 itatem
881 1318 1023 1392 poputum
1053 1317 1087 1375 de
1113 1316 1262 1373 Dabrona
1285 1331 1347 1372 cum
1373 1322 1454 1372 terra
1476 1320 1506 1371 et

671 1426 747 1482 silea
771 1425 927 1494 attingente
948 1424 1065 1501 confert.

323 1569 356 1625 ln
380 1569 504 1625 nomine
528 1569 625 1642 patris
649 1576 678 1627 et
702 1568 757 1626 tilii
782 1576 813 1626 et
836 1569 963 1642 spiritus
986 1568 1089 1625 sancti.
1115 1569 1221 1625 Amen.

325 1675 480 1745 Regnante
504 1675 699 1732 nobilissimo
721 1690 794 1746 rege
818 1673 1009 1737 Ladisclauo.
1033 1673 1244 1745 strigoniensis
1268 1688 1342 1731 vero
1372 1672 1501 1730 ecclesie

235 1782 406 1853 primatum
433 1782 518 1837 Ache
540 1781 740 1852 gubernante.
762 1790 792 1836 et
822 1780 976 1837 baaciensi
1004 1780 1239 1853 archiepiscopo
1271 1779 1409 1836 Fabiano
1440 1779 1503 1835 exi·

235 1891 338 1947 511111,
365 1887 579 1958 besprimiensi
604 1880 752 1960 episcopo
775 1887 897 1953 Cosma,
922 1886 1072 1959 pallatino
1095 1885 1208 1942 comite
1223 1885 1304 1968 Jnla,
1321 1883 1504 1956 semegiensi

235 1992 345 2047 comite
369 1989 464 2057 (lrab,
488 1991 645 2064 predictus
676 2008 738 2053 rex.
769 1991 875 2048 divina
905 1992 1005 2062 gratia
1037 1991 1213 2063 inspirante,
1245 1991 1360 2048 horum
1387 1994 1503 2046 cetero·

234 2113 366 2168 rumque
390 2097 542 2154 nobilium
567 2098 696 2154 consilio
726 2098 958 2170 zagrabiensem
991 2097 1147 2154 constitnit
1171 2097 1394 2170 episcopatum,
1418 2093 1503 2153 vide·

235 2203 304 2259 licet
329 2211 361 2259 11
386 2218 463 2274 quos
487 2218 574 2259 error
598 2203 740 2260 idolatrie
772 2219 789 2260 a
820 2202 870 2259 dei
901 2203 1023 2259 cultura
1054 2208 1216 2260 extraneos
1242 2201 1362 2272 iecerat,
1386 2201 1504 2275 episco-

234 2308 313 2380 palis
337 2324 409 2364 cura
442 2308 480 2364 ad
515 2311 597 2366 riam
630 2309 768 2366 veritatis
800 2307 970 2365 reduceret.
1005 2306 1051 2364 Ad
1076 2306 1288 2364 instruendam
1307 2322 1393 2380 ergo
1413 2307 1505 2365 huius

235 2414 336 2487 plebis
361 2415 564 2485 ignorantiam
590 2413 745 2486 quendam
769 2414 947 2471 boemicum
966 2413 1153 2470 venerabilis
1169 2414 1232 2470 vite
1248 2414 1360 2483 virum,
1381 2413 1505 2470 nomine

235 2520 331 2579 Duch.
357 2520 501 2576 idoneum
526 2521 672 2593 repperit,
694 2535 785 2591 quem
808 2519 909 2576 eidem
931 2519 1058 2577 ecclesie
1083 2525 1239 2592 pastorem
1264 2532 1433 2592 persuum
1457 2532 1505 2575 ca·

234 2626 419 2701 (pelilanum
445 2626 605 2683 l⁴'ancicam
629 2625 794 2698 delegavit,
814 2626 864 2697 qui
890 2632 919 2681 et
944 2625 990 2682 illi
1010 2624 1138 2681 ecclesie
1158 2622 1346 2681 officinarios
1361 2624 1400 2680 de
1414 2623 1506 2681 semi-

235 2733 330 2803 giensi
355 2741 383 2787 et
409 2732 521 2787 zalensi
546 2732 692 2788 comitatu
716 2730 878 2788 ordinavit.
904 2730 1045 2788 Preterea
1071 2731 1151 2786 alter
1177 2729 1365 2827 capellanns,
1394 2727 1504 2802 Cupan

235 2839 375 2901 nomine,
407 2845 554 2911 precepto
586 2837 723 2894 eiusdem
754 2839 835 2909 regis
866 2836 951 2893 dedit
982 2835 1083 2893 eidem
1115 2835 1243 2892 ecclesie
1276 2827 1431 2909 pbpulum
1465 2832 1505 2891 de

238 2943 397 3000 Dumbroa
420 2958 490 2999 cum
516 2949 597 2999 terra
620 2949 649 2999 et
673 2943 753 3000 silva
776 2943 836 2999 sibi
860 2941 1061 3015 appendente.

325 3061 431 3109 Initium
458 3060 508 3108 aeti
532 3061 724 3125 erchiepiscopi
745 3061 934 3125 §trigoniensis
953 3060 1088 3115 feliciani,
1115 3059 1162 3123 qui
1181 3075 1248 3109 anno
1271 3069 1338 3121 1134
1356 3058 1503 3125 predictam

236 3157 332 3198 terram
360 3159 385 3198 et
411 3149 504 3197 sileam
530 3149 664 3198 ltubrasu.
690 3165 704 3198 a
730 3150 845 3211 quodam
874 3150 996 3213 Sadenga
1018 3149 1192 3204 subtractam,
1218 3147 1355 3197 definitiva
1375 3147 1502 3197 sententia

237 3236 321 3285 eidem
342 3236 505 3300 episcopatui
526 3236 649 3286 restituit.

327 3325 465 3388 originale
485 3334 543 3373 atro
563 3325 713 3374 charactere
734 3325 890 3375 nitidissime
910 3334 1055 3380 exaratum,
1074 3326 1120 3374 sed
1134 3325 1185 3374 iarn
1204 3339 1319 3377 exesum.
1339 3324 1365 3373 in
1378 3324 1448 3373 arch⁴
1462 3339 1503 3373 ar-

238 3412 447 3476 chiepiscopatus
465 3413 570 3476 zagrab.
593 3413 808 3475 ..11111114111111
837 3429 874 3462 nr.
898 3423 918 3462 1.
938 3414 1018 3463 Extat
1037 3428 1143 3475 quoque
1163 3412 1189 3463 in
1214 3411 1419 3462 confirmatoriis
1438 3413 1503 3462 Gre-

237 3500 306 3564 gorii
328 3500 375 3549 IX.
396 3501 489 3563 Papae.
509 3510 639 3555 1111131,
663 3502 699 3548 18.
719 3501 793 3565 Julii.
815 3502 927 3563 Regesta
943 3500 1070 3566 Gregorii
1084 3500 1132 3549 lx.
1146 3514 1179 3550 au
1194 3500 1222 3557 1.,
1242 3516 1282 3566 ep.
1306 3509 1360 3561 149.
1374 3515 1404 3550 ac
1424 3500 1503 3550 etiam

240 3587 264 3635 in
284 3587 356 3636 libro
378 3587 601 3650 „l’ririlegiorum
621 3588 699 3652 episc.
720 3588 850 3651 zagrab.“.
870 3588 961 3638 codice
980 3589 1147 3637 membraneo
1165 3603 1230 3637 saec.
1253 3587 1327 3637 xlv.
1346 3587 1391 3637 iol.
1412 3597 1452 3647 32.

327 3674 461 3737 Integrum
476 3675 545 3740 typis
561 3676 679 3740 vulgarit
695 3677 816 3725 mendose
830 3676 968 3725 Baithasar
984 3675 1360 3726 11111111,11111111111111111.
1380 3677 1442 3728 eccl.
1462 3692 1502 3725 za·

238 3762 385 3824 grabiensis
405 3763 423 3811 1.
445 3778 467 3826 p.
492 3772 511 3811 1.
531 3777 561 3811 ac
582 3763 694 3812 Farlati:
720 3764 859 3829 Illyricum
883 3779 993 3814 sacrum.
1018 3772 1079 3813 tom.
1100 3763 1130 3812 V.
1151 3780 1175 3828 p.
1196 3773 1260 3822 3503
1279 3764 1340 3814 inde
1359 3765 1444 3831 magis
1463 3781 1502 3814 cr·

239 3864 317 3898 ronee
339 3850 455 3899 Katona:
476 3851 544 3898 llist.
565 3852 621 3899 crit.
644 3850 908 3914 11.484.1·11“1)ότ;
933 3852 1024 3902 Codex
1042 3853 1108 3917 dipl.
1126 3868 1180 3917 reg.
1207 3853 1369 3918 Huugariae,
1390 3862 1451 3903 tom.
1481 3864 1503 3906 1.

239 3953 262 4001 p.
282 3939 341 3998 484.
363 3941 392 3985 ,1.
413 3937 541 3987 Theiuer:
562 3955 575 3986 e
595 3955 649 4002 reg.
669 3948 740 4003 pont.
761 3941 862 4004 pariter
884 3956 999 3990 erronee.
1022 3967 1052 3977 —
1075 3940 1262 3990 Recentissime
1278 3949 1428 3992 correctum
1447 3943 1502 3992 vul-

238 4025 311 4088 gavit
330 4027 402 4090 Joan.
424 4025 544 4074 Thalete:
572 4026 737 4077 hlonumenta
758 4028 885 4077 historica
907 4029 1074 4093 episcopatus
1099 4029 1203 4093 zagrab.
1224 4035 1285 4078 tom.
1306 4028 1326 4081 1.
1346 4045 1370 4094 p.
1395 4038 1414 4079 l.
1435 4032 1504 4080 unde

238 4120 263 4160 et
282 4113 355 4176 Joan.
377 4113 548 4176 Knkuljerit‘:
574 4116 664 4163 l‘odex
692 4116 878 4179 diplomaticus
898 4117 973 4181 regni
992 4117 1125 4176 (roatiae,
1144 4116 1284 4167 Slavoniae
1302 4123 1328 4166 et
1347 4116 1503 4175 Dalmatiae,

240 4206 299 4249 torn.
322 4200 352 4248 11.
376 4216 399 4264 p.
415 4201 454 4248 26.
475 4217 505 4250 ae
523 4201 598 4250 Fcrd.
618 4203 722 4252 liunus:
744 4204 811 4253 llon.
832 4206 893 4253 eccl.
911 4205 1025 4270 Strigon.
1047 4206 1098 4255 vol.
1119 4204 1136 4253 l.
1158 4221 1182 4269 p.
1203 4206 1250 4262 853
1269 4206 1374 4255 demum
1393 4205 1440 4254 Dr.
1460 4205 1502 4255 Fr.

239 4288 336 4337 Raeti·
357 4289 415 4352 (sed
435 4289 540 4338 initium
560 4294 673 4354 tantum)
694 4292 762 4341 1101.
783 4293 851 4341 Slar.
872 4293 963 4342 merid.
984 4294 1034 4343 rol.
1056 4292 1113 4342 Vll.
1134 4309 1158 4357 p.
1182 4293 1236 4350 158.

328 4381 417 4426 Annus
437 4378 570 4427 institutae
591 4379 659 4428 sedis
678 4380 836 4444 episcopalis
859 4390 923 4443 1093
942 4395 996 4430 esse
1015 4381 1128 4431 videtur.
1149 4381 1216 4430 Nam
1234 4397 1248 4430 e
1264 4380 1422 4439 nominibus,
1435 4396 1503 4445 qnae

238 4466 405 4514 adducuntur
432 4466 456 4514 in
486 4465 550 4530 ipsis
578 4467 688 4516 litteris.
716 4468 767 4517 hoc
795 4469 952 4519 concludere
980 4470 1056 4525 licet,
1085 4482 1111 4519 et
1138 4470 1259 4533 quidem:
1287 4468 1502 4536 archiepiscopus

238 4552 421 4615 strigoniensis
441 4553 520 4605 Aeha.
540 4554 586 4616 qui
606 4570 644 4603 an.
663 4565 735 4618 1093.
756 4555 831 4605 vixit.
846 4557 935 4621 (Fejer
951 4558 1007 4607 eod.
1022 4557 1076 4623 dip.
1090 4556 1109 4607 l.
1123 4558 1197 4622 484).
1211 4556 1343 4607 Fabianus
1355 4557 1503 4607 bachiensis

242 4649 366 4703 1093-4
392 4640 488 4704 (Fejer.
509 4642 527 4690 l.
552 4643 610 4702 482.
629 4643 689 4703 484,
712 4644 786 4708 481).
809 4644 923 4701 cosmas,
943 4644 1139 4710 vesprimiensis
1167 4655 1240 4707 1093.
1266 4645 1363 4709 (Fejer.
1389 4644 1502 4710 1484).

237 4727 298 4792 Jula
318 4727 461 4792 pallatinus
483 4738 556 4791 1094.
576 4730 665 4795 (Fejer
681 4731 701 4780 1.
714 4731 788 4795 481).
808 4731 902 4783 Comes
914 4732 1073 4797 simigiensis
1093 4732 1167 4784 Grab
1189 4742 1262 4795 1092.
1282 4732 1380 4798 (Fejer.
1394 4731 1415 4783 L
1427 4734 1502 4799 484).

1383 4847 1394 4888 1
