3488 5242
271 311 332 370 286
687 307 760 364 Doc.
778 320 854 383 303.
878 338 921 348 -
944 305 1001 365 An.
1025 301 1116 383 1380.

272 506 416 576 hannem,
440 503 543 561 filium
573 502 699 576 Georgii
721 518 854 560 unacum
877 502 1016 575 Nicoiao,
1043 503 1148 561 nobile
1172 502 1210 560 de
1233 504 1401 561 Moraucha
1424 505 1537 575 Kalini,

272 611 397 669 homine
412 610 485 667 bani
509 609 548 667 ad
579 610 731 683 premissa
763 608 946 682 inquirenda
978 624 1035 682 pro
1067 610 1241 666 testimonio
1270 609 1416 667 duximus
1439 616 1537 668 trans·

273 715 467 780 mittendum.
499 716 552 788 qui
583 715 708 786 tandem
738 715 777 772 ad
809 730 864 772 nos
896 714 1006 771 exinde
1036 715 1151 772 reversi
1180 716 1269 772 nobis
1292 715 1485 773 concorditer
1508 721 1537 773 et

272 821 470 880 uniformiter
492 821 524 878 in
546 826 651 878 nostra
682 820 755 878 sede
785 821 945 878 iudiciaria
976 821 1157 892 retulerunt,
1188 820 1272 893 quod
1296 821 1356 894 ipsi
1379 821 1537 894 Zagrabie‚

269 925 345 984 feria
368 927 502 985 secunda
525 927 670 1000 proxima
699 931 769 983 ante
800 907 913 983 festum
937 927 1020 983 beati
1047 925 1173 998 Georgii
1198 926 1333 984 martiris
1356 925 1536 998 accedendo,

270 1034 311 1090 ab
335 1033 479 1090 omnibus
502 1048 520 1089 a
544 1032 658 1105 quibus
681 1032 833 1089 decuisset
856 1039 885 1089 et
906 1032 1041 1090 licuisset
1057 1032 1163 1106 palam
1180 1037 1210 1089 et
1230 1033 1357 1102 occulte,
1374 1048 1392 1089 a
1408 1032 1536 1097 clericis.

271 1140 430 1197 nobilibus
452 1146 482 1197 et
505 1139 601 1210 laycis
632 1139 792 1197 scivissent
824 1155 881 1212 per
904 1140 1015 1208 omnia,
1043 1144 1136 1213 prout
1158 1144 1246 1195 tenor
1269 1138 1444 1196 litterarum
1468 1154 1538 1213 pre-

270 1245 343 1303 dicti
373 1246 514 1317 magistri
545 1245 665 1303 Nicolai
697 1245 734 1301 de
766 1245 872 1302 Virtus
896 1245 1072 1314 contineret,
1103 1260 1138 1301 ac
1165 1245 1357 1318 aspersiones
1380 1245 1535 1316 sanguinis
1575 1279 1578 1285 ·

270 1350 332 1408 fide
355 1352 477 1409 oculata
509 1350 667 1421 vidissent,
696 1365 813 1407 necnon
844 1366 941 1407 unum
964 1351 1136 1407 secularem
1161 1350 1291 1423 predicti
1315 1349 1467 1408 interfecti
1491 1351 1536 1407 in·

271 1456 424 1513 venissent
455 1457 485 1514 in
517 1457 586 1513 loco
617 1457 685 1529 ipso
726 1457 781 1513 ubi
813 1456 986 1529 predictum
1016 1455 1174 1513 hominem
1209 1455 1445 1524 interfecissent;
1483 1455 1538 1512 lite

273 1569 375 1620 tamen
406 1562 537 1636 pendete
559 1563 640 1619 inter
662 1562 819 1636 predictos
853 1562 935 1619 cives
959 1567 989 1618 et
1012 1562 1184 1635 capitulum
1207 1562 1405 1633 zagrabiense
1428 1576 1539 1635 preno-

270 1673 377 1725 tatum.
413 1669 529 1725 Datum
564 1667 722 1740 Zagrabie‚
755 1667 831 1724 feria
866 1666 999 1725 secunda
1036 1668 1178 1741 proxima
1210 1672 1279 1724 ante
1308 1666 1419 1738 festum
1455 1668 1538 1724 beati

271 1773 398 1847 Georgii
423 1774 565 1831 martiris.
589 1775 679 1830 Anno
703 1772 821 1830 domini
843 1775 985 1846 superius
1008 1779 1160 1831 annotato.

361 1909 502 1976 Originale
522 1909 547 1959 in
568 1909 664 1959 charta.
685 1908 716 1958 In
735 1909 899 1972 marginibus
919 1910 973 1958 duo
992 1908 1082 1973 sigilla
1102 1908 1236 1973 impressa,
1256 1908 1371 1958 aliorum
1391 1923 1455 1958 vero
1475 1910 1539 1957 duo·

270 2013 329 2047 rum
348 1997 460 2063 vestigia
478 2001 613 2062 apparent.
634 1996 663 2046 In
683 1996 792 2045 archivo
812 1995 858 2045 lib.
879 2012 932 2061 reg.
953 1988 1026 2046 civit.
1046 1998 1150 2061 zagrab.

859 2227 951 2292 303.

376 2355 453 2401 Anno
476 2352 549 2410 1380,
572 2361 610 2400 ιο.
631 2350 701 2400 maii.
722 2350 810 2400 Crisii.

271 2479 378 2536 Petrus
402 2478 507 2535 Zudar
527 2478 627 2546 banus,
650 2477 739 2534 Petro
754 2477 870 2533 Pakrin
887 2479 1045 2551 „magistro
1060 2478 1192 2551 pontium
1215 2477 1249 2534 de
1271 2477 1389 2553 ζωαί(
1413 2497 1449 2535 ne
1463 2481 1537 2536 cives

305 2584 479 2642 Greclunscs
500 2583 535 2640 de
557 2582 731 2656 reparandis
744 2584 882 2656 pontibus
903 2591 994 2656 supra
1017 2581 1144 2661 Lonjum
1165 2586 1344 2656 angariam,
1357 2585 1499 2657 prohibet.

361 2727 424 2786 Nos
448 2728 556 2785 Petrus
584 2727 696 2797 Zudor‚
727 2728 813 2800 regni
845 2726 990 2785 Slavonie
1022 2726 1128 2784 banus.
1159 2727 1282 2784 Dilecto
1313 2728 1404 2786 nobis
1437 2729 1538 2801 Petro,

271 2834 354 2893 dicto
378 2833 495 2902 Pacrin,
518 2850 598 2890 nunc
622 2834 771 2905 magistro
793 2835 940 2907 poncium
965 2832 1002 2890 de
1027 2834 1140 2904 Lonya‚
1164 2833 1365 2892 dileccionem
1390 2851 1462 2892 cum
1489 2851 1536 2892 sa·

272 2941 344 2998 lute.
369 2940 482 2998 Gravis
505 2938 632 3012 querela
656 2937 775 3009 iudicis,
799 2939 970 2996 iuratorum
986 2944 1016 2996 et
1032 2940 1246 2997 universorum
1264 2940 1381 2997 civium
1404 2942 1538 2998 civitatis

272 3046 435 3105 Grecensis
459 3045 496 3102 de
519 3045 670 3116 Zagrabia
693 3050 814 3102 nostras
837 3060 927 3102 aures
950 3046 1147 3119 propulsavit
1171 3046 1200 3103 in
1225 3062 1270 3116 eo,
1294 3046 1378 3118 quod
1402 3052 1434 3103 tu
1456 3048 1539 3120 ipsos

272 3154 394 3210 racione
415 3151 568 3208 dictorum
593 3151 739 3224 poncium
763 3158 793 3208 et
817 3156 970 3208 structure
1003 3151 1183 3208 eorumdem
1213 3151 1395 3225 inpenderes
1419 3157 1448 3208 et
1472 3167 1537 3208 mo·

273 3259 385 3316 lestare
407 3275 442 3315 ac
466 3256 689 3330 dampnificare
713 3257 903 3327 intenderes;
934 3258 1015 3314 unde
1047 3273 1116 3314 cum
1149 3274 1167 3314 a
1198 3259 1315 3315 cunctis
1338 3259 1424 3329 regni
1448 3258 1535 3315 nobi-

272 3365 356 3422 libus
379 3369 408 3421 et
432 3364 541 3421 incolis
564 3379 582 3420 a
606 3363 719 3435 quibus
748 3363 859 3420 decens
890 3370 919 3421 et
950 3370 1137 3437 oportunum
1170 3363 1236 3433 fuit,
1264 3363 1439 3436 specialiter
1463 3378 1537 3420 vero

272 3470 313 3526 ab
337 3471 382 3541 iis,
406 3470 460 3541 qui
482 3469 699 3540 magistratum
722 3484 816 3542 super
840 3469 928 3526 dictis
953 3470 1099 3543 pontibus
1123 3471 1153 3527 in
1178 3470 1397 3543 preparacione
1415 3484 1538 3526 eorum·

274 3575 344 3632 dem
370 3576 557 3643 habuissent,
582 3575 658 3631 hanc
682 3574 720 3630 de
751 3574 909 3647 premissis
941 3577 1088 3632 scivimus
1120 3577 1291 3645 veritatem,
1316 3574 1397 3646 quod
1424 3574 1537 3647 prefati

274 3682 357 3739 cives
380 3688 410 3739 et
433 3681 472 3737 ad
496 3697 548 3737 eos
572 3681 758 3754 pertinentes
780 3681 869 3737 nullo
885 3696 1022 3752 unquam
1040 3687 1179 3754 tempore
1196 3681 1293 3738 dictos
1316 3687 1535 3754 preparassent

274 3803 329 3844 nec
354 3787 495 3845 fecissent
519 3786 688 3860 preparari,
712 3802 767 3843 nec
789 3802 869 3843 nunc
892 3794 1068 3843 tenerentur
1096 3802 1148 3843 eos
1180 3785 1357 3843 reformare.
1383 3786 1538 3842 Volumus

274 3895 368 3966 igitur
392 3900 422 3950 et
445 3893 523 3949 serie
548 3893 743 3965 presencium
769 3892 825 3949 tibi
853 3898 882 3949 et
913 3893 943 3949 in
974 3893 1114 3949 futurum
1137 3909 1230 3965 super
1253 3893 1335 3950 dicto
1358 3893 1537 3964 magisterio

275 3998 496 4057 constituendis
525 3998 729 4071 precipientes
758 3997 869 4055 damus
901 3999 931 4055 in
963 3998 1125 4069 mandatis
1156 4006 1189 4056 ut
1220 3998 1375 4071 predictos
1403 4000 1485 4055 cives
1508 4005 1538 4055 et

273 4105 311 4162 ad
337 4121 389 4162 eos
426 4105 612 4177 pertinentes
644 4120 700 4161 nec
730 4120 810 4161 nunc
840 4120 895 4161 nec
927 4105 957 4161 in
989 4102 1127 4160 futurum
1158 4106 1279 4161 racione
1307 4105 1538 4177 preparacionis

273 4211 421 4284 poncium
466 4208 504 4266 de
542 4210 646 4280 Lonya
684 4208 896 4282 predictorum
935 4209 1123 4281 angariendo
1153 4210 1334 4282 impendire‚
1358 4210 1536 4282 inquietare,

273 4331 423 4388 agravare
447 4322 476 4371 et
499 4314 723 4387 dampnificare
746 4315 884 4372 debeatis
915 4316 1008 4372 modo
1040 4317 1176 4388 aliquali.
1212 4317 1326 4373 Datum
1349 4317 1437 4388 Crisi,
1462 4317 1537 4374 seria

274 4423 380 4495 quinta
414 4421 558 4495 proxima
593 4428 663 4479 ante
697 4420 811 4479 festum
842 4421 1063 4479 Penthecostes.
1099 4424 1189 4478 Anno
1219 4422 1336 4479 domini
1369 4422 1537 4480 millesimo

274 4528 473 4587 CCCLXXX.

363 4665 503 4731 Originale
522 4666 548 4716 in
567 4666 666 4723 charta,
685 4681 701 4715 a
719 4670 796 4730 tergo
815 4664 970 4730 impressum
990 4671 1028 4714 est
1047 4663 1173 4729 sigillum.
1199 4663 1229 4714 In
1248 4664 1318 4714 arch.
1338 4666 1418 4714 Acad.
1438 4663 1534 4715 Scient.

274 4753 343 4804 Slav.
364 4752 456 4804 merid.
