3488 5242
254 324 313 384 218
679 326 752 383 Doc.
776 340 847 404 242.
871 360 908 369 -
934 328 990 385 An.
1014 325 1103 405 1361.

253 529 283 581 et
305 523 481 595 Dyonisius,
512 525 649 582 canonici
681 525 777 598 ipsius
808 526 935 583 ecclesie
964 527 1179 598 zagrabiensis,
1211 534 1273 583 tam
1306 542 1362 599 pro
1386 544 1418 584 se
1442 529 1517 600 ipsis

253 629 464 703 personaliter,
495 646 590 703 quam
622 646 693 688 cum
724 631 834 688 litteris
865 632 1085 705 procuratoriis
1120 631 1193 689 dicti
1229 633 1357 705 capituli
1392 634 1519 691 ecclesie

254 736 461 807 zagrabiensis
490 752 548 808 pro
581 737 688 793 eodem
720 737 814 808 pleno
838 737 975 810 capitulo
999 753 1103 795 coram
1128 738 1238 795 eodem
1262 739 1431 796 Laurencio
1455 755 1519 796 ma-

254 841 351 912 gistro
381 843 609 898 tavarnicorum
642 843 793 914 regalium
825 843 1041 916 comparend0‚
1072 845 1103 901 in
1127 843 1227 916 figura
1251 844 1356 901 iudicii
1379 845 1520 902 eiusdem

254 947 394 1019 magistri
418 946 578 1004 laurencii
602 947 805 1021 proponendo
829 948 961 1020 egissent
984 963 1021 1006 eo
1045 948 1156 1007 modo:
1181 948 1265 1023 quod
1288 949 1372 1006 cives
1395 955 1425 1007 et
1449 951 1518 1007 hos-

254 1052 333 1126 pites
364 1050 402 1109 de
434 1050 536 1110 Grech
567 1053 718 1125 quasdam
749 1055 918 1127 particulas
948 1062 1028 1113 terre
1059 1055 1096 1113 ad
1127 1057 1355 1130 possessionem
1378 1072 1467 1114 suam
1490 1064 1520 1113 et

253 1157 380 1214 ecclesie
411 1173 465 1214 sue
496 1159 692 1231 pertinentes,
725 1159 865 1231 Kassyna
896 1168 1047 1230 vocatam,
1078 1167 1108 1218 et
1140 1162 1220 1219 intra
1251 1168 1349 1218 metas
1381 1161 1518 1218 eiusdem

251 1263 423 1334 existentes,
447 1279 465 1320 a
489 1269 629 1337 tempore
651 1263 848 1322 dominorum
865 1264 1012 1340 Stephani
1028 1272 1058 1323 et
1073 1267 1209 1324 Ladislai
1224 1267 1395 1324 illustrium
1409 1283 1517 1339 regum

252 1369 417 1440 Hungarie‚
442 1369 603 1425 beatarum
626 1370 888 1441 recordacionum,
914 1372 1093 1444 occupando
1121 1373 1291 1430 detinerent
1307 1380 1337 1430 ct
1353 1373 1517 1431 detinendo

251 1475 444 1549 possiderent
460 1478 490 1534 in
506 1476 622 1548 grande
639 1477 844 1549 preiudicium
860 1477 940 1534 dicte
957 1477 1084 1535 ecclesie
1100 1483 1129 1534 et
1142 1479 1299 1548 iacturam,
1312 1485 1342 1536 et
1353 1496 1410 1553 per
1422 1479 1518 1552 quod·

252 1582 325 1639 dam
350 1582 499 1639 fossatum
525 1599 582 1656 per
602 1582 726 1639 eosdem
746 1584 883 1656 hospites
907 1582 1031 1653 lactum,
1059 1583 1214 1656 quandam
1237 1600 1350 1656 aquam
1379 1586 1517 1642 velocem

251 1692 365 1744 terram
379 1688 517 1760 ipsorum
532 1688 740 1745 destruentem
753 1705 858 1747 curere
871 1688 1019 1747 fecissent.
1030 1690 1115 1760 ltem,
1128 1689 1210 1762 quod
1225 1698 1331 1747 contra
1343 1691 1517 1748 libertatem

251 1792 379 1849 ecclesie
396 1793 548 1850 tributum
559 1793 597 1850 de
613 1794 732 1851 salibus
744 1801 774 1851 et
785 1794 824 1851 de
838 1810 908 1851 cera
921 1811 955 1851 ac
968 1795 1037 1852 aliis
1050 1795 1175 1852 minutis
1188 1796 1281 1852 rebus
1294 1796 1352 1853 hiis
1364 1797 1519 1853 similibus

251 1899 325 1955 dicti
357 1899 439 1956 cives
472 1907 501 1956 et
523 1900 661 1973 hospites
692 1902 819 1974 propria
842 1917 897 1957 sua
920 1916 990 1957 cum
1016 1900 1156 1973 potencia
1179 1900 1393 1958 constituendo
1416 1907 1517 1957 extor-

251 2012 389 2078 querent,
425 2006 596 2064 voluissent
621 2007 700 2063 scire
731 2021 793 2079 qua
822 2007 944 2064 racione
977 2006 1146 2075 mediante;
1176 2012 1206 2063 et
1234 2022 1270 2063 eo
1293 2007 1376 2064 dicto
1400 2006 1516 2064 ibidem

251 2126 355 2167 coram
380 2111 489 2168 eodem
514 2113 664 2184 magistro
687 2086 996 2170 Laurencio'litteras
1016 2112 1229 2185 privilegiales
1246 2112 1374 2186 capituli
1391 2113 1518 2170 ecclesie

250 2217 385 2274 albensis
424 2232 504 2275 anno
534 2219 574 2275 ab
605 2217 817 2275 incarnacione
849 2218 966 2276 domini
1002 2218 1086 2274 MCC
1121 2219 1349 2291 septuagesimo
1385 2218 1518 2276 secundo

251 2329 416 2393 emanatas,
441 2323 578 2381 sormam
600 2332 630 2382 et
654 2330 790 2381 tenorem
816 2323 933 2382 domini
957 2324 1080 2381 Andree
1103 2325 1192 2397 regis,
1217 2324 1360 2381 similiter
1388 2325 1518 2382 illustris

250 2429 380 2486 condam
412 2431 494 2502 regis
525 2430 682 2502 Hungarie
715 2431 893 2488 excellentis
925 2431 1075 2488 memorie
1106 2432 1136 2488 in
1168 2447 1248 2487 anno
1283 2430 1400 2488 domini
1433 2431 1517 2488 MCC

250 2535 383 2609 septimo
415 2536 557 2604 emanati,
588 2536 675 2592 cuius
705 2537 799 2593 series
831 2553 938 2595 cursus
970 2543 1121 2593 metarum
1152 2542 1182 2593 et
1204 2537 1433 2610 possessionum
1459 2542 1518 2594 ter·

249 2655 356 2698 rarum
378 2641 458 2698 dicte
481 2641 609 2699 ecclesie
632 2658 689 2715 per
712 2642 852 2699 ordinem
876 2642 1079 2713 denotassent,
1103 2642 1380 2712 demonstrassent;
1404 2644 1517 2716 inquo

251 2747 330 2803 inter
352 2754 453 2804 cetera
477 2748 648 2820 reperisset,
680 2747 763 2820 quod
798 2747 956 2820 quandam
988 2753 1101 2805 terram
1128 2749 1255 2805 Kassina
1278 2755 1429 2819 vocatam,
1451 2751 1517 2821 qui-

250 2852 322 2909 dam
347 2853 442 2910 homo
474 2853 598 2911 nomine
622 2853 683 2911 Vta
705 2870 774 2911 curn
800 2854 862 2911 suis
890 2854 1038 2912 fratribus
1069 2854 1149 2911 dicte
1172 2855 1300 2911 ecclesie
1324 2856 1515 2926 zagrabiensi

250 2959 438 3030 contulisset,
462 2960 547 3017 cuius
570 2966 651 3017 mete
675 2959 829 3017 declarate
853 2959 979 3018 fuissent
1006 2961 1172 3034 privilegio
1200 2961 1229 3018 in
1257 2960 1383 3029 eodem;
1404 2962 1517 3033 quibus

251 3065 341 3123 dictis
363 3072 393 3122 et
421 3066 562 3139 partibus
594 3072 731 3123 tenorem
763 3067 860 3139 ipsius
888 3067 1046 3140 privilegii
1070 3083 1104 3123 ac
1127 3082 1234 3124 cursus
1257 3073 1410 3123 metarum
1435 3067 1515 3123 dicte

250 3173 451 3245 possessionis
490 3173 619 3229 Kassina
654 3180 770 3243 vocate,
810 3173 981 3230 luculenter
1018 3173 1173 3246 expositis
1208 3172 1348 3229 Nicoleth
1385 3172 1515 3228 condam

252 3277 343 3334 iudex
374 3285 404 3334 et
433 3279 510 3361 Jaxe
541 3279 707 3348 aurifaber,
738 3279 821 3335 cives
852 3279 941 3335 iurati
974 3279 1012 3334 de
1043 3277 1149 3334 eadem
1180 3277 1290 3343 Grech,
1315 3284 1377 3334 tam
1402 3293 1460 3350 pro
1484 3294 1516 3334 se

252 3385 465 3457 personaliter,
495 3400 589 3457 quarn
620 3401 689 3442 cum
723 3385 943 3456 procuratoriis
971 3385 1081 3440 litteris
1104 3383 1220 3440 civium
1242 3390 1271 3439 et
1295 3384 1453 3456 hospitum
1477 3383 1515 3439 de

251 3489 353 3547 Grech
385 3489 606 3562 predictorum,
641 3505 699 3563 pro
732 3489 847 3546 eisdem
879 3489 1054 3563 hospitibus
1085 3504 1189 3544 coram
1225 3487 1333 3544 eodem
1369 3489 1516 3559 magistro

252 3595 420 3653 Laurencio
453 3596 670 3670 comparend0‚
699 3597 728 3652 in
759 3596 947 3653 contrarium
979 3595 1120 3651 omnium
1143 3595 1367 3668 premissorum
1391 3609 1516 3667 respon-

251 3702 366 3760 dissent
395 3718 432 3759 eo
464 3702 565 3771 modu,
598 3702 680 3775 quod
713 3703 778 3775 ipse
809 3701 961 3774 particule
988 3707 1076 3771 terre,
1101 3716 1178 3773 quas
1201 3701 1318 3757 dictum
1343 3699 1514 3772 capitulum

251 3808 288 3864 ad
324 3809 548 3881 possessionem
580 3823 667 3864 suam
700 3808 825 3864 Cassina
857 3813 997 3864 vocatam
1018 3806 1180 3880 pertinere,
1204 3812 1233 3862 et
1257 3805 1355 3862 dictos
1379 3806 1515 3878 hospites

251 3915 377 3971 dixisset
426 3929 592 3988 occupasse
637 3915 760 3971 Kobilia
802 3920 831 3970 et
872 3914 934 3970 alio
969 3913 1101 3970 nominis
1140 3913 1294 3969 vocabulo
1328 3913 1516 3983 Kyralouch,

252 4022 325 4078 item
355 4020 503 4092 Scyuibla
533 4037 585 4077 seu
619 4020 694 4077 Nart
719 4027 925 4093 nuncupatas;
954 4027 983 4077 et
1008 4021 1105 4092 ipsam
1129 4019 1353 4091 possessionem
1382 4018 1515 4087 Kobilia,

251 4127 464 4184 serenissimus
496 4127 640 4199 princeps
671 4126 815 4183 dominus
845 4126 1015 4196 Ladislaus‚
1043 4125 1174 4182 condam
1199 4125 1330 4181 illustris
1353 4141 1407 4181 rex
1431 4125 1515 4181 Hun-

252 4235 337 4305 garie
370 4232 545 4290 recollende
578 4233 744 4301 memorie;
775 4233 875 4305 ipsam
900 4247 975 4289 vero
998 4232 1222 4305 possessionem
1247 4229 1436 4302 Scyuiblam,
1462 4230 1515 4286 do-

253 4339 355 4395 minus
380 4338 452 4395 Bela
468 4355 523 4395 rex
539 4338 628 4395 dictis
648 4338 823 4412 hospitibus
839 4338 1038 4395 contulissent
1056 4337 1121 4393 iure
1138 4341 1288 4410 perpetuo
1305 4336 1514 4409 possidendas,

252 4460 328 4516 quas
351 4460 368 4500 a
393 4449 532 4517 tempore
553 4445 731 4501 collacionis
753 4459 877 4517 semper
899 4443 973 4500 dicti
997 4444 1132 4516 hospites
1156 4444 1220 4499 sine
1244 4442 1374 4499 alicuius
1397 4451 1515 4499 contra-

252 4549 389 4608 diccione
421 4550 547 4623 pacifice
578 4550 794 4624 possedissent,
829 4556 858 4606 et
888 4549 971 4621 quod
1003 4565 1083 4621 aqua
1116 4553 1145 4606 in
1177 4548 1369 4621 preallegato
1401 4546 1516 4604 fossato

251 4670 377 4712 currens
399 4656 439 4713 ad
462 4662 577 4713 terram
599 4654 754 4713 dictorum
778 4656 936 4729 hospitum
960 4656 1128 4712 cucurisset
1153 4659 1182 4711 et
1202 4659 1332 4711 measset
1349 4658 1379 4710 et
1395 4654 1514 4711 nullam

253 4761 380 4818 omnino
403 4760 645 4818 destruccionem
670 4760 783 4820 faceret
807 4762 837 4818 in
861 4767 942 4819 terra
965 4761 1093 4835 capituli
1116 4759 1269 4835 prenotati
1292 4765 1322 4816 et
1344 4759 1429 4832 quod
1444 4773 1516 4833 pro-
