3488 5242
641 334 714 392 Dae.
737 345 806 410 252.
834 367 870 375 —
896 333 952 391 An.
977 344 1065 411 1370.

815 526 899 592 252.

330 673 406 721 Anno
429 677 503 729 1370,
525 679 563 719 12.
583 667 736 719 decembris.
756 667 909 734 Zagrabiae.

226 799 322 855 Lucas
343 799 497 855 canonicas
527 798 616 854 lector
643 797 727 870 capit.
757 795 873 868 zagrab.
905 795 996 853 iudex
1025 796 1172 869 delegatus
1201 815 1221 852 a
1244 796 1306 854 sede
1328 799 1492 870 apostoliea,

226 907 300 963 cives
329 904 511 973 Grecltenses,
541 905 612 979 quia
640 902 785 960 mandatis
814 903 874 960 suis
904 903 935 959 in
964 903 1140 959 restitutione
1168 902 1358 976 quarumdam
1381 911 1493 976 passes-

493 1013 603 1069 sianum
626 1010 833 1085 satisfecerunt,
855 1009 997 1066 absolutas
1020 1027 1077 1066 esse
1094 1008 1230 1065 declarat.

315 1173 378 1230 Nos
402 1175 521 1232 Luchas
545 1174 642 1231 lector
664 1189 716 1231 seu
738 1172 915 1230 scolasticus
946 1172 1161 1245 zagrabiensis,
1186 1188 1276 1229 cause
1299 1177 1328 1229 et
1352 1174 1494 1246 partibus

228 1280 411 1354 subscriptis
434 1288 580 1339 executor
602 1297 620 1337 a
644 1280 715 1338 sede
738 1278 910 1354 apostolica
933 1278 1109 1352 specialiter
1139 1277 1310 1352 deputatus
1335 1277 1494 1351 Significa-

228 1402 297 1442 mus
320 1386 480 1457 universis,
506 1387 619 1459 quibus
643 1385 768 1459 expedit
790 1384 985 1459 presencium
1008 1400 1065 1458 per
1087 1390 1234 1456 tenorem,
1251 1384 1420 1456 quodcum
1438 1400 1493 1442 nos

227 1497 353 1566 recepto
376 1492 522 1549 mandato
546 1492 726 1566 apostolica,
750 1491 922 1548 continente
946 1490 1024 1546 inter
1052 1495 1160 1559 cetera,
1185 1489 1268 1562 quod
1293 1488 1493 1547 diffinitivam

228 1598 413 1655 sentenciam
437 1597 598 1656 reverendi
622 1599 652 1655 in
675 1597 798 1654 Christo
822 1596 928 1670 patris,
952 1594 1070 1652 domini
1093 1595 1221 1665 Thome‚
1246 1594 1348 1653 delet
1371 1604 1493 1670 aposto·

229 1704 289 1760 lica
319 1704 421 1775 gracia
452 1711 522 1761 tunc
552 1703 773 1774 cholochensis,
804 1718 884 1760 nunc
914 1718 990 1759 vero
1020 1702 1230 1774 strigoniensis
1261 1702 1494 1775 archiepiscopi,

231 1824 288 1882 pro
313 1816 400 1883 parte
424 1809 591 1880 Michaelis,
615 1809 718 1866 mariti
741 1808 817 1866 olim
838 1807 997 1865 Elizabeth
1014 1814 1043 1864 et
1062 1808 1210 1890 Johannis
1226 1809 1375 1881 sellipari.
1392 1809 1494 1865 mariti

230 1914 332 1985 Elcne,
356 1915 494 1973 filiarum
511 1915 668 1988 quondam
687 1913 854 1987 Meynardi,
871 1915 994 1972 nomine
1010 1920 1040 1972 et
1055 1915 1122 1971 vice
1139 1915 1353 1988 procuratorio
1374 1930 1495 1971 earum-

231 2019 302 2077 dem
338 2026 443 2078 contra
467 2022 625 2079 dominam
648 2022 843 2094 Caterynam,
870 2021 1011 2078 relictam
1035 2019 1171 2077 eiusdem
1198 2020 1365 2092 Meynardi,
1389 2021 1494 2090 latam,

232 2125 364 2183 tirmiter
386 2128 553 2185 observare
577 2127 756 2197 laceremus
780 2126 888 2185 eadem
920 2127 1101 2184 auctoritate
1132 2128 1222 2184 nobis
1245 2126 1368 2197 credita,
1392 2126 1494 2196 iudici,

232 2231 346 2302 iuratis,
370 2233 504 2305 antiquis
527 2232 680 2290 iudicibus
703 2239 734 2290 et
757 2234 813 2290 toti
843 2233 1057 2290 communitati
1084 2233 1217 2290 civitatis
1240 2233 1401 2290 Grecensis
1435 2235 1494 2290 sub

232 2339 319 2409 penis
340 2339 371 2396 in
394 2340 506 2396 nostris
531 2341 726 2413 processibus
749 2339 859 2397 exinde
883 2338 1037 2410 consectis,
1068 2340 1229 2412 expressis
1254 2339 1496 2410 mandassemus,

232 2451 381 2516 quatenus
398 2444 479 2502 bona
500 2444 579 2504 dicte
596 2446 720 2503 domine
735 2446 887 2518 Cateryne
910 2460 1014 2502 coram
1038 2445 1105 2520 ipso
1122 2444 1248 2503 domino
1264 2447 1498 2519 archiepiscopo

233 2567 288 2623 per
312 2551 467 2624 predictos
491 2559 705 2626 procuratores
727 2553 757 2610 in
782 2551 895 2609 iudicio
911 2553 1046 2622 obtenta,
1063 2568 1123 2624 que
1144 2552 1244 2625 ipsam
1266 2551 1424 2610 dominam
1441 2551 1498 2609 Ca·

234 2665 372 2728 terynam
411 2659 621 2730 contingerent
644 2665 674 2715 et
698 2674 757 2731 que
787 2657 826 2716 ad
861 2675 985 2732 presens
1012 2658 1141 2731 reperiri
1175 2663 1307 2733 possent,
1332 2658 1420 2715 dictis
1444 2660 1500 2715 Mi-

234 2763 332 2819 chaeli
356 2769 385 2820 et
409 2765 549 2846 Johanni,
575 2764 729 2822 mediante
753 2765 878 2823 homine
902 2770 1015 2834 nostro,
1039 2744 1252 2837 per'homines
1268 2765 1408 2838 ipsorum
1424 2764 1500 2822 fide·

234 2867 343 2940 dignos
367 2872 459 2928 statui
487 2869 621 2929 facerent
651 2877 682 2929 et
713 2873 870 2943 assignari,
902 2870 1091 2944 Quiquidem
1126 2870 1227 2940 iudex,
1259 2872 1359 2941 iurati,
1382 2873 1501 2944 antiqui

235 2974 351 3032 iudices
375 2982 404 3032 et
428 2982 491 3034 tota
515 2979 718 3036 communitas
742 2978 895 3035 mandatis
919 2977 1030 3033 nostris
1054 2984 1084 3033 et
1107 2975 1214 3049 pocius
1234 2978 1412 3051 apostolicis
1428 2978 1501 3035 obe·

236 3081 361 3153 dientes,
385 3084 560 3158 subscripta
584 3086 665 3142 bona
688 3085 785 3159 ipsius
809 3083 932 3142 domine
949 3084 1108 3155 Cateryne,
1132 3085 1249 3142 scilicet
1269 3084 1398 3141 domum
1423 3085 1501 3158 lapi·

236 3189 327 3247 deam
350 3191 436 3248 iuxta
459 3197 582 3265 portam
606 3191 787 3249 carnificum
803 3196 833 3248 et
849 3206 974 3247 murum
991 3190 1129 3247 eiusdem
1146 3191 1280 3248 civitatis
1304 3192 1334 3248 in
1358 3192 1501 3264 contigua

237 3295 393 3353 vicinitate
416 3296 504 3354 fundi
525 3297 637 3369 Endry,
670 3297 727 3354 tilii
759 3297 881 3367 Mathei,
913 3297 1070 3367 existente,
1103 3312 1174 3353 cum
1199 3296 1358 3368 hedificiis,
1382 3299 1501 3356 iuribus

236 3407 266 3458 et
289 3403 475 3460 utilitatibus
510 3404 572 3460 suis
595 3420 631 3460 ac
654 3402 751 3460 fundo
773 3403 833 3459 sibi
860 3404 1007 3472 subiecta,
1037 3417 1154 3460 necnon
1187 3408 1290 3459 ortum
1319 3403 1435 3461 ibidem
1460 3405 1501 3461 ab

237 3508 299 3565 alia
321 3517 408 3581 parte
431 3511 513 3567 muri
544 3511 646 3578 situm,
677 3525 713 3567 ac
743 3508 900 3581 quandam
932 3509 1054 3566 vineam
1086 3510 1115 3566 iu
1148 3510 1303 3566 territorio
1333 3515 1440 3567 nostro
1463 3509 1501 3567 de

238 3615 469 3673 Chornomerch
493 3617 523 3673 in
549 3617 705 3674 vicinitate
728 3616 817 3673 vinee
839 3616 988 3699 Johannis
1011 3615 1146 3686 litterati,
1163 3616 1311 3685 habitam,
1334 3616 1500 3673 simulcum

237 3722 307 3778 aliis
329 3723 423 3779 rebus
446 3739 499 3780 seu
523 3723 613 3780 bonis
634 3722 807 3780 mobilibus
828 3723 907 3779 intra
932 3722 1032 3795 ipsam
1056 3720 1184 3778 domum
1212 3723 1334 3791 habitis,
1358 3722 1502 3779 similiter

239 3828 339 3900 ipsam
362 3828 521 3886 dominam
545 3828 731 3900 Caterynam
755 3829 1001 3900 contingentibus
1024 3833 1053 3884 et
1077 3843 1137 3899 que
1160 3842 1218 3900 pro
1248 3827 1343 3885 modo
1372 3827 1503 3884 inveniri

239 3940 430 4006 poteruntur,
454 3935 588 3992 aliorum
612 3935 796 4007 quorumvis
812 3935 901 3991 bonis
926 3935 956 3991 in
972 3934 1066 3991 domo
1091 3935 1159 4008 ipsa
1181 3934 1427 3991 conservacionis
1450 3949 1504 3990 no·

239 4041 321 4097 mine
345 4042 513 4111 collocatis,
537 4042 632 4098 salvis
656 4046 685 4098 ct
708 4041 853 4113 exceptis.
877 4040 926 4096 die
950 4040 1014 4097 XII.
1031 4040 1146 4097 mensis
1162 4039 1344 4110 decembris
1361 4045 1502 4112 presente

240 4147 389 4204 Michaele
413 4148 556 4217 litterato,
581 4147 672 4204 Petro
696 4145 815 4203 famulo
839 4152 868 4204 et
893 4147 1016 4203 homine
1038 4153 1151 4215 nostro,
1175 4144 1215 4202 ad
1247 4146 1305 4202 hoc
1328 4145 1504 4218 specialiter

240 4251 399 4324 destinato,
424 4270 479 4326 per
503 4254 643 4326 ipsorum
666 4254 815 4323 homines,
842 4252 1004 4310 videlicet:
1030 4251 1214 4321 Bartucium,
1243 4251 1415 4322 Nicolaum,
1444 4251 1504 4307 Lu·

240 4357 321 4428 kam,
345 4359 513 4429 Andream,
536 4360 706 4433 Georgium
729 4365 758 4416 et
783 4358 940 4416 Andream
965 4359 1080 4416 iuratos
1101 4365 1130 4415 et
1146 4357 1338 4431 Stephanum
1362 4358 1503 4427 Farcasii‚

241 4466 381 4522 concives
398 4467 545 4539 ipsorum,
563 4465 652 4523 dictis
669 4465 811 4523 Michaeli
827 4473 857 4522 et
871 4467 1003 4548 Johanni
1019 4465 1168 4538 selliparo
1188 4465 1374 4534 nominibus,
1391 4465 1504 4536 quibus

241 4587 343 4645 supra,
377 4573 469 4629 statui
505 4578 535 4628 et
569 4572 717 4644 assignari
754 4571 898 4642 feceruut,
930 4570 1013 4643 quod
1044 4576 1146 4628 ratum
1178 4571 1326 4627 habentes
1360 4577 1504 4643 pretextu

241 4678 421 4735 eorumdem
445 4684 632 4735 statutorum
656 4683 685 4734 et
708 4679 933 4751 assignatorum
963 4677 1125 4747 bonorum,
1149 4678 1233 4750 ipsos
1257 4675 1401 4747 iudicem,
1424 4678 1505 4736 iura·

242 4791 298 4856 tos,
321 4788 464 4859 antiquos
488 4786 604 4844 iudices
627 4791 657 4843 et
680 4791 777 4844 totam
801 4786 1055 4844 communitatem
1083 4786 1217 4844 civitatis
1240 4784 1416 4859 supradicte
1435 4785 1504 4844 red·
