3488 5242
260 334 321 408 336
697 334 770 391 Duc.
789 331 866 410 360.
892 369 928 377 -
955 337 1010 393 An.
1028 350 1119 413 1392.

258 532 362 588 omnia
385 538 415 588 et
439 531 560 603 singula
584 531 812 602 committendo,
834 541 928 605 prout
948 542 977 590 et
1001 536 1078 592 sicut
1102 537 1131 593 in
1155 537 1266 593 litteris
1290 538 1387 610 ipsius
1403 538 1523 594 domini

259 638 397 710 episcopi
417 637 778 711 compromissionalibus
802 640 944 711 superius
968 641 1122 714 inscriptis
1145 643 1324 699 continetur.
1350 643 1409 700 Pro
1437 652 1525 716 parte

259 758 334 800 vero
357 743 513 800 dictorum
537 742 736 799 dominorum
759 744 977 801 canonicorum
1002 753 1031 803 et
1053 748 1180 819 capituli
1205 763 1222 802 a
1245 755 1333 819 parte
1353 749 1451 805 altera
1467 748 1524 805 fuit

258 850 463 922 propositum,
487 848 570 920 quod
593 865 649 922 per
671 849 774 921 ipsum
798 848 960 907 dominum
983 853 1163 925 episcopum
1189 853 1326 925 plurima
1342 861 1372 911 et
1388 855 1525 926 plurima

258 963 403 1014 attentata
428 961 458 1013 et
477 955 622 1012 innovata
645 954 773 1012 fuissent
796 963 948 1044 etessent
972 965 1078 1015 contra
1109 960 1213 1031 ipsum
1244 960 1424 1031 capitulum,
1449 975 1523 1016 nam

258 1064 324 1136 ipse
347 1063 491 1120 dominus
514 1063 678 1135 episcopus
701 1066 806 1118 contra
829 1060 923 1118 deum
947 1069 976 1120 et
992 1063 1143 1120 iusticiam
1161 1064 1240 1121 inter
1257 1070 1356 1121 cetera
1373 1065 1524 1136 quasdam

257 1171 427 1243 particulas
450 1174 531 1226 terre
554 1167 776 1241 Bokaniapolia
799 1173 829 1225 et
852 1167 966 1240 Ztruga
988 1176 1121 1240 vocatas,
1146 1171 1220 1227 item
1245 1170 1380 1227 decimas
1403 1171 1442 1227 de
1462 1171 1522 1228 Da-

256 1276 395 1332 uidou'cz
418 1276 494 1348 ipsis
517 1274 649 1330 dominis
673 1274 825 1330 canonicis
848 1281 877 1331 et
900 1275 1038 1348 capitulo
1062 1277 1248 1348 pertinentes
1265 1277 1349 1333 iuxta
1365 1279 1524 1334 continen-

258 1383 320 1440 cias
343 1387 528 1439 statutorum
553 1381 649 1453 ipsius
681 1380 815 1437 ecclesie.
851 1380 936 1449 item,
961 1387 1074 1437 rectam
1100 1388 1129 1438 et
1152 1382 1295 1454 equalem
1324 1382 1522 1439 medietatem

257 1487 449 1545 decimarum
473 1485 511 1542 de
534 1485 632 1543 vineis
657 1486 801 1542 territorii
825 1486 886 1542 vici
910 1485 1090 1543 Latinorum
1114 1487 1189 1559 ipsis
1212 1487 1346 1544 dominis
1370 1489 1523 1545 canonicis

258 1610 295 1651 ac
317 1593 455 1666 capitulo
478 1608 513 1649 ac
537 1591 701 1664 quartariis
724 1591 889 1664 provenire
913 1591 1096 1648 debencium
1123 1601 1300 1665 occupasset
1323 1600 1353 1650 et
1379 1594 1524 1665 occupari

257 1699 378 1758 iecisset
408 1705 437 1755 et
467 1699 514 1756 sui
556 1698 697 1770 potencia
728 1697 882 1754 mediante
910 1704 1061 1770 occupata
1090 1697 1239 1755 detineret
1270 1700 1300 1756 in
1331 1700 1432 1756 anime
1468 1714 1522 1756 sue

259 1805 474 1880 preiudicium,
498 1819 559 1861 non
588 1803 745 1860 modicum
777 1803 998 1861 detrimentum
1021 1810 1051 1860 et
1075 1804 1222 1861 iacturam
1247 1804 1319 1861 dicti
1344 1805 1471 1876 capituli
1494 1812 1524 1860 et

258 1912 487 1985 quartariorum
511 1925 647 1979 suorum,
671 1925 748 1981 quas
775 1915 805 1966 et
832 1925 892 1982 que
923 1909 1079 1982 prefatum
1103 1911 1275 1984 capitulum
1296 1911 1356 1983 ipsi
1372 1917 1401 1966 et
1425 1911 1522 1983 ipsius

258 2033 362 2075 mense
385 2018 425 2073 ab
450 2017 576 2088 antiquo
603 2016 786 2089 pertinuisse
817 2022 848 2072 et
878 2017 908 2072 in
936 2017 1069 2089 presenti
1101 2017 1255 2089 pertinere
1285 2017 1462 2073 asserebant
1494 2022 1523 2072 et

257 2132 393 2182 asserent
417 2122 455 2180 de
478 2123 620 2197 presenti.
645 2123 730 2191 Item,
754 2122 861 2194 plures
884 2123 1092 2179 instituciones
1116 2124 1146 2179 in
1169 2123 1232 2179 suis
1255 2122 1380 2194 synodis
1404 2120 1476 2178 fecit
1492 2123 1522 2179 in

258 2231 397 2303 ipsorum
423 2228 629 2302 preiudicium
660 2233 689 2284 et
720 2228 833 2284 iurium
859 2228 998 2300 ipsorum
1022 2228 1097 2300 ipsis
1120 2243 1179 2284 nou
1209 2229 1325 2285 vocatis
1354 2244 1453 2299 neque
1477 2243 1523 2283 re·

258 2335 386 2408 quisitis
411 2334 496 2402 Item,
529 2334 693 2390 nonnullas
724 2332 985 2403 denunciaciones,
1007 2334 1351 2403 excommunicaciones,
1376 2333 1520 2390 videlicet

258 2443 360 2514 ipsum
377 2441 549 2514 capitulum
572 2445 602 2495 et
616 2439 789 2510 singulares
805 2455 951 2512 personas
968 2440 1063 2512 ipsius
1079 2440 1207 2512 capituli
1223 2440 1253 2496 in
1271 2440 1380 2495 ultima
1399 2437 1518 2508 synodo

257 2548 287 2604 in
319 2549 453 2605 Chasma
484 2562 540 2618 per
571 2545 674 2617 ipsum
706 2543 867 2601 dominum
891 2546 1073 2618 episcopum
1096 2539 1259 2615 celebrata,
1285 2545 1322 2601 de
1346 2545 1427 2601 facto
1451 2544 1522 2600 fecit

257 2661 287 2710 et
310 2669 347 2709 ex
371 2653 514 2723 abrupt0,
541 2650 629 2707 nullo
653 2650 728 2706 iuris
750 2649 857 2706 ordine
887 2658 1017 2719 servam,
1046 2667 1106 2722 que
1133 2651 1469 2707 excommunicaciones
1494 2655 1522 2705 et

257 2759 509 2816 denunciaciones
533 2757 558 2813 si
582 2757 665 2813 etin
689 2763 839 2828 quantum
870 2762 1016 2830 apareant
1048 2761 1117 2812 sunt
1148 2757 1233 2813 nulle
1257 2757 1325 2829 ipso
1353 2757 1426 2822 iure,
1455 2756 1522 2811 nul·

257 2866 317 2922 lius
339 2864 454 2921 valoris
477 2869 507 2919 et
531 2863 696 2930 momenti;
719 2878 814 2934 super
837 2863 951 2935 quibus
981 2864 1112 2933 petitum
1143 2863 1200 2918 fuit
1231 2877 1288 2934 pro
1311 2869 1399 2934 parte
1423 2863 1519 2934 ipsius

257 2971 385 3044 capituli
409 2986 465 3043 per
487 2985 543 3027 nos
566 2976 595 3025 et
619 2974 755 3025 nostram
779 2969 996 3026 arbitrativam
1018 2975 1048 3024 et
1071 2967 1264 3025 definitivam
1280 2968 1465 3024 sentenciam
1482 2983 1520 3023 ex

257 3082 344 3148 parte
368 3076 464 3148 ipsius
488 3073 605 3131 domini
628 3074 765 3146 episcopi
791 3074 908 3130 iusticie
946 3073 1208 3145 complementum
1234 3079 1264 3128 et
1287 3071 1367 3128 dicta
1385 3074 1451 3128 iura
1468 3088 1522 3128 sua

257 3183 385 3252 restitui,
408 3198 478 3238 curn
502 3187 639 3253 spectent
669 3192 698 3237 et
730 3181 909 3252 pertineant,
941 3187 1156 3251 spectaverunt
1186 3185 1215 3234 et
1240 3179 1454 3249 pertinuerunt
1481 3179 1519 3234 ad

256 3289 374 3344 dictum
397 3287 570 3359 capitulum
602 3294 631 3342 et
662 3301 801 3342 mensam
832 3284 1036 3357 capitularem
1065 3285 1202 3356 ipsorum
1227 3291 1255 3339 et
1280 3284 1519 3354 quartanorum,

257 3395 385 3466 ipseque
408 3400 530 3462 statuta,
554 3392 890 3448 excommunicaciones
913 3397 943 3446 et
966 3390 1217 3446 denunciaciones
1238 3389 1435 3461 pronunciari
1460 3405 1519 3446 non

256 3500 361 3556 valere
393 3515 492 3570 neque
516 3507 626 3568 tenere,
651 3514 711 3554 non
736 3497 869 3553 valuisse
892 3512 992 3567 neque
1016 3497 1155 3565 tenuisse,
1187 3501 1216 3551 et
1246 3495 1332 3551 nulla
1364 3511 1430 3551 esse
1454 3496 1522 3567 ipso

256 3605 322 3661 iure
345 3612 375 3662 et
398 3612 548 3677 quatenus
573 3604 610 3660 de
635 3603 714 3660 sacto
738 3603 950 3674 processerint,
983 3608 1105 3658 eatenus
1130 3601 1167 3657 de
1198 3600 1280 3657 facto
1304 3601 1443 3656 revocari
1469 3600 1521 3656 de·

258 3711 372 3781 berent,
397 3711 526 3768 arbitrio
550 3717 661 3780 tamen,
685 3709 893 3781 disposicioni‚
918 3707 1099 3764 discussioni
1119 3714 1149 3763 et
1164 3706 1384 3763 deliberacioni
1407 3708 1521 3763 nostris

256 3817 360 3872 omnia
384 3823 413 3873 et
437 3817 559 3887 singula
582 3814 812 3882 committendo
830 3821 923 3886 prout
946 3820 976 3869 et
999 3813 1076 3869 sicut
1093 3813 1122 3869 in
1140 3812 1249 3869 litteris
1270 3813 1521 3883 compromissio·

256 3922 379 3978 nalibus
403 3923 499 3994 ipsius
523 3923 652 3995 capituli
675 3922 818 3993 superius
849 3920 1003 3991 inscriptis
1034 3919 1246 3974 contineretur.
1280 3917 1402 3973 Auditis
1427 3919 1521 3988 igitur

256 4023 393 4100 ipsarum
418 4030 557 4101 parcium
582 4028 676 4084 modo
700 4027 863 4099 prehabito
887 4025 976 4081 factis
996 4024 1264 4097 proposicionibus
1289 4030 1317 4079 et
1341 4024 1520 4095 replicacio-

255 4135 346 4190 nibus
376 4141 468 4206 atque
499 4136 568 4191 hinc
600 4134 669 4190 inde
703 4132 790 4189 lactis
814 4131 1077 4200 altercacionibus,
1110 4130 1377 4198 assignaveramus
1402 4128 1518 4184 eisdem

258 4241 397 4310 partibus
431 4241 528 4296 alium
562 4241 727 4296 terminum
762 4237 927 4294 iuridicum
957 4240 1182 4306 competentem
1214 4232 1251 4288 ad
1285 4232 1520 4304 producendum

256 4345 398 4401 universa
424 4347 498 4415 iura,
524 4346 671 4402 litteralia
693 4346 896 4400 instrumenta
919 4347 949 4397 et
972 4340 1066 4396 simul
1092 4340 1307 4395 testimonialia
1331 4339 1356 4394 si
1383 4355 1444 4410 que
1470 4339 1520 4393 lra-

256 4450 363 4507 berent
386 4467 444 4523 pro
469 4452 599 4508 tuicione
623 4457 653 4507 et
677 4450 853 4506 defensione
877 4448 924 4504 sui
949 4447 1023 4503 iuris
1046 4452 1138 4517 atque
1155 4444 1192 4501 ad
1210 4444 1376 4500 dicendum
1399 4453 1427 4500 et
1444 4445 1515 4499 alle·

255 4556 390 4626 gaudum
415 4557 439 4613 si
464 4557 539 4628 quid
564 4557 681 4613 vellent
704 4556 802 4612 verbo
821 4554 870 4611 vel
887 4554 918 4610 in
935 4553 1057 4624 scriptis
1080 4557 1185 4607 contra
1209 4566 1241 4605 se
1265 4551 1397 4606 invicem
1415 4556 1522 4605 mutua

254 4661 471 4718 vicissitudine.
509 4662 579 4734 Quo
613 4663 746 4719 termino
776 4659 956 4716 adveniente
990 4657 1162 4714 constitutis
1197 4655 1342 4727 predictis
1377 4656 1520 4727 parribus

255 4767 347 4823 modo
371 4768 522 4839 premisso
545 4782 650 4824 coram
667 4767 756 4824 nobis
773 4781 831 4838 pro
847 4764 995 4822 tribunali
1013 4777 1158 4818 unacum
1175 4761 1382 4816 assessoribus
1406 4762 1519 4818 nostris
