3488 5242
646 349 1236 461 Q„
1441 365 1502 424 ³⁷⁹

239 551 407 607 violatores
436 550 635 607 ecclesiarum
667 556 696 607 et
728 555 834 606 contra
864 550 1007 622 publicos
1040 548 1174 606 latrones
1201 565 1237 606 ac
1260 548 1502 622 depopulatores

240 657 379 730 ipsorum
413 657 565 713 bonorum
598 655 874 713 ecclesiasticorum
907 660 952 713 est
982 655 1086 712 taliter
1117 654 1346 728 procedendum
1379 660 1409 712 et
1434 654 1503 729 talis

236 768 281 818 est
312 763 356 818 eis
386 762 549 833 castigacio
581 760 753 831 infligenda,
777 760 860 833 quod
891 761 951 833 ipsi
975 766 1058 818 metu
1084 776 1170 834 pene,
1194 761 1218 818 si
1244 775 1305 817 non
1328 774 1434 817 amore
1457 759 1502 818 di-

236 868 309 924 vino
332 867 447 925 inducti
471 884 489 924 a
512 867 667 924 similibus
690 866 729 924 de
752 874 853 924 cetero
876 868 1057 928 abstineant.
1081 871 1111 924 et
1127 866 1197 924 aliis
1212 881 1321 923 eorum
1338 865 1502 938 castigacio

236 978 370 1029 transeat
393 973 423 1029 in
449 973 636 1045 exemplum.
653 973 775 1045 Equum
794 980 823 1029 et
840 973 899 1030 iuri
915 987 1084 1030 consonum
1100 976 1289 1045 reputamus,
1306 972 1499 1044 insurgentes

237 1086 344 1135 contra
368 1078 513 1135 ecclesias
536 1083 566 1134 et
589 1078 751 1134 molientes
778 1078 893 1136 t'hrisli
917 1078 1073 1135 ministros
1095 1077 1273 1149 extinguere
1296 1083 1326 1134 et
1349 1077 1501 1135 incendia·

236 1185 298 1241 rios
323 1188 353 1239 et
377 1189 517 1256 raptores
540 1198 643 1240 rerum
668 1183 942 1241 ecclesiasticarum
967 1190 997 1240 et
1022 1183 1165 1256 publicos
1188 1183 1373 1257 spoliatores
1396 1188 1426 1240 et
1449 1182 1501 1239 de-

236 1291 438 1364 populatores
472 1290 626 1346 bonorum
657 1289 934 1346 ecclesiasticorum
963 1289 1065 1345 taliter
1089 1289 1247 1360 castigare,
1272 1287 1356 1360 quod
1380 1289 1439 1362 ipsi
1463 1287 1501 1345 de

235 1404 336 1453 cetero
360 1395 436 1452 talia
461 1394 561 1452 facere
584 1411 643 1452 ncn
666 1400 850 1468 attemptent
874 1402 903 1451 et
926 1409 1033 1451 eorum
1058 1393 1210 1465 condigna
1230 1393 1354 1467 punicio
1370 1394 1502 1467 posteris

236 1507 368 1560 transeat
401 1501 431 1558 in
464 1501 652 1573 exemplum.
687 1499 766 1558 Sane
797 1499 918 1574 pridem
950 1516 1006 1573 per
1038 1500 1109 1557 facti
1138 1500 1354 1557 notorietatcm
1379 1506 1408 1556 et
1432 1499 1501 1557 luce

236 1608 350 1664 clarius
381 1607 498 1663 scilicet
529 1605 578 1662 die
609 1605 763 1663 dominica
783 1606 927 1679 proxima
948 1613 1018 1663 ante
1042 1604 1155 1663 festum
1179 1606 1261 1662 beati
1284 1605 1404 1663 Thome
1428 1620 1501 1678 apo·

236 1714 317 1784 stoli,
341 1713 532 1782 universitas,
550 1712 686 1785 populus
709 1719 739 1768 et
760 1727 923 1769 commune
939 1711 1026 1786 opidi
1042 1712 1154 1769 montis
1178 1711 1340 1769 Grecensis
1363 1726 1502 1769 commu-

237 1821 337 1878 nicato
360 1819 499 1889 consilio,
522 1817 561 1875 ad
585 1833 697 1875 sonum
720 1833 877 1890 campane,
900 1817 1035 1891 publice,
1058 1817 1185 1874 vexillis
1207 1818 1324 1888 crectis,
1348 1817 1501 1875 hostiliter

238 1942 331 1983 manu
355 1931 474 1983 armata
497 1924 535 1981 dc
558 1923 653 1997 opido
677 1924 790 1981 montis
816 1923 978 1981 Grecensis
1001 1921 1214 1980 descendendo
1237 1924 1268 1980 in
1291 1928 1429 1980 nostrum
1453 1938 1501 1981 ca·

238 2031 373 2104 pitulum
405 2030 602 2102 zagrabiense
636 2029 791 2087 irruerunt
814 2030 962 2102 nequiter,
994 2028 1109 2099 dolose,
1141 2028 1319 2102 proditorie,
1354 2035 1502 2102 tanquam

237 2137 355 2210 publici
388 2136 530 2198 latrones,
562 2135 753 2207 spoliatores,
785 2134 1034 2209 depopulatores,
1059 2135 1138 2192 inter
1161 2150 1239 2207 quos
1262 2134 1386 2193 fuerunt
1409 2134 1501 2193 infra·

236 2243 342 2317 scripti
366 2243 515 2310 homines,
539 2242 622 2298 cives
645 2240 683 2298 de
707 2240 801 2314 opido
824 2242 938 2298 montis
954 2240 1124 2312 Grecensis,
1140 2247 1170 2298 et
1185 2242 1286 2298 curias
1302 2240 1501 2299 dominorum

236 2348 274 2404 de
298 2348 435 2421 capitulo
458 2347 658 2418 zagrabiensi,
684 2345 814 2403 fratrum
831 2355 1008 2403 nostrorum
1024 2352 1054 2402 et
1069 2346 1204 2403 aliorum
1221 2346 1501 2419 prebendariorum

235 2454 362 2511 ecclesie
385 2461 488 2510 nostre
510 2453 726 2524 zagrabiensis,
751 2452 839 2509 bonis
862 2452 1007 2509 omnibus
1031 2452 1062 2509 in
1085 2452 1160 2525 ipsis
1184 2453 1277 2509 curiis
1297 2452 1501 2510 existentibus

237 2575 292 2633 per
316 2558 500 2616 violenciam
524 2557 697 2630 spoliarunt
721 2563 752 2614 et
774 2557 856 2613 bona
877 2557 908 2613 in
924 2557 1000 2630 ipsis
1019 2556 1111 2614 curiis
1127 2558 1292 2615 existencia
1307 2563 1500 2631 acceperunt,

233 2675 263 2721 et
296 2665 363 2737 ipsa
394 2665 476 2720 bona
507 2663 546 2720 ad
577 2663 681 2736 ipsum
712 2662 839 2736 opidum
864 2663 978 2720 montis
1002 2661 1163 2721 Grecensis
1186 2679 1290 2721 secum
1314 2664 1345 2720 in
1368 2662 1500 2736 predam

234 2779 264 2827 et
295 2771 324 2827 in
356 2769 492 2843 spolium
524 2769 734 2842 deportarunt.
766 2770 803 2826 Et
833 2768 902 2825 aliis
932 2769 1024 2825 malis
1047 2783 1107 2826 non
1133 2770 1275 2839 contenti,
1300 2770 1384 2826 mala
1409 2770 1501 2827 malis

234 2875 459 2932 accumulando
490 2875 573 2947 ipsas
597 2875 697 2931 curias
721 2873 920 2931 dominomm
945 2873 983 2930 de
1006 2874 1144 2947 capitulo
1168 2873 1300 2932 fratrum
1322 2882 1500 2933 nostrorum

234 2984 278 3038 sic
303 2997 358 3054 per
381 2982 465 3054 ipsos
488 2980 578 3036 bonis
593 2980 738 3036 omnibus
755 2980 905 3052 spoliatas
929 2979 1137 3051 incenderunt,
1154 2980 1370 3039 decremarunt
1387 2988 1416 3039 et
1432 2981 1500 3040 fun·

233 3087 314 3143 ditus
337 3087 580 3143 combusserunt.
597 3085 634 3142 Et
657 3086 716 3158 ipsi
741 3085 834 3143 iidem
856 3094 1005 3158 tanquam
1027 3092 1130 3144 sancte
1154 3088 1317 3146 christiane
1340 3088 1498 3160 religionis

234 3192 431 3251 detestabiles
462 3196 603 3265 apostate
634 3192 664 3248 in
695 3191 902 3265 vilipendium
937 3193 1074 3250 clavium
1104 3199 1207 3251 sancte
1234 3195 1343 3252 matris
1366 3195 1493 3252 ecclesie

236 3315 296 3356 non
320 3298 443 3356 fuerunt
466 3298 557 3355 veriti
580 3313 690 3355 manus
717 3298 882 3370 sacrilegas
905 3299 935 3356 in
959 3299 1078 3356 litteras
1098 3300 1228 3374 papales
1262 3300 1384 3358 mittere
1406 3304 1436 3357 et
1460 3299 1498 3357 de

233 3405 348 3462 eisdem
381 3403 526 3461 detractis
559 3403 663 3465 bullis.
695 3404 778 3477 ipsas
803 3404 921 3461 litteras
952 3403 1085 3478 pedibus
1115 3406 1296 3463 conculcare
1319 3413 1349 3463 et
1373 3406 1498 3480 insuper

234 3513 303 3583 igne
326 3510 508 3579 accendere;
539 3509 648 3566 eodem
679 3509 774 3567 modo
800 3509 839 3567 de
862 3512 1059 3584 processibus
1082 3512 1331 3585 quibuscumque
1354 3527 1411 3586 per
1433 3528 1498 3569 eos·

234 3616 305 3673 dem
337 3616 469 3690 repertis
497 3621 637 3688 agentes;
669 3616 767 3673 libros
798 3616 895 3673 eciam
920 3617 1142 3675 ecclesiasticos
1165 3618 1314 3687 diversos,
1338 3618 1392 3691 qui
1413 3618 1497 3692 apud

233 3725 314 3795 ipsos
339 3722 448 3780 fratres
471 3730 591 3780 nostros
615 3728 757 3797 pretextu
782 3721 874 3780 studii
901 3722 1036 3794 fuissent,
1060 3731 1091 3781 et
1113 3724 1213 3782 libros
1232 3730 1296 3782 tam
1313 3724 1497 3791 missalium,

231 3845 325 3902 quam
350 3830 578 3886 breviariorum
611 3835 641 3885 et
668 3829 802 3887 aliorum
826 3830 930 3902 magni
954 3830 1070 3888 valoris
1094 3831 1124 3887 in
1148 3831 1279 3906 predam
1302 3837 1331 3889 et
1354 3831 1496 3904 rapinam

231 3936 457 3992 committentes
500 3940 670 4008 rapuerunt
701 3940 731 3992 et
760 3950 866 3992 secum
896 3941 1133 4008 asportaverunt
1164 3937 1195 3995 in
1227 3953 1301 3994 usus
1328 3936 1494 4010 sacrilegos

231 4042 370 4115 ipsorum
395 4041 602 4099 convertendo
626 4041 657 4097 in
680 4057 735 4098 sue
761 4041 871 4098 salutis
894 4041 1092 4114 dispendium
1115 4057 1176 4100 non
1200 4042 1358 4101 modicum
1381 4049 1411 4101 ct
1433 4044 1494 4101 iac·

232 4155 342 4204 turam.
366 4148 435 4204 Hiis
459 4148 556 4204 eciam
580 4147 671 4204 malis
687 4161 748 4204 non
771 4148 913 4217 contenti,
938 4148 1071 4220 pessima
1094 4148 1253 4221 peioribus
1275 4147 1440 4206 adicientes
1463 4150 1494 4207 in

231 4254 350 4310 curiam
384 4269 437 4310 seu
467 4254 622 4327 palacium
657 4253 748 4311 solite
782 4260 885 4311 nostre
920 4254 1122 4312 habitacionis
1157 4255 1320 4326 irruerunt,
1357 4256 1496 4314 volentes

231 4361 333 4433 ipsum
358 4360 502 4416 similiter
533 4359 622 4416 bonis
649 4359 794 4416 omnibus
817 4359 848 4416 in
872 4360 940 4433 ipso
963 4360 1084 4435 palacio
1108 4377 1162 4418 seu
1185 4361 1270 4419 curia
1292 4361 1495 4420 existentibus

230 4466 365 4539 spoliare
399 4473 428 4522 et
451 4465 579 4522 demum
609 4465 713 4538 ipsum
739 4464 923 4523 succendere
953 4467 1023 4540 igne
1053 4471 1083 4524 et
1116 4482 1263 4537 cremare,
1294 4473 1324 4524 et
1355 4468 1494 4541 ipsorum

231 4570 434 4645 dampnatum
458 4577 488 4628 et
511 4570 713 4644 reprobatum
735 4572 932 4645 propositum
955 4572 1177 4646 implevissent,
1205 4574 1263 4632 nisi
1290 4572 1492 4632 familiarium

231 4684 416 4747 nostrorum,
439 4677 492 4749 qui
517 4677 618 4750 ipsum
643 4677 800 4749 palacium
822 4677 863 4734 ab
886 4678 1026 4751 ipsorum
1050 4677 1218 4754 dampnato
1239 4685 1268 4738 et
1292 4680 1427 4752 reprobo
1449 4680 1493 4736 in·

232 4788 307 4857 petu
339 4781 550 4854 defenderunt,
580 4783 669 4858 copia
701 4781 823 4854 fuisset;
855 4783 909 4842 sed
940 4784 1159 4843 nichilominus
1182 4800 1280 4844 unum
1304 4784 1493 4845 familiarem
