3488 5242
649 310 722 366 Doc.
739 317 795 383 59.
819 304 870 367 60.
899 341 934 350 -
961 308 1017 365 An.
1043 319 1129 386 1275.

861 501 922 567 59.

365 648 441 695 Anno
461 653 535 702 1275,
554 657 578 706 9.
597 642 678 709 Junii.
698 639 852 707 Zagrabiae.

252 773 407 858 johannes
430 772 522 829 bonus
543 770 676 845 ratificat
694 769 873 825 donationem
895 775 990 825 terrae
1012 768 1093 843 Foya
1122 770 1190 827 olim
1213 770 1255 826 ad
1273 779 1398 828 castrum
1419 788 1522 844 zogra-

257 879 350 936 biensc
364 878 544 952 pertinentis,
567 895 586 932 o
609 894 673 949 rege
695 875 836 931 ladislao
859 873 913 930 IV
939 872 1066 948 cpr'scopo
1089 875 1204 948 zagrabr
1241 876 1386 934 Timotheo
1397 878 1521 951 sociam.

290 1051 292 1055 <
346 1023 409 1081 Nos
438 1023 593 1106 Johannes
623 1022 723 1078 banus
754 1019 851 1076 tocius
887 1016 1056 1076 Sclauonie.
1089 1021 1237 1077 Memorie
1269 1020 1520 1078 commendantes

257 1128 466 1202 significamus
490 1128 604 1200 quibus
635 1124 760 1199 expedit
782 1123 934 1181 universis
966 1126 1156 1197 presentium
1186 1141 1243 1199 per
1264 1132 1413 1197 tenorem,
1437 1126 1521 1199 quod

259 1235 445 1293 venerabilis
469 1240 557 1307 pater
588 1232 732 1289 dominus
763 1230 986 1302 Thymotneus
1018 1230 1067 1289 dei
1098 1233 1201 1304 gracia
1231 1234 1394 1307 episcopus
1416 1248 1521 1306 zagra·

258 1341 380 1412 biensis,
405 1340 546 1397 exhibuit
576 1337 666 1395 nobis
696 1337 801 1394 literas
832 1335 951 1393 domini
982 1338 1079 1394 nostri
1110 1338 1255 1409 Ladizlai‚
1287 1339 1418 1397 illustris
1440 1340 1521 1412 regis

259 1446 401 1519 Vngarie,
433 1446 637 1503 continentes:
672 1442 757 1517 quod
791 1443 833 1499 ob
864 1442 975 1500 merita
1005 1443 1206 1501 serviciorum
1236 1445 1373 1503 eiusdem
1404 1439 1522 1503 domini

257 1552 394 1627 episcopi
418 1550 574 1625 quandam
597 1556 714 1606 terram
736 1549 829 1605 castri
850 1548 1065 1620 zagrabiensis,
1089 1548 1168 1621 Fayz
1185 1556 1336 1622 vocatam,
1352 1553 1445 1609 sitam
1461 1552 1520 1609 sub

258 1662 357 1715 castro
381 1655 520 1714 eiusdem
543 1655 661 1713 domini
683 1654 830 1728 episcopi,
853 1653 893 1711 ad
916 1653 1012 1728 ipsius
1042 1655 1228 1729 peticionem
1256 1657 1316 1714 sibi
1339 1663 1369 1715 et
1392 1658 1519 1715 ecclesie

257 1779 312 1821 sue
342 1778 413 1821 cum
443 1762 588 1820 omnibus
616 1761 803 1819 utilitatibus
835 1765 865 1817 et
895 1760 1092 1834 pertinenciis
1121 1762 1185 1819 suis
1215 1763 1432 1836 possidendam
1455 1765 1521 1822 iure

258 1875 408 1944 perpetuo
430 1868 630 1938 contullisset,
654 1867 695 1923 ab
718 1867 804 1923 omni
829 1865 1038 1924 iurisdictione
1061 1868 1153 1925 castri
1176 1869 1383 1941 zagrabiensis
1398 1870 1521 1943 penitus

257 1975 427 2033 eximendo.
452 1974 546 2032 Cuius
570 1973 698 2046 quidem
731 1979 811 2030 terre
842 1971 1045 2030 collacionem
1075 1974 1142 2047 ipse
1173 1975 1317 2033 dominus
1339 1982 1443 2033 noster
1465 1992 1520 2033 rex

256 2083 355 2140 eciam
378 2096 435 2140 suo
454 2080 620 2154 privilegio
640 2078 859 2150 confirmasset,
883 2083 913 2135 et
929 2079 1120 2153 precipiebat
1136 2081 1226 2138 nobis
1241 2082 1271 2138 in
1289 2081 1405 2139 eisdem
1423 2082 1520 2141 literis
1624 2095 1625 2098 ’

256 2188 327 2250 suis.
352 2187 435 2261 quod
459 2186 614 2261 prefatam
637 2191 752 2243 terram
777 2184 865 2255 Fayo,
888 2184 989 2242 eidem
1013 2184 1139 2243 domino
1170 2187 1316 2260 episcopo
1339 2192 1369 2244 et
1393 2189 1521 2247 ecclesie

256 2309 310 2351 sue
334 2294 419 2350 iuxta
442 2294 488 2351 sui
511 2291 670 2366 privilegii
692 2289 916 2348 continenciam
938 2291 1114 2363 relinquere
1130 2292 1320 2350 deberemus.
1337 2292 1400 2351 Nos
1417 2293 1521 2366 itaque

256 2398 410 2456 mandatis
433 2398 551 2456 domini
573 2398 655 2470 regis
672 2397 930 2470 obtemperantes
954 2401 987 2454 ut
1003 2396 1160 2469 debemus,
1181 2398 1407 2457 considerantes
1422 2401 1521 2457 eciam

256 2505 354 2579 ipsius
377 2504 495 2562 domini
519 2503 656 2578 episcopi
680 2502 838 2559 meritoria
868 2502 1018 2574 obsequia
1048 2508 1078 2560 et
1109 2504 1293 2576 obsequiosa
1316 2507 1434 2576 merita,
1459 2521 1518 2578 que

255 2610 382 2669 domino
404 2612 471 2684 regi
493 2611 523 2668 in
547 2609 677 2681 diversis
693 2609 780 2681 regni
797 2608 844 2664 sui
859 2609 993 2680 negociis
1010 2614 1039 2666 et
1055 2609 1308 2683 expedicionibus
1325 2611 1519 2684 impenderat

255 2722 285 2773 et
299 2716 458 2790 impedere
481 2721 602 2790 poterat
624 2716 655 2772 in
680 2714 827 2784 futurum,
854 2713 1007 2787 prefatam
1024 2721 1138 2773 terram
1154 2717 1242 2787 Fayz,
1259 2718 1396 2792 inspecto
1414 2724 1518 2775 tenore

255 2824 413 2897 privilegii
429 2824 546 2881 domini
562 2823 644 2895 regis
660 2837 754 2894 super
769 2821 938 2878 collacione
953 2820 1091 2878 eiusdem
1105 2822 1252 2894 confecto,
1268 2824 1452 2896 reliquimus
1466 2823 1519 2880 do-

255 2929 340 2987 mino
364 2930 510 3004 episcopo
533 2935 563 2986 et
586 2928 713 2986 ecclesie
736 2942 790 2984 sue
812 2933 841 2983 et
865 2942 921 2999 per
943 2942 1014 2984 eum
1031 2928 1094 2985 suis
1110 2929 1338 2987 successoribus
1354 2930 1394 2987 ab
1410 2929 1520 2987 eodem

256 3042 357 3093 castro
386 3036 576 3108 zagrabiensi
607 3039 769 3106 exceptam
800 3033 922 3106 penitus
952 3038 982 3090 et
1009 3039 1186 3106 exemptam
1218 3034 1284 3091 iure
1315 3043 1466 3109 perpetuo
1489 3041 1520 3094 et

256 3140 501 3199 irrevocabiliter
531 3138 759 3214 possidendam,
792 3138 850 3195 sub
880 3137 996 3194 eisdem
1028 3139 1162 3211 antiquis
1192 3141 1282 3197 metis
1313 3146 1343 3198 et
1381 3142 1520 3200 terminis

255 3247 369 3320 quibus
392 3253 528 3304 castrum
549 3245 747 3318 zagrabiense
770 3243 938 3301 dinoscitur
957 3244 998 3299 ab
1029 3245 1156 3317 antiquo
1188 3245 1368 3318 possedisse.
1392 3248 1519 3305 Presen·

256 3352 339 3409 tibus
362 3359 466 3410 tamen
485 3358 515 3409 et
529 3351 769 3408 assencientibus
785 3349 1001 3421 iobagionibus
1017 3350 1109 3407 castri
1132 3353 1338 3425 zagrabiensis
1357 3354 1516 3412 universis.
1591 3383 1597 3392 ·

255 3459 289 3518 In
313 3460 399 3516 cuius
423 3459 464 3517 rei
489 3458 673 3515 memoriam
690 3462 721 3513 et
736 3460 918 3529 perpetuam
936 3454 1116 3513 firmitatem
1131 3465 1289 3530 presentes
1314 3460 1519 3518 concessimus

255 3565 373 3622 litteras
396 3564 566 3622 munimine
589 3563 686 3620 nostri
709 3561 805 3633 sigilli
829 3561 997 3618 roboratas.
1028 3561 1144 3619 Datum
1173 3562 1330 3635 Zagrabie,
1355 3566 1385 3622 in
1409 3572 1518 3622 octava

256 3671 483 3728 Penthecosten.
507 3671 598 3727 Anno
620 3668 737 3725 domini
760 3665 967 3748 MCCLXXV.

258 3850 261 3856 .
345 3806 367 3855 E
389 3806 462 3856 libro
490 3805 613 3871 privileg.
643 3809 753 3868 eppatns
780 3802 884 3866 zagrab.
904 3818 928 3866 p.
954 3803 994 3862 64.
1021 3802 1050 3851 In
1079 3802 1148 3851 arch.
1179 3804 1295 3869 archiep.
1318 3806 1421 3870 zagrab.
1441 3807 1518 3872 Joan·

255 3893 371 3946 Tkalcie.
391 3894 460 3944 Mon.
482 3894 541 3944 hist.
562 3892 640 3958 episc.
658 3890 762 3956 zagrab.
784 3887 803 3937 1.
823 3905 848 3954 p.
871 3890 927 3944 176.

360 4185 435 4232 Anno
458 4187 531 4238 1275,
553 4188 592 4227 11.
613 4177 734 4242 Augusti.
854 4107 919 4173 6⁰⁰

254 4310 412 4367 Ladislous
434 4308 457 4365 l
461 4308 490 4364 V.
514 4306 690 4379 Hongorr'oc
711 4311 757 4361 etc.
781 4323 834 4360 rex
864 4303 972 4361 cr'oibus
1004 4303 1211 4362 Greclzensibus
1233 4305 1267 4362 de
1291 4305 1440 4376 Zagrobio
1459 4313 1518 4377 pro

252 4418 378 4491 pisorum
401 4414 553 4472 mertioriis
574 4412 697 4468 sentitiis
718 4419 818 4468 contro
840 4411 965 4467 homines
988 4413 1062 4484 regis
1078 4411 1233 4468 Bolremioe
1249 4412 1389 4484 inpensis,
1413 4411 1513 4466 oillam

496 4519 587 4575 castri
606 4517 801 4590 zogrobiensis
822 4516 929 4573 Kobilo
952 4517 1123 4589 appelatam,
1145 4517 1261 4591 confert.

341 4661 504 4721 Ladizlaus
527 4660 577 4719 dei
600 4662 704 4734 gracia
725 4661 891 4733 Hungarie,
915 4661 1084 4732 Dalmacie‚
1112 4661 1247 4732 Croacie‚
1271 4661 1376 4732 Rame,
1400 4658 1516 4729 Seruie‚

253 4769 394 4841 Gallicie,
417 4767 609 4838 Indomerie,
632 4763 788 4839 Comanie,
812 4767 1017 4840 Bulgarieque
1037 4784 1100 4826 rex.
1123 4767 1275 4826 Omnibus
1299 4768 1414 4826 Christi
1436 4765 1513 4824 fide·
