3480 5264
251 353 293 416 54
649 336 722 393 Dec.
747 331 795 391 62.
821 332 869 411 63.
897 367 934 376 —
959 333 1016 391 An.
1041 344 1125 409 1275.

250 537 348 594 dizlai.
373 537 406 593 In
430 551 491 608 quo
515 535 606 591 altari
630 534 823 591 continentur
845 534 902 590 iste
917 532 1056 604 reliquie,
1073 530 1234 588 videlieet:
1260 529 1400 588 eiusdem
1416 529 1514 586 sancti

249 643 331 714 regis
354 641 492 698 Ladizlai
514 638 706 709 contessoris,
730 639 826 697 sancti
848 637 997 712 Stephani
1024 637 1105 709 regis
1133 636 1324 706 contessoris,
1349 634 1387 693 de
1404 636 1513 708 pannis

250 748 368 805 domini
389 747 486 804 nostri
509 747 604 829 jhesu
627 746 750 810 Christi,
776 747 872 803 sancti
896 743 1044 818 Stephani
1068 743 1305 817 protomartiris
1322 743 1417 800 sancti
1435 742 1512 799 Lau·

250 854 345 911 333311
369 853 512 921 martiris
537 851 633 908 sancti
657 851 798 921 Gregorii
829 866 919 924 pape,
949 850 1045 906 sancti
1076 849 1200 906 Martini
1228 848 1365 921 episcopi
1389 853 1419 904 et
1443 860 1513 903 con·

251 959 383 1030 sessoris,
407 959 503 1015 sancti
529 956 651 1014 Andree
674 957 816 1030 apostoli,
847 957 943 1014 sancti
975 956 1114 1027 Dyonisii
1146 955 1282 1027 episcopi
1315 962 1345 1010 et
1368 953 1513 1022 martiris

249 1070 352 1122 sancte
375 1064 542 1121 Katharine
562 1062 691 1134 virginis
715 1068 744 1118 et
768 1063 912 1132 martiris
947 1068 1050 1119 sancte
1077 1062 1204 1133 Agnetis
1229 1061 1357 1132 virginis
1380 1065 1409 1116 et
1433 1075 1515 1115 mar·

249 1170 325 1241 tiris,
349 1174 451 1226 sancte
476 1170 647 1239 hlargarete
671 1168 800 1239 virginis
823 1174 853 1224 et
875 1168 1019 1225 martiris.

337 1305 407 1354 Nota
425 1304 452 1353 in
472 1304 640 1353 membraneo
661 1302 807 1367 fragmento
828 1303 977 1367 perantiqui
999 1302 1126 1352 breviarii
1147 1305 1209 1350 cccl.
1231 1302 1335 1367 zagrah.
1356 1300 1385 1350 Iu
1405 1301 1514 1350 archivo

250 1409 306 1443 ven.
328 1393 406 1458 capit.
426 1392 611 1460 zagrabiensis.
631 1393 705 1458 Joan.
725 1391 841 1441 Tkalcic‘.
861 1390 930 1440 Mon.
950 1391 1010 1440 hist.
1031 1391 1109 1455 episc.
1129 1391 1232 1454 zagrab.
1253 1391 1272 1440 1.
1293 1406 1317 1454 p·
1341 1391 1396 1444 178.

856 1586 917 1652 62.

341 1731 416 1777 Anno
439 1736 512 1786 1275,
533 1735 573 1781 27.
594 1727 757 1791 septembris.
777 1727 930 1792 Zagrabiae.

252 1858 333 1925 Inus,
356 1874 444 1912 centes
473 1856 675 1929 zagrabe'ensis,
699 1863 806 1912 terram
836 1856 943 1913 Kobr'la
970 1857 1077 1914 cz'vibus
1096 1857 1130 1913 de
1160 1865 1251 1913 monte
1281 1855 1384 1923 Grech‚
1407 1856 1514 1912 statuit.

341 2000 404 2057 Nos
434 2001 510 2082 Jnus
541 2015 644 2057 comes
675 2001 889 2072 zagrabiensis.
923 1999 1140 2073 significamus
1172 2008 1276 2059 tenore
1313 2001 1514 2073 presencium,

250 2108 362 2180 quibus
387 2105 513 2180 expedit
537 2107 696 2175 universis,
721 2107 804 2178 quod
829 2122 884 2163 nos
909 2113 1000 2180 prout
1024 2124 1061 2164 ex
1085 2115 1173 2180 parte
1197 2107 1314 2165 domini
1339 2107 1434 2163 nostri
1459 2107 1515 2162 La·

250 2213 351 2282 dizlai,
376 2212 472 2269 incliti
496 2213 578 2283 regis
601 2212 759 2283 Hungarie
775 2221 804 2269 et
821 2213 938 2269 domini
961 2205 1133 2295 J(0hannis)
1151 2214 1222 2270 3331
1239 2214 1337 2270 tocius
1353 2211 1514 2269 Selauonie

250 2319 416 2376 habuimus
440 2319 469 2374 in
494 2317 656 2389 mandatis,
681 2326 795 2375 terram
821 2318 939 2375 Kebela
964 2324 1105 2375 vocatam
1136 2336 1207 2376 cum
1231 2320 1376 2375 omnibus
1400 2334 1515 2391 appen-

250 2424 338 2481 diciis
361 2425 424 2481 suis
448 2430 477 2480 et
501 2424 688 2480 utilitatibus
712 2424 863 2481 universis
887 2425 946 2481 sub
970 2425 1060 2481 metis
1076 2426 1210 2496 antiquis
1226 2431 1256 2481 et
1273 2424 1515 2481 circumstanciis

249 2532 474 2603 assignavimus
498 2538 527 2586 et
551 2531 715 2586 statuimus
738 2530 860 2587 civibus
877 2528 914 2585 de
931 2537 1035 2586 monte
1051 2528 1161 2600 Grech‚
1178 2531 1243 2586 sine
1263 2528 1514 2598 contradiccioue,

250 2638 315 2695 iure
348 2642 498 2711 perpetuo
531 2634 749 2709 possidendam
785 2650 889 2692 coram
924 2636 1101 2693 testimonio
1137 2637 1265 2709 capituli
1300 2635 1513 2707 zagrabiensis.

250 2743 355 2812 Paulo
380 2742 447 2799 filio
471 2741 559 2811 Vida,
584 2739 736 2815 pristaldo
760 2742 896 2798 terrestri
920 2741 1074 2798 existente.
1092 2742 1123 2798 In
1138 2743 1223 2798 cuius
1239 2742 1283 2798 rei
1300 2740 1514 2798 certitudinem

251 2857 408 2922 presentes
440 2848 626 2904 contulimus
661 2846 756 2917 sigilli
787 2848 882 2903 nostri
915 2847 1085 2903 munimine
1116 2848 1284 2904 roboratas
1318 2848 1433 2905 Datum
1461 2846 1513 2904 Za·

248 2955 410 3026 grableio
434 2953 512 3010 festo
536 2952 648 3009 Cosme
673 2959 703 3008 et
727 2952 871 3009 Damiani
895 2953 1067 3009 martirum.
1092 2954 1181 3009 Anno
1205 2952 1322 3011 domini
1346 2952 1430 3009 thC
1445 2969 1514 3026 sep·

251 3060 423 3131 tuagesimo
447 3061 562 3133 quinto

340 3196 479 3260 Originale
500 3196 525 3245 in
546 3197 704 3246 membrana.
731 3196 801 3246 Zona
825 3197 923 3246 sericea
949 3197 1042 3247 viridis
1068 3197 1233 3245 solummodo
1259 3204 1419 3253 conservata,
1439 3195 1512 3259 sigil-

249 3284 305 3332 lum
324 3283 446 3347 deperiit.
475 3284 504 3333 In
529 3286 598 3333 arch.
628 3286 707 3333 head.
733 3285 827 3335 Scient.
857 3286 958 3335 Slavor.
982 3285 1072 3333 merid,
1092 3286 1183 3334 Exstat
1203 3284 1282 3333 etiam
1303 3284 1329 3334 in
1350 3292 1514 3347 transumpto

253 3371 343 3420 Caroli
364 3371 434 3437 regis
454 3372 608 3436 Hungariae
628 3375 660 3420 de
679 3387 746 3422 anno
769 3381 841 3430 1317.
866 3372 897 3422 In
916 3373 986 3421 arch.
1007 3374 1023 3420 1.
1044 3388 1064 3421 r.
1085 3373 1133 3422 civ.
1153 3374 1257 3438 zagrab.

356 3658 403 3704 An.
427 3665 500 3715 1275.
520 3656 673 3720 Zagrabiac.
852 3622 914 3687 63·

243 3782 397 3859 lohannes
421 3785 505 3840 totzlrs
530 3783 687 3841 Sluzumiue
707 3784 807 3852 barrus,
829 3785 977 3840 statuendo
1003 3785 1110 3840 cr'rullus
1129 3785 1163 3842 dc
1185 3795 1276 3842 nzonte
1305 3787 1399 3843 Grcclr
1416 3789 1514 3843 villum

282 3888 398 3957 Kobila,
420 3908 439 3944 a
462 3889 653 3946 titrisdictionc
675 3890 1124 3947 3333113133311113333313135
1146 3892 1348 3963 augrabr'cnst's,
1371 3894 1475 3949 eximit.

337 4033 400 4090 Nos
423 4034 578 4115 Johannes
602 4036 699 4091 banus
725 4035 821 4092 tocius
837 4033 1006 4092 Selauonie.
1029 4034 1245 4108 Significamus
1262 4039 1375 4108 quibus
1391 4038 1516 4109 expedit

249 4141 409 4208 universis,
435 4142 583 4197 memorie
608 4139 866 4211 commendantes,
898 4140 980 4212 quod
1005 4143 1087 4198 cives
1111 4142 1149 4198 de
1174 4151 1276 4198 monte
1299 4142 1444 4199 Grecensi
1476 4142 1515 4199 ad

249 4252 387 4302 nostram
426 4245 602 4302 accedentes
640 4247 839 4319 presenciam,
872 4248 1078 4304 exhibuerunt
1117 4249 1205 4304 nobis
1244 4249 1361 4305 litteras
1398 4248 1516 4306 domini

249 4352 345 4407 nostri
369 4350 506 4407 Ladizlai
529 4351 660 4409 illustris
683 4352 765 4424 regis
788 4352 955 4424 Hungarie,
980 4354 1009 4409 in
1035 4354 1148 4425 quihus
1170 4355 1259 4411 nobis
1288 4354 1419 4411 firmiter
1446 4370 1515 4427 pre·

249 4456 392 4528 cipiebat,
417 4454 499 4528 quod
525 4457 636 4513 villam
659 4458 751 4514 castri
774 4457 988 4530 zagrabiensts,
1014 4459 1138 4528 Kobyla
1163 4468 1313 4529 vocatam,
1330 4476 1401 4517 cum
1417 4461 1514 4517 omni·

249 4561 308 4618 bus
332 4561 430 4631 terris,
452 4561 648 4633 utilitatibus,
673 4563 913 4621 circumstanciis
936 4570 965 4620 et
989 4564 1184 4636 pertinenciis
1209 4565 1359 4622 universis
1383 4566 1425 4621 eis
1442 4566 1515 4622 assi-

250 4681 345 4738 gnare
367 4671 397 4723 et
421 4671 553 4724 statuere
577 4667 769 4740 deberemus,
794 4684 864 4726 cum
888 4668 1017 4726 eandem
1042 4669 1151 4725 villam
1169 4678 1297 4743 propter
1314 4670 1514 4727 commodum

250 4772 327 4829 11113
357 4769 526 4843 Grecensis,
559 4774 600 4831 ob
631 4775 741 4831 merita
770 4773 973 4832 serviciorum
1004 4775 1185 4832 eorumdem
1217 4777 1332 4834 civium
1365 4783 1515 4850 perpetuo
