3488 5242
258 354 316 412 282
671 353 743 410 Doc.
768 348 841 427 298.
868 386 905 395 —
931 354 987 412 An
1011 351 1103 432 1380.

254 552 361 609 salute.
392 552 514 610 Dicitur
543 553 633 609 nobis
663 553 694 610 in
725 554 865 625 personis
895 552 1013 623 iudicis,
1046 555 1218 612 iuratorum
1252 558 1281 610 et
1304 553 1522 611 universorum

254 658 371 714 civium
394 672 448 714 seu
471 658 629 731 hospitum
654 658 766 715 montis
789 657 973 716 Grechensis
995 658 1033 716 de
1055 658 1215 731 Zagrabia‚
1240 658 1329 730 gravi
1354 673 1426 716 cum
1448 675 1521 732 que-

254 764 329 834 rela,
353 762 437 836 quod
461 779 532 820 cum
561 763 637 821 seria
658 770 752 835 sexta,
781 765 898 822 scilicet
924 765 1108 822 duodecimo
1136 765 1186 822 die
1212 765 1419 822 concussionis
1446 780 1519 823 ovo·

255 886 325 926 rum
348 871 378 927 in
402 884 482 927 anno
505 869 622 927 domini
647 871 815 928 millesimo
839 870 1001 929 CCCLXX
1017 863 1079 947 (X),
1103 871 1259 945 preterita,
1284 869 1453 942 Gregorius
1474 872 1519 929 in·

253 976 353 1033 cliuus
376 977 513 1049 ipsorum
539 976 655 1032 civium
678 975 717 1032 ad
741 976 874 1049 quedam
897 975 976 1033 faeta
993 993 1048 1033 sua
1063 975 1239 1050 peragenda
1255 992 1312 1049 per
1327 977 1518 1035 territorium

253 1098 307 1139 seu
331 1082 415 1138 viam
439 1081 621 1138 eorumdem
645 1082 761 1139 civium
777 1083 961 1152 accessisset,
978 1082 1101 1139 tandem
1118 1081 1246 1154 quidam
1263 1081 1325 1138 duo
1340 1083 1521 1155 iobagiones

252 1188 379 1261 capituli
402 1187 616 1258 zagrabiensis,
642 1187 795 1258 videlicet,
817 1188 980 1270 Johannes,
1004 1187 1141 1260 Zagorch
1165 1187 1265 1245 dictus
1288 1195 1317 1244 et
1341 1187 1522 1246 Benedictus

252 1293 291 1350 de
324 1293 412 1349 Nova
443 1292 520 1350 villa
552 1292 691 1349 eiusdem
721 1293 850 1365 capituli
885 1294 965 1351 circa
996 1293 1139 1350 ecclesias
1175 1294 1336 1349 beatorum
1370 1293 1519 1375 Johannis

253 1400 387 1473 baptiste
410 1405 440 1456 et
463 1398 600 1470 Zakarye
632 1399 698 1467 sita,
730 1399 832 1472 ipsum
864 1399 1050 1471 Gregorium
1075 1399 1209 1456 letaliter
1232 1398 1441 1470 winerassent,
1465 1400 1519 1457 ubi

253 1506 396 1579 spiritum
422 1505 641 1562 incontinenti
665 1505 825 1576 exalasset,
849 1512 878 1563 et
901 1507 944 1562 sic
968 1507 1071 1579 ipsum
1095 1509 1253 1562 mortuum
1274 1503 1312 1561 ad
1329 1506 1520 1563 territorium

254 1611 329 1670 dicti
352 1612 480 1684 capituli
497 1610 612 1668 deferri
628 1618 657 1669 et
672 1611 820 1668 abscondi
844 1610 993 1681 fecissent,
1014 1627 1077 1684 quo
1093 1626 1202 1668 eorum
1218 1612 1385 1683 placuisset
1409 1612 1518 1669 volun-

253 1719 315 1775 tati.
339 1717 426 1787 Item,
451 1717 533 1774 idem
550 1717 731 1790 capitulum,
751 1716 827 1774 feria
851 1718 943 1775 tercia
961 1718 1103 1790 proxima
1126 1723 1197 1791 post
1213 1716 1326 1774 festum
1351 1732 1441 1789 pasce
1464 1717 1517 1774 do·

255 1824 338 1893 mini,
353 1839 433 1880 nunc
452 1823 607 1896 preterita,
624 1823 764 1896 nequicia
779 1824 977 1897 precogitata‚
990 1823 1040 1879 dei
1056 1823 1167 1879 timore
1180 1824 1360 1895 postposito,
1374 1827 1521 1895 tanquam

255 1930 390 1987 satelites
413 1936 442 1986 et
466 1930 664 1986 immemores
687 1929 780 1986 saluti
803 1930 904 1985 anime
928 1929 1076 2002 ipsorum,
1102 1928 1195 1985 misso
1217 1928 1364 2000 magistro
1385 1928 1521 1998 Nicolao,

255 2035 323 2093 filio
346 2035 487 2107 Bryslini,
511 2035 716 2091 concanonico
736 2035 884 2108 ipsorum,
902 2050 972 2092 cum
990 2035 1131 2107 ipsorum
1146 2034 1361 2106 complicibus,
1379 2035 1522 2091 manibus

253 2142 381 2199 armatis
412 2148 442 2199 et
473 2141 677 2214 potenciariis,
708 2141 792 2198 clara
821 2141 897 2211 luce,
931 2141 1011 2197 circa
1043 2139 1214 2209 meridiem,
1239 2140 1269 2197 in
1293 2140 1374 2197 dicta
1398 2140 1522 2197 civitate

254 2263 352 2321 prope
375 2247 538 2305 ecclesiam
561 2247 657 2304 sancti
687 2247 811 2304 Martini
843 2247 1002 2318 veniendo,
1035 2247 1195 2303 irruissent
1217 2251 1247 2302 et
1270 2246 1348 2302 duos
1379 2246 1521 2320 ipsorum

254 2354 345 2425 cives,
361 2353 506 2411 videlicet
521 2353 670 2424 iwanum,
686 2353 787 2411 filium
804 2353 972 2426 Draginich
987 2359 1018 2410 et
1035 2353 1168 2422 Petrum,
1185 2351 1287 2409 filium
1300 2352 1520 2422 Lourenchich,

254 2460 401 2517 letalibus
432 2460 586 2517 wluerum
616 2459 718 2533 plagis
749 2460 779 2517 in
813 2459 942 2533 propria
970 2457 1064 2515 domo
1094 2458 1235 2531 ipsorum
1265 2457 1466 2515 wluerassent
1489 2464 1519 2515 et

193 2542 198 2553 ⁵
255 2566 458 2635 mutilassent,
492 2565 546 2622 ubi
576 2565 731 2639 predistus
762 2566 845 2622 lwan
876 2565 1021 2638 spiritum
1053 2564 1212 2634 emisisset,
1247 2563 1286 2621 de
1321 2565 1385 2621 vita
1418 2570 1523 2622 autem

257 2672 354 2746 ipsius
377 2671 459 2729 Petri
483 2671 614 2728 dubium
638 2672 820 2740 haberetur;
852 2671 906 2728 lite
930 2675 1033 2727 tamen
1056 2670 1135 2727 inter
1158 2669 1257 2727 dictos
1282 2670 1365 2727 cives
1388 2678 1418 2727 et
1440 2671 1523 2743 capi·

257 2778 359 2835 tulum
383 2777 632 2852 prenominatum
656 2777 814 2850 pendente.
842 2775 943 2850 Super
967 2791 1029 2849 quo
1054 2775 1237 2833 mandamus
1261 2777 1351 2833 vobis
1373 2793 1431 2850 per
1453 2792 1522 2849 pre·

256 2890 365 2955 sentes,
389 2891 539 2957 quatenus
563 2899 659 2941 unum
683 2885 734 2941 vel
757 2882 835 2940 duos
851 2899 889 2939 ex
905 2883 996 2940 vobis
1012 2883 1234 2952 transmittatis,
1251 2884 1304 2955 qui
1320 2884 1360 2940 ab
1378 2883 1523 2939 omnibus

257 2992 370 3065 quibus
401 2990 552 3048 incumbit
582 2990 678 3046 sciant
711 2997 741 3046 et
771 2989 927 3061 inquirant
957 2987 996 3045 de
1023 2989 1182 3062 premissis
1206 2988 1418 3045 omnimodam
1443 2987 1522 3043 veri·

256 3104 359 3167 tatem,
383 3111 478 3169 quam
503 3095 628 3152 tandem
651 3095 778 3152 domino
809 3099 914 3151 nostro
947 3096 1013 3167 regi
1040 3095 1176 3151 seriatim
1200 3095 1383 3151 rescribatis.
1406 3093 1522 3150 Datum

258 3202 357 3272 Crisii‚
378 3201 453 3259 seria
478 3202 579 3272 tercia,
612 3201 755 3274 proxima
779 3208 848 3257 ante
871 3199 983 3257 festum
1008 3200 1089 3257 beati
1113 3198 1240 3271 Georgii
1265 3198 1408 3255 martiris.
1433 3200 1522 3255 Anno

258 3309 376 3366 domini
399 3308 568 3365 millesimo
599 3306 799 3364 CCCLXXX.
831 3307 989 3364 Presentes
1020 3315 1121 3364 autem
1147 3306 1326 3363 absentibus
1348 3307 1460 3363 nostris
1483 3307 1522 3362 si·

257 3415 352 3487 gillis,
376 3415 481 3486 sigillo
505 3413 586 3471 Petri
610 3413 742 3485 Chyrke,
767 3414 850 3470 vices
872 3418 993 3470 nostras
1012 3413 1163 3483 obeuntis,
1188 3412 1317 3469 fecimus
1341 3411 1521 3483 consignari.

258 3521 374 3577 Datum
398 3526 431 3577 ut
454 3535 555 3592 supra.

348 3653 488 3718 Originale
501 3653 528 3703 in
542 3654 640 3709 charta,
653 3668 668 3701 a
683 3659 758 3720 tergo
773 3653 929 3717 impressum
942 3659 979 3702 est
990 3652 1115 3717 sigillum.
1129 3651 1159 3701 In
1172 3650 1270 3701 archiv.
1287 3653 1304 3699 l.
1318 3667 1338 3699 r.
1353 3651 1401 3700 civ.
1417 3651 1521 3716 zagrab.

846 3938 934 4004 298.

364 4083 440 4128 Anno
463 4080 536 4137 1380,
559 4087 597 4132 17.
617 4078 719 4143 aprilis.
740 4078 828 4126 Crisii.

261 4210 407 4267 Lurlovico
431 4209 607 4281 magartae
629 4216 676 4264 etc.
699 4209 770 4280 regi,
793 4226 880 4264 cuntes
903 4227 937 4264 ac
959 4209 1062 4263 indices
1085 4207 1220 4263 nobilium
1244 4205 1277 4260 de
1300 4221 1364 4261 nece
1387 4203 1525 4276 Gregorii

739 4311 882 4387 inquilini,
906 4316 1044 4388 ch‘ernnl.

351 4477 617 4534 Excellentissimo
642 4477 774 4550 principi
799 4477 925 4533 domino
951 4475 1113 4545 lodouico,
1136 4474 1185 4532 dei
1208 4475 1311 4546 gracia
1328 4473 1434 4530 inclito
1457 4473 1521 4543 regi

262 4584 421 4655 ilungarie
444 4588 474 4639 et
496 4581 623 4640 domino
645 4598 751 4639 eorum
776 4583 911 4639 naturali
937 4583 1045 4639 Petrus
1073 4580 1196 4653 Chyrke
1223 4581 1390 4637 vicebanus
1417 4584 1447 4634 et
1474 4591 1523 4633 co-

262 4704 327 4745 mes
350 4689 513 4760 crisyensis
528 4703 564 4744 ac
587 4687 702 4745 iudices
729 4688 885 4746 nobilium
907 4688 1045 4745 eiusdem
1063 4688 1226 4744 comitatus
1253 4685 1412 4742 fidelitatis
1435 4684 1524 4741 obse·

260 4795 334 4867 quia
357 4793 460 4866 quoad
483 4794 600 4852 vivum.
634 4793 763 4852 Noverit
786 4798 888 4850 vestra
907 4794 1102 4866 excellencia,
1126 4791 1210 4866 quod
1233 4807 1304 4850 cum
1327 4806 1383 4848 nos
1404 4789 1524 4848 nobiles
