3488 5242
254 310 313 381 176
670 305 742 368 Dec.
765 319 832 385 197.
861 342 896 350 -
922 309 978 367 An.
1002 323 1092 386 1344.

249 508 333 582 quod
357 509 429 582 quia
452 510 483 566 in
507 510 737 567 examinacione
758 518 828 567 octo
852 509 1025 583 ponderum
1043 511 1171 583 argenti,
1188 510 1250 567 duo
1267 509 1388 584 pondus
1404 510 1516 567 saltem

249 620 377 688 quartus
399 616 430 673 in
454 616 588 673 carbone
618 613 790 673 defalcatur
820 620 850 672 et
872 617 1053 686 remanebit,
1081 617 1123 673 ob
1146 618 1205 673 hoc
1229 617 1255 673 si
1278 617 1345 690 ipsa
1365 632 1418 673 sex
1443 630 1518 689 pon-

248 720 323 779 dera
345 721 376 779 in
407 722 507 779 tribus
540 720 591 777 vel
615 722 645 778 in
669 727 802 793 quatuor
833 720 967 780 denariis
996 737 1057 779 non
1081 724 1171 792 ultra,
1196 722 1361 780 casualiter
1384 721 1518 778 diminu-

248 828 367 884 cionem
391 829 420 884 in
445 832 558 885 statera
580 826 720 901 predicta
744 833 930 900 paterentur,
964 829 1053 885 buius
1077 829 1198 885 racione
1222 827 1296 885 dicti
1320 828 1447 884 comites
1469 843 1517 883 ca-

185 1003 188 1007 ,
248 949 404 991 metarum
429 940 613 1003 nostrarum,
648 933 766 1005 absque
789 933 895 1005 aliqua
919 932 1053 990 vindicta
1089 935 1267 1004 habeantur,
1290 934 1348 991 nisi
1371 934 1401 990 in
1425 948 1516 989 usum

247 1053 308 1096 non
332 1041 494 1097 attrahant.
525 1038 556 1095 Si
587 1045 690 1095 autem
722 1040 752 1096 in
776 1039 920 1111 pluribus
945 1039 1024 1096 infra
1048 1046 1180 1111 quatuor
1203 1040 1336 1097 denariis
1372 1040 1439 1112 ipsa
1462 1056 1515 1097 sex

247 1145 383 1218 pondera
407 1145 648 1203 diminucionem
672 1150 857 1217 paterentur,
881 1153 992 1203 extunc
1011 1147 1055 1203 eis
1070 1146 1240 1203 vindictam
1257 1146 1367 1203 merito
1389 1151 1514 1219 possent

246 1251 417 1309 vendicare.
440 1251 584 1310 Universi
606 1258 710 1308 autem
733 1257 919 1309 mercatores
946 1267 1017 1308 cum
1051 1252 1140 1308 novis
1163 1251 1297 1308 denariis
1319 1256 1423 1309 nostre
1448 1265 1513 1308 mo-

245 1364 315 1414 nete
339 1356 441 1414 iorum
473 1356 585 1414 faciant
616 1358 647 1414 in
679 1357 862 1415 iorizacione
892 1358 1090 1430 antiquorum
1114 1355 1320 1428 denariorum,
1348 1363 1511 1428 argentum

245 1470 402 1537 emptores
433 1468 462 1520 et
493 1479 612 1533 aurum,
642 1465 669 1520 si
700 1465 752 1536 qui
781 1465 983 1537 reperientur,
1010 1479 1067 1536 per
1092 1464 1220 1520 comites
1243 1478 1437 1521 camerarum
1461 1478 1515 1520 no-

245 1576 380 1627 strarum
405 1570 434 1627 in
458 1571 552 1626 rebus
576 1570 707 1626 inventis
731 1570 898 1643 puniantur
906 1589 913 1639 ;
939 1575 1125 1627 mercatores
1140 1576 1243 1627 autem
1269 1570 1307 1627 de
1331 1571 1424 1627 rebus
1445 1585 1515 1626 con-

245 1677 339 1733 svetis
363 1676 484 1734 lucrum
508 1692 629 1733 camere
650 1677 781 1745 solvant,
804 1682 897 1749 prout
913 1682 958 1733 est
979 1677 1167 1734 consuetudo
1184 1677 1286 1748 regni;
1314 1682 1344 1734 et
1360 1677 1384 1733 si
1400 1677 1514 1748 aliquis

246 1788 399 1839 mercator
421 1798 469 1838 res
493 1797 563 1839 suas
586 1781 624 1838 de
640 1783 707 1839 iure
722 1783 869 1853 amiserit,
885 1782 923 1839 de
940 1782 1057 1839 eisdem
1074 1782 1134 1839 due
1151 1790 1254 1855 partes
1271 1782 1368 1852 nobis,
1385 1769 1513 1838 terciam

245 1893 367 1960 partem
397 1889 526 1945 comites
557 1902 749 1945 camerarum
782 1889 960 1962 percipiant.
995 1888 1158 1958 Volumus,
1182 1895 1215 1946 ut
1240 1887 1374 1945 famulos
1398 1894 1426 1943 et
1451 1903 1513 1943 ser-

244 1994 361 2050 vientes
385 1995 534 2051 comitum
559 2009 751 2051 camerarum
768 2001 945 2051 nostrarum
961 1996 990 2051 in
1008 1996 1171 2067 quibusvis
1187 2010 1348 2052 causarum
1366 1994 1512 2061 articulis,

245 2100 350 2156 nullus
383 2115 485 2157 comes
515 2100 568 2156 vel
599 2098 689 2157 iudex
722 2107 833 2170 noster,
858 2106 961 2174 preter
995 2108 1131 2158 nostram
1167 2116 1340 2174 personam,
1377 2099 1510 2157 iudicare

246 2205 354 2262 valeat.
379 2206 457 2263 ltem
477 2207 621 2273 similiter
651 2221 731 2263 anno
754 2207 784 2263 in
809 2207 941 2279 presenti
966 2206 1167 2264 collecciones
1191 2207 1431 2264 marturinarum
1457 2221 1510 2261 no·

245 2318 377 2369 strarum
403 2313 480 2368 inter
504 2311 614 2368 tluvios
635 2310 716 2368 Zaua
732 2319 761 2368 et
777 2312 882 2368 Draua
899 2328 969 2369 curn
986 2314 1070 2369 omni
1092 2313 1283 2386 plenitudine
1299 2313 1373 2368 iuris
1390 2327 1507 2379 earum,

185 2417 187 2421 ’
244 2417 448 2488 banoscbiniS,
472 2418 606 2474 nezetbis
632 2425 661 2474 et
691 2417 883 2490 ponderibus
914 2419 943 2474 in
970 2427 1074 2475 nostro
1101 2420 1211 2475 banatu
1238 2419 1426 2486 constitutas,
1450 2432 1508 2489 pro

245 2523 332 2581 mille
356 2530 385 2581 et
411 2524 553 2581 trecentis
577 2539 612 2580 ac
636 2524 994 2609 quinquaginta-marcis
1022 2523 1218 2580 denariorum
1236 2538 1390 2580 novorum
1407 2530 1509 2580 nostre

244 2636 366 2687 monete
390 2629 504 2687 eisdem
528 2629 654 2710 Jacobo,
679 2628 816 2696 Nimiae,
841 2628 944 2695 Zuetlr,
970 2630 1118 2699 magistro
1134 2629 1294 2702 Rapbaelo
1311 2637 1339 2684 et
1357 2628 1510 2699 liycbaeli

244 2734 390 2793 duximus
414 2715 619 2802 collocandas,
644 2736 740 2792 salvis
763 2736 894 2792 strenuis
909 2736 1041 2803 nostris;
1066 2735 1104 2791 de
1127 2735 1302 2791 collecturis
1325 2735 1509 2790 marturina-

244 2857 314 2899 rum
339 2848 368 2899 et
392 2857 513 2899 camere
536 2848 640 2898 nostre
665 2841 818 2909 volumus,
843 2849 876 2898 ut
900 2840 937 2897 de
954 2843 1131 2898 marturinis
1150 2843 1262 2898 nostris
1279 2841 1440 2913 pecuniam
1457 2855 1510 2896 no·

244 2954 340 3005 stram
358 2949 387 3005 in
405 2947 544 3005 ducentis
561 2949 613 3004 vel
629 2949 659 3004 in
678 2948 820 3021 pluribus
837 2948 949 3003 marcis
965 2947 1054 3003 nobis
1069 2954 1192 3020 portent
1208 2947 1257 3003 vel
1276 2947 1405 3016 mittant,
1422 2947 1509 3002 salvo

242 3055 309 3125 hoc,
333 3054 416 3127 quod
443 3056 467 3111 si
490 3056 580 3112 alicui
606 3056 635 3111 in
668 3055 780 3111 minori
811 3054 980 3126 quantitate
1012 3054 1049 3112 de
1080 3055 1209 3127 pecunia
1233 3061 1336 3111 nostra
1372 3053 1438 3110 dari
1464 3053 1508 3108 fa-

242 3160 376 3229 ciemus;
392 3161 450 3217 hoc
467 3176 526 3217 non
543 3161 751 3233 pretermisso,
768 3159 849 3232 quod
868 3161 892 3216 si
910 3161 1055 3216 collectas
1073 3161 1313 3216 marturinarum
1333 3166 1507 3215 nostrarum

242 3266 292 3322 vel
317 3267 438 3323 lucrum
464 3282 585 3323 camere
615 3273 717 3323 nostre
748 3266 869 3322 solvere
900 3272 951 3322 aul
975 3266 1054 3322 solui
1084 3266 1182 3322 iacere
1205 3281 1265 3322 non
1289 3272 1430 3321 curarent
1455 3266 1507 3320 bo·

241 3373 338 3429 mines
371 3373 594 3445 possessionati,
620 3373 649 3429 in
682 3373 926 3444 possessionibus
950 3372 1058 3428 talium
1084 3374 1211 3428 comites
1235 3387 1428 3428 camerarum
1453 3387 1506 3427 no·

240 3484 374 3534 strarum
400 3477 603 3534 descendendi
619 3479 752 3535 liberam
770 3478 902 3534 babeant
919 3477 1104 3536 facultatem.
1126 3478 1274 3534 Homines
1290 3484 1393 3534 autem
1410 3477 1506 3533 nostri

245 3582 410 3655 dignitates
433 3599 450 3639 a
473 3583 563 3640 nobis
594 3585 751 3652 habentes,
783 3584 813 3640 in
840 3597 946 3640 eorum
971 3583 1172 3655 dignitatibus
1196 3590 1225 3638 et
1249 3583 1421 3639 redditibus
1445 3584 1506 3655 pri·

242 3696 361 3757 ventur,
393 3690 489 3746 donec
520 3691 570 3746 vel
603 3704 764 3760 quousque
795 3689 923 3746 emenda
955 3706 992 3746 ex
1016 3699 1103 3763 parte
1127 3691 1244 3746 talium.
1268 3689 1434 3745 comitibus
1458 3704 1506 3744 ca·

240 3810 397 3852 merarum
429 3802 603 3852 nostrarum
636 3794 696 3851 fiat.
730 3795 915 3851 Marturinas
945 3802 1065 3852 nostras
1096 3802 1197 3852 aulem
1229 3796 1307 3850 inter
1338 3794 1451 3851 Zauam
1477 3799 1505 3851 et

238 3900 386 3969 Dianam,
411 3902 464 3958 ubi
489 3916 569 3957 anno
593 3901 740 3973 preterito
756 3901 845 3957 nobis
862 3900 1050 3972 dicaverunt,
1067 3900 1188 3957 dicandi
1205 3908 1234 3956 et
1252 3901 1394 3972 exigendi
1410 3917 1503 3973 super

239 4005 324 4074 tales,
356 4006 409 4077 qui
441 4006 563 4061 solvere
596 4011 746 4071 tenentur,
779 4006 961 4063 collectores
988 4008 1227 4063 marturinarum
1253 4013 1427 4063 nostrarum
1452 4008 1505 4063 ha·

240 4111 330 4168 beant
355 4111 543 4168 facultatem.
567 4111 701 4167 Lucrum
725 4127 846 4168 camere
862 4118 964 4169 nostre
980 4113 1106 4169 comites
1122 4129 1313 4170 camerarum
1330 4120 1504 4169 nostrarum

238 4217 318 4274 ultra
351 4217 464 4274 Zauam
497 4217 534 4273 de
565 4218 658 4274 rebus
689 4219 850 4287 consvetis,
882 4217 1023 4290 exigendi
1055 4219 1187 4275 habeant
1219 4225 1410 4292 potestatem.
1442 4218 1504 4273 Nec

237 4323 295 4379 hoc
319 4323 583 4395 pretermittimus,
608 4323 689 4396 quod
716 4325 739 4381 si
765 4325 818 4397 qui
843 4324 1060 4381 collectoribus
1081 4327 1304 4382 matutinarum
1328 4333 1503 4381 nostrarum

237 4429 267 4485 in
290 4428 446 4486 dicacione
471 4431 710 4486 marturinarum
747 4429 989 4488 contradixerint
1013 4438 1041 4487 et
1066 4447 1097 4487 se
1120 4431 1214 4487 dicari
1237 4447 1295 4487 non
1313 4430 1502 4492 admiserint.

236 4540 329 4607 prout
351 4534 428 4591 alias
452 4534 561 4592 honori
585 4536 715 4591 banatus
739 4537 907 4593 marturine
932 4536 1057 4593 fuissent
1075 4537 1182 4606 dicate,
1200 4538 1229 4594 in
1248 4538 1361 4609 quibus
1379 4536 1501 4592 termini

237 4639 382 4711 assignati
407 4655 463 4712 per
486 4641 614 4697 comites
637 4656 830 4699 camerarum
853 4649 1029 4699 nostrarum
1055 4649 1160 4699 contra
1177 4643 1300 4699 eosdem
1318 4643 1503 4699 camerarios

236 4751 356 4802 nostros
386 4753 416 4802 et
445 4745 627 4803 collectores
657 4748 900 4806 marturinarum
941 4754 1115 4806 nostrarum
1146 4764 1217 4806 cum
1247 4764 1356 4806 eorum
1388 4749 1500 4804 instru-
