3488 5242
647 330 720 388 Doc.
738 325 815 406 362.
842 364 878 372 -
902 331 958 388 An.
982 342 1071 407 1392.
1431 346 1492 407 343

232 530 299 585 vuli
321 530 452 602 predicti
475 529 513 585 ad
538 529 664 601 plagam
695 529 866 602 predictam
899 527 1051 585 tendendo
1082 543 1184 600 supra,
1217 527 1358 601 pervenit
1381 527 1492 583 iterum

231 635 269 692 ad
294 634 370 691 duas
392 643 489 692 metas
511 641 633 704 terreas,
657 635 712 692 ubi
735 641 765 691 et
788 634 818 691 in
843 648 905 706 quo
929 633 998 690 loco
1021 634 1124 706 primo
1147 633 1212 706 ipse
1229 633 1350 690 rivulus
1366 632 1491 706 duppli-

232 748 318 798 catur
342 757 395 797 seu
420 741 622 797 combinatur.
646 741 680 796 ln
703 739 947 812 quibusquidem
977 738 1098 795 duabus
1131 739 1220 795 metis
1247 738 1375 811 lapides,
1401 737 1495 795 modo

232 861 294 919 quo
317 862 419 919 supra,
445 847 537 918 positi
560 853 589 902 et
613 846 722 902 inclusi
746 831 924 914 extitissent,
948 843 1210 916 quarumquidem
1235 844 1367 901 duarum
1400 849 1496 900 meta·

231 967 301 1008 rum
325 967 343 1007 a
367 958 454 1023 parte
479 951 684 1020 meridionali,
708 967 768 1007 una
792 965 850 1024 pro
881 950 970 1007 nobis
1002 956 1032 1007 et
1063 949 1124 1006 alia
1147 966 1165 1006 a
1188 957 1276 1023 parte
1307 949 1496 1021 aquillonari

231 1056 352 1113 civibus
375 1055 523 1129 predictis
547 1055 646 1113 forent
669 1055 822 1128 deputate.
847 1056 969 1112 Abhinc
993 1055 1034 1111 ab
1056 1055 1124 1128 ipsa
1148 1055 1242 1128 plaga
1265 1055 1406 1112 orientali
1427 1071 1496 1128 pre·

233 1162 315 1219 dicta
338 1179 394 1234 per
424 1178 548 1219 cursum
579 1178 631 1218 seu
663 1169 798 1218 meatum
830 1162 919 1218 unius
951 1162 1045 1218 rivuli
1076 1159 1185 1229 eund0,
1218 1160 1349 1217 tenendo
1381 1160 1496 1218 directe

234 1267 359 1340 plagam
392 1267 637 1340 acquillonarem
673 1267 853 1339 predictam,
887 1268 952 1339 ipse
983 1282 1091 1322 cursus
1126 1267 1248 1323 metalis
1285 1267 1424 1339 pervenit
1456 1266 1495 1323 ad

233 1373 401 1445 quemdam
426 1381 552 1446 puteum
577 1390 676 1447 prope
700 1374 811 1430 villam
834 1373 977 1430 Grachan
994 1389 1011 1429 a
1027 1374 1120 1446 plaga
1138 1373 1280 1430 orientali
1305 1373 1401 1446 ipsius
1417 1374 1495 1431 ville

234 1480 374 1536 habitum
399 1488 428 1537 et
451 1481 641 1549 existentem,
666 1496 758 1551 quem
784 1484 912 1553 puteum
943 1495 1006 1549 nos,
1039 1479 1155 1536 scilicet
1187 1479 1360 1552 capitulum
1383 1485 1414 1535 et
1436 1479 1496 1551 ipsi

232 1586 315 1642 cives
339 1601 396 1658 pro
418 1592 500 1642 meta
535 1586 726 1657 assignamus
749 1593 778 1642 et
802 1585 996 1658 deputamus
1021 1585 1126 1657 ibique
1150 1586 1216 1658 ipse
1243 1602 1351 1642 cursus
1375 1586 1497 1643 metalis

234 1691 457 1748 terminaretur.
482 1691 549 1748 Hoc
572 1706 632 1747 non
656 1691 864 1763 pretermisso,
882 1691 964 1763 quod
987 1691 1162 1763 incipiendo
1178 1707 1196 1747 a
1213 1691 1359 1763 predictis
1375 1691 1497 1748 duabus

234 1798 323 1854 metis
346 1811 444 1869 prope
467 1797 585 1853 dictum
609 1796 821 1853 molendinum
854 1796 993 1853 filiorum
1024 1796 1153 1869 Chupor
1176 1797 1284 1853 erectis
1307 1812 1403 1869 usque
1428 1813 1498 1870 pre·

233 1904 347 1961 dictam
373 1903 482 1959 villam
507 1903 666 1960 Gracchan
690 1903 895 1976 prenominati
925 1903 1008 1959 cives
1031 1918 1048 1958 a
1073 1908 1160 1975 parte
1188 1901 1371 1959 occidentali
1394 1903 1425 1959 in
1449 1904 1495 1975 ip·

233 2024 339 2065 sorum
363 2009 517 2065 territorio
540 2009 658 2080 absque
681 2008 904 2085 impedimento
927 2015 957 2065 et
981 2007 1193 2065 destruccione
1214 2006 1386 2065 molendini
1401 2009 1497 2065 sancti

233 2115 381 2196 Johannis
405 2113 491 2172 Nove
514 2115 591 2171 ville
615 2116 645 2171 in
670 2115 814 2187 porcione
837 2130 890 2172 seu
907 2114 1063 2171 territorio
1079 2114 1176 2187 ipsius
1192 2114 1326 2171 civitatis
1342 2115 1498 2170 existentis

233 2228 262 2277 et
286 2221 392 2290 habiti,
417 2219 593 2277 molendina
616 2227 645 2277 et
668 2221 730 2277 alia
753 2220 874 2277 edificia
898 2227 1050 2293 quotquot
1071 2221 1186 2290 volunt,
1203 2218 1367 2276 edificandi
1383 2225 1413 2276 et
1428 2236 1498 2277 con·

234 2326 370 2383 struendi
394 2333 423 2382 et
446 2341 560 2398 aquam
583 2343 635 2383 seu
660 2326 824 2383 decursum
852 2342 931 2398 aque
954 2327 1050 2400 ipsius
1074 2326 1167 2383 rivuli
1192 2325 1230 2382 de
1254 2340 1329 2382 vero
1352 2341 1444 2381 cursu
1468 2325 1498 2382 in

232 2434 309 2489 locis
343 2433 520 2489 necessariis
551 2432 589 2489 ad
623 2431 737 2489 fossata
767 2432 940 2504 excipiendi
971 2433 1103 2489 liberam
1126 2432 1285 2489 habebunt
1310 2430 1498 2488 facultatem.

233 2537 293 2595 Sed
315 2554 377 2608 nos,
409 2539 527 2595 scilicet
557 2539 728 2611 capitulum
753 2554 770 2595 a
794 2538 940 2611 predictis
967 2539 1088 2595 duabus
1112 2539 1203 2595 metis
1226 2553 1325 2610 prope
1349 2536 1498 2595 molendi·

233 2660 307 2700 num
339 2643 476 2701 filiorum
508 2644 636 2716 Chupor
666 2644 849 2717 predictum,
874 2643 1048 2717 incipiendo
1072 2660 1169 2716 usque
1192 2643 1364 2716 predictam
1388 2643 1500 2699 villam

233 2750 392 2807 Gracchan
417 2751 504 2807 nulla
529 2749 705 2807 molendina
729 2750 779 2806 vel
799 2751 859 2806 alia
875 2749 1005 2820 edificia,
1022 2764 1081 2822 que
1099 2766 1155 2822 per
1171 2765 1284 2822 aquam
1301 2749 1398 2821 ipsius
1413 2748 1500 2805 fluvii

234 2859 417 2914 ducerentur
441 2857 491 2912 vel
516 2855 587 2913 duci
603 2863 735 2928 possent,
761 2855 860 2912 lacere
883 2862 913 2912 et
936 2862 1112 2912 construere
1135 2870 1169 2911 ac
1186 2853 1329 2911 edificare
1345 2854 1500 2926 possimus

234 2982 288 3020 nec
305 2965 463 3020 valeamus
480 2962 573 3018 modo
589 2961 727 3035 aliquali.
744 2962 790 3017 De
816 2961 970 3018 territorio
993 2967 1097 3017 autem
1119 2968 1148 3017 et
1171 2960 1262 3016 metis
1284 2966 1387 3016 nostre
1406 2959 1500 3015 turris

234 3070 264 3126 in
288 3068 427 3141 predicta
450 3069 573 3125 civitate
597 3074 769 3125 constructe
793 3075 822 3124 et
846 3067 1010 3137 existentis,
1034 3083 1095 3138 que
1119 3067 1211 3123 turris
1235 3066 1394 3137 wlgariter
1416 3071 1446 3122 et
1469 3065 1500 3121 in

233 3176 344 3247 wlgari
368 3175 557 3248 l’opowturn
581 3181 783 3247 nuncupatur,
810 3174 898 3230 metis
922 3190 974 3230 seu
998 3173 1093 3245 signis
1118 3172 1283 3229 metalibus
1306 3171 1347 3227 ab
1369 3177 1500 3242 utraque

234 3291 321 3354 parte
347 3281 442 3353 ipsius
467 3281 560 3337 turris
583 3281 776 3352 consignatis,
808 3281 866 3336 hoc
890 3279 996 3337 ordine
1020 3296 1072 3336 seu
1098 3279 1191 3336 modo
1214 3278 1421 3350 infrascripto,
1445 3292 1500 3334 nos

235 3388 350 3443 scilicet
375 3388 546 3458 capitulum
571 3392 600 3443 et
624 3387 683 3460 ipsi
705 3387 788 3442 cives
812 3385 988 3442 huiusmodi
1013 3385 1209 3442 concordiam
1226 3384 1373 3440 duximus
1389 3382 1500 3440 facien·

234 3493 320 3550 dam:
356 3492 437 3565 quod
470 3493 572 3565 primo
601 3493 707 3565 incipit
731 3509 796 3548 esse
819 3507 876 3564 pro
901 3500 981 3548 meta
1007 3493 1098 3549 turris
1122 3490 1259 3564 predicte
1283 3491 1314 3546 in
1337 3488 1500 3561 superficie

235 3600 331 3656 muris
355 3599 529 3671 incipiendo
552 3615 570 3655 a
594 3615 683 3655 muro
704 3599 829 3671 parietis
850 3597 988 3655 eiusdem
1012 3599 1103 3654 turris
1127 3614 1144 3653 a
1168 3603 1255 3670 parte
1271 3596 1412 3653 orientali
1429 3610 1500 3668 pro·

234 3703 370 3761 cedendo
394 3720 491 3776 usque
515 3705 640 3778 plagam
658 3703 893 3761 meridionalem
917 3720 988 3760 curn
1013 3719 1155 3760 mensura
1171 3703 1268 3774 regali
1294 3701 1501 3759 mensurando

236 3809 372 3866 extendit
395 3827 427 3867 se
452 3810 489 3867 ad
515 3811 639 3881 triginta
662 3822 723 3867 tres
747 3826 915 3880 mensuras,
943 3826 961 3866 a
984 3817 1072 3882 parte
1094 3824 1170 3865 vero
1193 3808 1439 3882 septemtrionali
1462 3808 1501 3864 si·

235 3916 351 3972 militer
381 3932 398 3972 a
430 3933 519 3973 muro
552 3916 677 3989 parietis
709 3915 846 3972 eiusdem
879 3916 971 3972 turris
1002 3931 1054 3972 seu
1084 3916 1150 3987 ipsa
1174 3915 1251 3971 turri
1273 3912 1449 3986 incipiendo
1472 3918 1502 3970 et

236 4038 342 4079 versus
375 4023 503 4095 plagam
534 4022 757 4078 occidentalem
788 4021 983 4095 procedendo
1012 4037 1119 4078 versus
1143 4036 1256 4077 novam
1281 4027 1403 4092 portam
1425 4019 1501 4088 civi·

235 4129 305 4184 tatis
329 4128 473 4201 predicte,
499 4128 674 4201 quindecim
698 4144 840 4185 mensure
863 4128 983 4200 regales
1007 4134 1036 4184 et
1059 4142 1137 4183 unus
1160 4127 1283 4183 cubitus
1305 4141 1377 4182 cum
1398 4124 1502 4182 medio

235 4235 405 4291 extitissent
438 4235 605 4291 mensurati
629 4241 658 4291 et
681 4234 827 4307 deputati.
859 4234 1001 4290 Preterea
1032 4234 1090 4289 hoc
1118 4232 1277 4289 declarato
1300 4247 1360 4289 non
1385 4237 1501 4304 preter·

235 4341 337 4411 misso,
371 4341 455 4413 quod
487 4355 550 4411 nos
582 4341 698 4398 scilicet
729 4340 901 4414 capitulum
933 4341 964 4395 in
993 4345 1097 4396 nostro
1122 4338 1238 4395 tributo
1262 4353 1315 4394 seu
1339 4337 1502 4394 tributaria

236 4447 406 4504 exaccione.
436 4445 530 4502 modo
562 4444 767 4518 infrascripto
795 4460 866 4501 cum
890 4444 1006 4501 eisdem
1031 4445 1152 4502 civibus
1175 4443 1353 4501 huiusmodi
1376 4456 1503 4514 compo·

236 4551 382 4607 sicionem
406 4559 435 4608 et
459 4551 688 4608 ordinacionem
717 4551 863 4608 duximus
895 4550 1076 4621 faciendam,
1112 4558 1145 4607 ut
1167 4566 1185 4606 a
1208 4550 1425 4621 iobagionibus
1448 4563 1500 4605 seu

236 4658 363 4730 populis
387 4658 527 4730 ipsorum
548 4657 665 4715 civium
689 4658 720 4714 in
743 4657 947 4730 infrascriptis
968 4657 1062 4729 villis,
1086 4656 1246 4714 videlicet:
1263 4654 1390 4725 Dedich,
1407 4654 1502 4713 Grac·

237 4764 322 4834 chan,
347 4763 517 4836 Kralewcz,
551 4765 684 4836 Kobilie,
717 4763 854 4836 Zuyblie,
877 4762 985 4834 Narth,
1010 4762 1100 4820 Nova
1122 4779 1196 4834 wez,
1220 4762 1383 4833 Pobresye,
1406 4759 1501 4818 Cher-
