3488 5242
574 305 647 362 Doc.
667 318 736 382 232.
753 318 821 382 233.
848 338 885 348 -
910 306 966 364 An.
991 303 1204 384 1355-1356.

845 496 931 563 232.

366 622 442 670 Anno
464 628 538 677 1355,
561 628 581 668 1.
601 618 698 669 martii.
721 618 874 684 Zagrabiae.

263 747 406 804 ll'r'colaus
428 747 513 804 totius
537 744 694 804 Slovoniae
715 755 744 805 et
772 746 906 804 Crootiae
927 747 1027 818 banus,
1049 767 1165 806 causam
1188 767 1275 823 quom
1297 750 1453 824 capatulum
1477 768 1524 806 aa·

423 851 507 925 grob.
528 859 628 909 contra
655 853 729 909 ciues
758 851 932 910 Grechenses
953 854 1065 927 agebat,
1087 855 1188 911 iterum
1203 862 1354 928 prorogat.

347 997 411 1055 Nos
434 996 581 1054 Nicolaus
605 997 703 1054 tocius
725 995 889 1055 Sclauonie
912 989 942 1055 et
965 998 1092 1056 Croacie
1108 998 1214 1055 banus.
1237 998 1356 1056 Damus
1379 1013 1438 1073 pro
1461 1015 1524 1057 me·

256 1104 364 1174 moria
386 1102 470 1176 quod
493 1118 549 1160 nos
569 1103 791 1161 discussionem
820 1108 855 1160 et
884 1103 1177 1161 determinacionem
1202 1118 1300 1174 cause,
1325 1119 1420 1176 quam
1444 1105 1523 1162 inter

255 1209 454 1266 honorabiles
475 1209 568 1279 viros,
593 1209 709 1266 scilicet
724 1208 898 1282 capitulum
914 1209 1042 1267 ecclesie
1057 1209 1263 1281 zagrabiensis
1283 1209 1324 1266 ab
1348 1225 1416 1281 una,
1442 1210 1522 1268 iudi·

256 1330 332 1385 cem
356 1316 472 1372 iuratos
495 1320 526 1371 et
548 1315 709 1371 universos
725 1314 808 1371 cives
824 1312 862 1371 de
878 1320 983 1372 monte
999 1313 1109 1385 Grech,
1125 1321 1160 1372 ut
1175 1321 1294 1373 actores
1316 1321 1403 1389 parte
1419 1317 1459 1373 ab
1474 1317 1520 1373 al-

257 1426 322 1478 tera
338 1422 423 1479 iuxta
439 1422 662 1479 continenciam
685 1422 826 1495 priorum
843 1422 1016 1478 litterarum
1033 1426 1208 1478 nostrarum
1231 1422 1519 1494 prorogatoriarum

257 1528 288 1584 in
310 1529 428 1584 octavis
450 1527 511 1584 diei
526 1542 674 1598 cynerum
691 1525 791 1584 facere
815 1526 1005 1596 tenebantur,
1029 1531 1157 1599 propter
1173 1526 1311 1584 eiusdem
1334 1526 1519 1585 arduitatem

256 1634 295 1691 ad
320 1639 465 1692 octavum
489 1633 574 1691 diem
596 1633 658 1690 diei
679 1633 830 1690 adventus
853 1633 949 1690 nostri
973 1631 1166 1703 Zagrabiam,
1182 1632 1221 1689 ad
1239 1648 1365 1706 presens
1382 1632 1420 1689 de
1436 1634 1521 1690 curia

255 1740 340 1811 regia
371 1739 510 1810 faciendi,
542 1739 581 1796 ad
618 1743 756 1796 nostram
788 1738 955 1812 specialem
995 1738 1186 1811 presenciam
1213 1744 1292 1795 statu
1327 1738 1387 1795 sub
1418 1739 1523 1811 priori,

257 1846 490 1918 perhemptorie
502 1844 649 1901 duximus
665 1842 895 1916 prorogandam
911 1850 940 1901 et
955 1842 1017 1899 fine
1033 1842 1138 1899 debito
1154 1843 1388 1901 terminandam.
1404 1844 1521 1901 Datum

256 1950 416 2024 Zagrabie‚
432 1950 617 2007 duodecimo
634 1949 683 2006 die
699 1950 822 2006 termini
838 1950 1000 2022 prenotati.
1014 1950 1103 2005 Anno
1120 1947 1237 2005 domini
1255 1948 1390 2006 MCCCL
1406 1951 1520 2023 quinto.

345 2085 486 2151 Originale
506 2085 533 2134 in
553 2084 651 2134 charta.
679 2086 703 2133 A
723 2090 800 2150 tergo
824 2082 967 2149 vestigium
991 2083 1113 2148 impressi
1136 2082 1229 2148 sigilli.
1255 2082 1285 2132 ln
1311 2083 1421 2133 archivo
1439 2085 1519 2133 Acad.

256 2173 349 2224 Scient.
370 2174 439 2224 Slav.
459 2174 552 2223 merid.

844 2315 932 2381 233.

360 2460 436 2507 Anno
458 2457 532 2515 1356.
555 2466 593 2516 14.
611 2456 734 2520 januarii.
753 2455 907 2522 Zagrabiae.

254 2551 451 2658 Margaretlta
482 2584 594 2640 ducissa
623 2584 747 2658 capitulo
777 2582 895 2656 aagrab.
919 2583 1037 2657 fratres
1066 2583 1231 2640 Heremitas
1257 2584 1287 2639 in
1311 2584 1517 2657 possessionem

675 2690 875 2747 Pristavs'tr'na
895 2690 987 2746 statui
1007 2689 1088 2746 iubet.

343 2835 519 2906 Margareta
550 2833 599 2891 dei
629 2834 733 2906 gracia
757 2833 855 2890 tocius
882 2831 1052 2904 Sclauonie‚
1076 2833 1202 2890 Croacie
1226 2838 1256 2891 et
1279 2833 1440 2891 Dalmacie
1464 2834 1520 2892 du·

254 2941 338 2997 cissa.
371 2940 531 2997 Fidelibus
562 2940 625 2997 suis
655 2939 795 2996 discretis
825 2939 901 2996 viris
932 2940 1070 3012 capitulo
1092 2939 1301 3012 zagrabiensis
1323 2919 1450 2996 ecclesie
1473 2955 1520 2997 sa·

256 3045 353 3102 lutem
378 3051 406 3101 et
427 3046 571 3117 graciam.
595 3044 751 3102 Noveritis
772 3043 857 3116 quod
880 3059 935 3101 nos
954 3045 1179 3118 possessionem
1202 3049 1340 3101 nostram
1363 3044 1518 3116 Pryztaw-

255 3150 370 3221 schyna
404 3155 546 3207 vocatam
570 3151 656 3206 iuxta
679 3137 904 3223 possessionem
935 3147 1115 3206 Gradschan
1145 3149 1344 3219 adiacentem,
1368 3149 1410 3206 ob
1430 3164 1519 3223 spem

256 3270 349 3327 quam
374 3256 404 3312 in
430 3255 553 3312 beatam
577 3255 730 3327 virginem
752 3255 889 3327 gerimus
904 3255 1103 3327 singularem,
1119 3256 1212 3312 acob
1228 3253 1402 3312 remedium
1417 3255 1519 3312 anime

254 3360 411 3433 quondam
434 3361 533 3418 incliti
553 3361 702 3435 principis
725 3360 843 3418 domini
859 3359 1007 3435 Stephani
1022 3361 1109 3418 ducis
1132 3361 1251 3418 domini
1274 3367 1304 3417 et
1327 3361 1517 3418 conthoralis

253 3467 349 3523 nostri
366 3466 529 3536 karissimi,
546 3481 663 3523 necnon
679 3481 737 3539 pro
754 3465 836 3523 felici
853 3471 932 3524 statu
949 3468 1046 3524 incliti
1062 3467 1211 3540 principis
1227 3466 1345 3524 domini
1371 3466 1520 3548 Johannis

254 3571 349 3642 duciS,
375 3571 441 3628 filii·
456 3573 553 3629 nostri
576 3571 739 3642 karissimi,
770 3570 920 3629 fratribus
935 3573 1102 3630 Heremitis
1125 3572 1253 3629 ecclesie
1275 3572 1364 3629 beate
1388 3572 1517 3644 virginis

254 3677 292 3733 de
315 3678 529 3749 promontorio
560 3677 759 3749 zagrabiensi,
790 3685 941 3750 perpetuo
972 3677 1118 3735 duximus
1141 3676 1392 3734 conservandam.
1415 3675 1518 3749 Quare

253 3781 398 3839 fidelitati
431 3789 533 3839 vestre
564 3781 697 3840 firmiter
730 3783 931 3857 precipiendo
966 3783 1159 3854 mandamus,
1194 3787 1344 3856 quatenus
1378 3787 1518 3839 vestrum

251 3889 381 3944 mittatis
404 3889 563 3945 hominem
595 3904 653 3962 pro
677 3889 853 3946 testimonio
882 3888 1083 3961 fidedignum,
1106 3890 1137 3946 in
1161 3889 1248 3945 cuius
1271 3883 1430 3960 presencia
1454 3902 1518 3945 ma·

252 3995 346 4065 gister
370 3993 559 4064 Benedictus,
583 3994 668 4051 filius
691 3995 855 4065 Dominici,
874 3994 1009 4052 Thomas
1034 3993 1072 4051 de
1088 3994 1274 4064 Morowcha,
1290 3998 1344 4050 aut
1366 3992 1459 4051 Gatal
1479 3992 1517 4050 de

252 4098 435 4169 Hraschyna
465 4097 603 4156 famulus
630 4099 768 4157 eiusdem
792 4101 933 4172 magistri
956 4099 1119 4170 Benedicti,
1143 4099 1242 4156 altero
1263 4099 1399 4168 absente,
1422 4098 1517 4155 homo

66 4276 69 4284 1
166 4217 168 4221 ’
251 4211 363 4274 noster,
387 4204 513 4261 accedat
535 4205 575 4262 ad
599 4205 711 4262 faciem
733 4204 872 4279 predicte
903 4205 1105 4279 possessionis
1135 4204 1377 4276 Pryztawchyna
1400 4209 1516 4274 vocate,

252 4311 490 4382 convocatisque
518 4312 627 4368 vicinis
658 4317 688 4368 et
719 4312 937 4369 commetaneis
961 4310 1099 4368 eiusdem
1122 4310 1275 4368 universis
1297 4315 1327 4366 et
1349 4308 1425 4382 ipsis
1447 4325 1517 4382 pre·

252 4416 390 4472 sentibus
424 4422 537 4473 statuat
572 4416 703 4473 eandem
737 4432 809 4473 cum
844 4417 998 4473 universis
1035 4416 1221 4473 utilitatibus
1256 4421 1286 4472 et
1319 4415 1516 4487 pertinenciis

252 4521 388 4578 eiusdem
432 4523 492 4578 sub
520 4523 579 4579 hiis
611 4523 860 4579 conclusionibus
885 4498 1044 4579 ¹metarum
1075 4528 1105 4579 et
1135 4521 1282 4593 terminis,
1311 4519 1425 4593 quibus
1448 4520 1516 4594 ipsa

252 4626 399 4683 hactenus
431 4634 534 4684 nostre
567 4629 718 4685 maiestati
749 4629 933 4701 pertinuisse
963 4627 1211 4700 dignoscebatur,
1245 4625 1335 4684 dictis
1367 4624 1516 4683 tratribus

251 4732 420 4789 Heremitis
452 4739 604 4807 perpetuo
627 4732 856 4807 possidendam,
879 4735 905 4791 si
928 4750 985 4808 per
1008 4715 1173 4807 quospiam
1195 4747 1257 4790 non
1280 4731 1373 4790 fuerit
1395 4738 1515 4788 contra·

1377 4856 1409 4908 14
