3488 5242
652 321 724 378 Duc.
749 333 818 394 205.
846 353 881 361 -
909 319 964 376 An.
986 315 1077 397 1346.
1443 321 1499 389 185

657 426 778 432 *—
803 426 869 431 ---
1036 426 1477 433 ———-—.—

234 519 308 588 tari;
326 519 506 591 litterasque
521 519 803 592 protestacionales‚
819 518 1042 592 prohibitorias
1057 524 1087 575 et
1103 518 1180 575 alias
1196 518 1359 591 quaslibet,
1376 534 1436 590 que
1449 519 1503 576 ali·

234 625 319 682 cuius
336 624 526 682 efficacitatis
544 625 721 681 viderentur
737 624 788 681 vel
804 625 953 681 momenti
971 623 1051 681 facto
1068 625 1097 681 in
1111 625 1271 697 premisso,
1284 622 1379 680 iidem
1391 639 1502 698 procu·

234 738 351 787 ratores
374 731 502 803 capituli
525 731 652 787 ecclesie
676 731 883 802 zagrabiensis
906 745 963 803 per
986 730 1091 802 ipsum
1111 729 1272 786 dominum
1288 729 1501 800 laurencium,

235 837 279 892 uti
290 851 346 892 suo
359 836 560 893 incumbisset
576 835 688 907 officio,
702 836 781 893 trina
792 837 860 893 vice
876 837 1016 908 requisiti
1027 836 1238 908 nequivissent
1251 851 1306 893 nec
1318 837 1501 910 assumpsis-

233 950 299 999 sent
315 943 469 999 exhibere.
491 942 588 1013 Igitur
609 943 675 1015 ipse
698 941 842 999 dominus
865 943 1052 999 Laurencins
1075 943 1326 1000 thavernicorum
1349 942 1500 1015 regalium

234 1047 380 1119 magister
393 1062 525 1104 unacum
540 1047 712 1105 venerabili
725 1048 754 1105 in
767 1047 890 1104 Christo
904 1054 992 1121 patre
1007 1047 1133 1105 domino
1149 1047 1248 1119 Petro,
1266 1047 1315 1105 dei
1331 1054 1361 1104 et
1377 1057 1500 1120 aposto-

206 1182 209 1187 ·
234 1153 293 1209 lica
309 1153 413 1225 gracia
429 1153 576 1226 episcopo
591 1153 772 1222 sirimiensi;
789 1154 862 1210 item
880 1153 1051 1225 magnificis
1067 1154 1151 1225 viris,
1167 1153 1293 1211 domino
1306 1153 1434 1211 Nicolao
1447 1169 1499 1227 pa·

234 1259 330 1316 latino
354 1264 384 1315 et
412 1258 511 1316 iudice
543 1258 761 1330 Comanorum‚
794 1259 916 1316 Thoma
947 1259 1076 1317 condam
1108 1259 1271 1332 wayvvoda
1301 1260 1499 1320 transilvano

234 1365 330 1422 Paulo
354 1365 502 1437 magistro
528 1365 778 1422 thavernicorum
800 1365 996 1438 reginalium,
1019 1366 1090 1423 aliis
1112 1367 1209 1423 eciarn
1232 1367 1318 1440 regni
1336 1367 1500 1423 comitatus

234 1473 408 1529 tenentibus
442 1478 472 1527 et
508 1472 648 1542 honores
691 1487 808 1529 necnon
846 1472 1004 1544 magistris
1042 1473 1291 1546 prothonotariis‚
1330 1474 1501 1547 ceterisque

232 1577 371 1635 eiusdem
402 1578 488 1649 regni
518 1576 679 1634 nobilibus
706 1593 810 1634 secum
842 1584 913 1634 tunc
937 1579 966 1635 in
998 1578 1111 1636 iudicio
1135 1579 1379 1649 consedentibus,
1404 1580 1500 1637 dictas

234 1683 441 1756 possessiones
464 1683 610 1754 Kobylya
633 1688 663 1739 et
686 1682 856 1755 Swyblyan
880 1692 1013 1753 vocatas,
1048 1686 1107 1741 suh
1131 1684 1247 1742 eisdem
1273 1686 1362 1742 metis
1385 1686 1500 1759 quibus

233 1790 274 1846 ab
296 1789 372 1845 olim
396 1789 455 1862 ipsi
485 1790 568 1846 cives
599 1788 724 1846 easdem
756 1789 962 1862 possedissent
985 1789 1023 1846 de
1048 1789 1238 1863 plenitudine
1261 1806 1315 1847 sue
1339 1790 1499 1848 iudiciarie

235 1898 395 1968 potestatis
434 1894 637 1952 adiudicendo
669 1897 891 1969 prenominatis
921 1897 1042 1954 civibus
1069 1902 1098 1953 et
1130 1897 1305 1968 hospitibus
1336 1897 1375 1954 de
1402 1897 1499 1955 Grecz

233 2002 409 2073 reliquisset
441 2009 592 2074 perpetuo
620 2002 785 2076 possidere,
818 2007 920 2059 tenere
950 2010 980 2059 et
1012 2003 1135 2072 habere,
1167 2003 1251 2075 regio
1281 2004 1406 2060 nomine
1437 2020 1499 2061 me-

234 2108 356 2176 diante;
379 2107 559 2180 dictumque
582 2109 754 2181 capitulum
778 2108 906 2164 ecclesie
928 2108 1143 2180 zagrabiensis‚
1168 2108 1251 2181 quod
1275 2109 1305 2166 in
1329 2110 1500 2167 statucione

233 2214 370 2288 predicte
402 2215 602 2286 possessionis
634 2214 779 2286 Kobylya
809 2215 868 2271 sub
900 2215 1074 2271 testimonio
1106 2230 1161 2271 suo
1196 2214 1286 2272 diclis
1317 2215 1438 2272 civibus
1468 2215 1500 2272 in

233 2320 457 2392 concordiaque
480 2336 574 2393 super
605 2321 695 2378 dictis
727 2321 973 2394 possessionibus
1004 2321 1149 2393 Kobylya
1172 2327 1202 2378 et
1226 2320 1397 2393 Zwyblyan
1422 2323 1500 2379 inter

233 2428 316 2500 ipsos
348 2427 432 2482 cives
464 2426 504 2482 ab
535 2443 594 2482 una
626 2442 661 2483 ac
693 2426 844 2499 quosdam
879 2427 1034 2483 Matheum
1069 2433 1099 2483 et
1133 2427 1310 2484 Farcasium
1338 2435 1426 2502 parte
1460 2430 1501 2485 ab

234 2533 340 2602 altera,
372 2548 475 2589 coram
508 2533 569 2588 iam
601 2533 683 2590 dicto
724 2533 930 2603 zagrabiensis
959 2532 1087 2590 ecclesie
1118 2533 1255 2606 capitulo
1291 2533 1501 2592 mediantibus

232 2639 370 2697 eiusdem
394 2639 505 2696 litteris
534 2638 622 2709 facta,
646 2640 733 2696 nulla
757 2639 895 2697 eiusdem
922 2639 1050 2710 capituli
1075 2639 1221 2695 obviante
1247 2639 1500 2711 contradiccione,

233 2760 414 2802 consensum
439 2745 598 2818 prebuisse
620 2754 651 2802 et
674 2761 846 2815 assensum;
880 2747 981 2819 ipsum
1006 2745 1103 2802 eciam
1128 2746 1309 2818 capitulum,
1334 2746 1431 2803 veluti
1456 2748 1500 2804 rei

233 2865 376 2907 consense
400 2858 429 2907 et
453 2851 594 2922 admisse,
620 2860 810 2924 propterque
831 2852 1070 2909 taciturnitatem
1093 2858 1123 2908 et
1146 2856 1325 2926 temporum
1348 2852 1501 2910 diuturni·

232 2965 326 3013 tatem
351 2957 466 3013 eisdem
492 2958 666 3030 hospitibus
689 2959 774 3014 iuxta
799 2958 1036 3031 prescripcionis
1060 2957 1196 3015 formam
1221 2966 1411 3032 perpetuam,
1435 2975 1500 3016 sus·

232 3063 403 3134 citatorem‚
427 3064 455 3120 in
492 3063 572 3120 sacto
604 3065 757 3120 calumnie
788 3065 904 3137 pariter
927 3080 997 3121 cum
1021 3064 1169 3138 predictis
1201 3066 1322 3138 prelato
1352 3081 1388 3123 ac
1411 3066 1501 3122 baro·

231 3169 323 3224 nibus
347 3175 377 3225 et
401 3171 486 3241 regni
522 3171 680 3226 nobilibus
711 3171 915 3228 commisisset
939 3169 1004 3227 sore
1034 3171 1210 3227 convictum
1234 3179 1340 3228 contra
1363 3172 1500 3245 hospites

234 3273 272 3329 de
296 3273 392 3331 Grecz
416 3282 600 3348 prenotatos.

322 3409 527 3475 Transumptum
547 3411 572 3460 in
594 3413 743 3462 membrana
763 3428 777 3461 a
797 3413 915 3478 capitulo
935 3412 1059 3462 dusmensi
1079 3428 1146 3462 anno
1169 3424 1241 3476 1490.
1263 3413 1292 3463 In
1315 3413 1423 3464 archivo
1443 3429 1499 3464 ven.

234 3499 344 3563 capituli
367 3500 471 3563 zagrab.
493 3500 551 3549 fasc.
573 3511 595 3549 2.
616 3516 654 3550 nr.
676 3502 715 3559 38.

819 3735 908 3801 205.

339 3875 416 3922 Anno
438 3875 511 3933 1346,
532 3884 572 3931 3ο.
592 3875 665 3940 Julii.
686 3875 838 3940 Zagrabiae.

233 4000 398 4058 Ludozv'cus
421 4002 597 4074 mitigante
620 4011 667 4059 etc.
692 4022 744 4059 res·
767 4007 932 4062 sententiam
956 4006 1111 4063 Laurentii
1131 4009 1268 4079 nzagistrr'
1282 4009 1498 4064 tavarm'corum

232 4106 265 4162 dc
282 4108 504 4178 posscssrbm'bns
529 4109 646 4184 llbbr'lja
662 4117 690 4166 ct
705 4110 839 4185 Szu'bls'au
856 4113 886 4167 in
907 4113 1044 4186 fervorem
1059 4114 1184 4171 civitatis
1213 4113 1384 4171 Grecltcnst's
1400 4115 1499 4184 latam,

789 4218 947 4291 confimmt.

322 4357 384 4412 Nos
408 4357 581 4414 Lodouicus
605 4358 654 4414 dei
677 4360 781 4431 gracia
805 4377 859 4417 rex
883 4361 1047 4433 ilungarie.
1071 4360 1288 4434 significamus
1305 4365 1499 4437 presencium

233 4480 287 4536 per
312 4471 457 4530 tenorem,
491 4466 640 4522 memorie
664 4465 922 4537 commendantes,
948 4467 1126 4540 quodcum
1150 4468 1275 4526 discreti
1298 4470 1358 4527 viri
1381 4471 1499 4543 capitu-

231 4569 297 4625 lum
314 4570 440 4626 ecclesie
456 4570 662 4642 zagrabiensis
679 4579 783 4628 nostre
799 4573 950 4631 maiestati
967 4575 1125 4646 conquesti
1143 4573 1269 4632 fuissent
1291 4591 1384 4650 super
1403 4591 1448 4647 eo,
1465 4585 1499 4634 ut

232 4674 261 4730 in
285 4690 384 4742 causa,
408 4690 502 4746 quam
534 4692 605 4732 cum
629 4678 750 4735 civibus
773 4685 803 4735 et
826 4679 1001 4753 hospitibus
1032 4681 1144 4737 nostris
1173 4680 1379 4739 Grecensibus
1406 4697 1499 4756 super

232 4781 478 4852 possessionibus
501 4781 625 4840 Cobilia
656 4788 685 4840 et
715 4781 863 4842 Scuiblan
892 4784 1010 4843 vocatis
1040 4792 1071 4843 et
1101 4786 1172 4844 aliis
1195 4786 1294 4845 causis
1317 4787 1498 4859 habuerunt,
