<?xml version="1.0" encoding="UTF-8"?>
<!DOCTYPE html PUBLIC "-//W3C//DTD XHTML 1.0 Transitional//EN"
    "http://www.w3.org/TR/xhtml1/DTD/xhtml1-transitional.dtd">
<html xmlns="http://www.w3.org/1999/xhtml" xml:lang="en" lang="en">
 <head>
  <title>
</title>
<meta http-equiv="Content-Type" content="text/html;charset=utf-8" />
  <meta name='ocr-system' content='tesseract 3.04.00' />
  <meta name='ocr-capabilities' content='ocr_page ocr_carea ocr_par ocr_line ocrx_word'/>
</head>
<body>
  <div class='ocr_page' id='page_1' title='image "./monumentahistor11laszgoog_0374.png"; bbox 0 0 3488 5242; ppageno 0'>
   <div class='ocr_carea' id='block_1_1' title="bbox 603 345 1491 427">
    <p class='ocr_par' dir='ltr' id='par_1_1' title="bbox 603 345 1491 427">
     <span class='ocr_line' id='line_1_1' title="bbox 603 345 1491 427; baseline 0 -19"><span class='ocrx_word' id='word_1_1' title='bbox 603 345 861 427; x_wconf 77' lang='lat' dir='ltr'>Doc.157.158.</span> <span class='ocrx_word' id='word_1_2' title='bbox 889 383 925 392; x_wconf 91' lang='grc'>-</span> <span class='ocrx_word' id='word_1_3' title='bbox 952 351 1118 427; x_wconf 77' lang='lat' dir='ltr'>An.1332.</span> <span class='ocrx_word' id='word_1_4' title='bbox 1431 365 1491 427; x_wconf 85' lang='lat'>139</span> 
     </span>
    </p>
   </div>
   <div class='ocr_carea' id='block_1_2' title="bbox 228 547 1496 2529">
    <p class='ocr_par' dir='ltr' id='par_1_2' title="bbox 228 547 1496 2529">
     <span class='ocr_line' id='line_1_2' title="bbox 230 547 1496 622; baseline 0 -17"><span class='ocrx_word' id='word_1_5' title='bbox 230 549 335 606; x_wconf 91' lang='lat' dir='ltr'>debito</span> <span class='ocrx_word' id='word_1_6' title='bbox 358 549 454 606; x_wconf 92' lang='lat' dir='ltr'>nostri</span> <span class='ocrx_word' id='word_1_7' title='bbox 478 548 574 605; x_wconf 86' lang='lat' dir='ltr'>officii</span> <span class='ocrx_word' id='word_1_8' title='bbox 597 549 711 605; x_wconf 89' lang='lat' dir='ltr'>nemini</span> <span class='ocrx_word' id='word_1_9' title='bbox 733 549 764 606; x_wconf 94' lang='lat' dir='ltr'>in</span> <span class='ocrx_word' id='word_1_10' title='bbox 788 564 843 605; x_wconf 89' lang='lat' dir='ltr'>suo</span> <span class='ocrx_word' id='word_1_11' title='bbox 866 547 932 606; x_wconf 94' lang='lat' dir='ltr'>iure</span> <span class='ocrx_word' id='word_1_12' title='bbox 955 547 1061 606; x_wconf 84' lang='lat' dir='ltr'><strong>deesse</strong></span> <span class='ocrx_word' id='word_1_13' title='bbox 1076 548 1226 605; x_wconf 90' lang='lat' dir='ltr'>debemus</span> <span class='ocrx_word' id='word_1_14' title='bbox 1249 556 1278 606; x_wconf 90' lang='lat' dir='ltr'>et</span> <span class='ocrx_word' id='word_1_15' title='bbox 1308 564 1405 622; x_wconf 92' lang='lat' dir='ltr'>aquo</span> <span class='ocrx_word' id='word_1_16' title='bbox 1420 550 1496 606; x_wconf 88' lang='lat' dir='ltr'>oriri</span> 
     </span>
     <span class='ocr_line' id='line_1_3' title="bbox 231 654 1495 728; baseline 0 -17"><span class='ocrx_word' id='word_1_17' title='bbox 231 654 323 711; x_wconf 89' lang='lat' dir='ltr'>debet</span> <span class='ocrx_word' id='word_1_18' title='bbox 346 655 465 712; x_wconf 92' lang='lat' dir='ltr'>iusticia</span> <span class='ocrx_word' id='word_1_19' title='bbox 489 655 662 726; x_wconf 90' lang='lat' dir='ltr'>singularis,</span> <span class='ocrx_word' id='word_1_20' title='bbox 686 671 723 711; x_wconf 83' lang='lat' dir='ltr'>ex</span> <span class='ocrx_word' id='word_1_21' title='bbox 740 656 898 712; x_wconf 88' lang='lat' dir='ltr'>tenoribus</span> <span class='ocrx_word' id='word_1_22' title='bbox 915 655 1089 712; x_wconf 89' lang='lat' dir='ltr'>litterarum</span> <span class='ocrx_word' id='word_1_23' title='bbox 1106 659 1338 727; x_wconf 84' lang='lat' dir='ltr'>prenotatamm</span> <span class='ocrx_word' id='word_1_24' title='bbox 1355 655 1495 728; x_wconf 89' lang='lat' dir='ltr'>ipsorum</span> 
     </span>
     <span class='ocr_line' id='line_1_4' title="bbox 230 760 1494 835; baseline 0.001 -18"><span class='ocrx_word' id='word_1_25' title='bbox 230 761 365 818; x_wconf 76' lang='lat' dir='ltr'>ladislai</span> <span class='ocrx_word' id='word_1_26' title='bbox 396 767 426 817; x_wconf 92' lang='lat' dir='ltr'>et</span> <span class='ocrx_word' id='word_1_27' title='bbox 456 760 588 831; x_wconf 83' lang='lat' dir='ltr'>Andree,</span> <span class='ocrx_word' id='word_1_28' title='bbox 620 776 730 832; x_wconf 90' lang='lat' dir='ltr'>regum</span> <span class='ocrx_word' id='word_1_29' title='bbox 760 762 939 833; x_wconf 86' lang='lat' dir='ltr'><strong>illustrium,</strong></span> <span class='ocrx_word' id='word_1_30' title='bbox 971 761 1226 835; x_wconf 86' lang='lat' dir='ltr'>predecessorum</span> <span class='ocrx_word' id='word_1_31' title='bbox 1257 768 1434 819; x_wconf 91' lang='lat' dir='ltr'>nostrorum</span> <span class='ocrx_word' id='word_1_32' title='bbox 1465 766 1494 818; x_wconf 91' lang='lat' dir='ltr'>et</span> 
     </span>
     <span class='ocr_line' id='line_1_5' title="bbox 234 865 1495 940; baseline 0 -16"><span class='ocrx_word' id='word_1_33' title='bbox 234 867 416 924; x_wconf 86' lang='lat' dir='ltr'>eorumdem</span> <span class='ocrx_word' id='word_1_34' title='bbox 449 868 590 939; x_wconf 82' lang='lat' dir='ltr'>magistri</span> <span class='ocrx_word' id='word_1_35' title='bbox 622 867 717 937; x_wconf 88' lang='lat' dir='ltr'>Pauli,</span> <span class='ocrx_word' id='word_1_36' title='bbox 748 867 806 924; x_wconf 87' lang='lat' dir='ltr'>lilii</span> <span class='ocrx_word' id='word_1_37' title='bbox 836 866 984 940; x_wconf 80' lang='lat' dir='ltr'>Stephani</span> <span class='ocrx_word' id='word_1_38' title='bbox 1008 867 1081 924; x_wconf 91' lang='lat' dir='ltr'>bani</span> <span class='ocrx_word' id='word_1_39' title='bbox 1104 883 1139 924; x_wconf 90' lang='lat' dir='ltr'>ac</span> <span class='ocrx_word' id='word_1_40' title='bbox 1163 866 1237 924; x_wconf 91' lang='lat' dir='ltr'>dicti</span> <span class='ocrx_word' id='word_1_41' title='bbox 1260 867 1377 937; x_wconf 90' lang='lat' dir='ltr'>Hodus‚</span> <span class='ocrx_word' id='word_1_42' title='bbox 1401 865 1495 924; x_wconf 89' lang='lat' dir='ltr'>dona·</span> 
     </span>
     <span class='ocr_line' id='line_1_6' title="bbox 231 973 1495 1046; baseline -0.002 -16"><span class='ocrx_word' id='word_1_43' title='bbox 231 974 309 1031; x_wconf 92' lang='lat' dir='ltr'>cioni</span> <span class='ocrx_word' id='word_1_44' title='bbox 335 974 432 1046; x_wconf 91' lang='lat' dir='ltr'>ipsius</span> <span class='ocrx_word' id='word_1_45' title='bbox 455 973 580 1046; x_wconf 89' lang='lat' dir='ltr'>pallacii</span> <span class='ocrx_word' id='word_1_46' title='bbox 611 988 793 1030; x_wconf 92' lang='lat' dir='ltr'>consensum</span> <span class='ocrx_word' id='word_1_47' title='bbox 825 973 1037 1046; x_wconf 70' lang='lat' dir='ltr'>prebentibus</span> <span class='ocrx_word' id='word_1_48' title='bbox 1062 980 1277 1044; x_wconf 73' lang='lat' dir='ltr'>cognoscentes</span> <span class='ocrx_word' id='word_1_49' title='bbox 1301 973 1404 1044; x_wconf 90' lang='lat' dir='ltr'>ipsum</span> <span class='ocrx_word' id='word_1_50' title='bbox 1428 973 1495 1044; x_wconf 91' lang='lat' dir='ltr'>pal-</span> 
     </span>
     <span class='ocr_line' id='line_1_7' title="bbox 229 1077 1494 1150; baseline -0.003 -13"><span class='ocrx_word' id='word_1_51' title='bbox 229 1081 344 1137; x_wconf 92' lang='lat' dir='ltr'>lacium</span> <span class='ocrx_word' id='word_1_52' title='bbox 368 1094 426 1136; x_wconf 93' lang='lat' dir='ltr'>non</span> <span class='ocrx_word' id='word_1_53' title='bbox 451 1081 497 1135; x_wconf 91' lang='lat' dir='ltr'>ius</span> <span class='ocrx_word' id='word_1_54' title='bbox 521 1080 728 1136; x_wconf 84' lang='lat' dir='ltr'>successivum</span> <span class='ocrx_word' id='word_1_55' title='bbox 761 1079 891 1135; x_wconf 89' lang='lat' dir='ltr'>banatus</span> <span class='ocrx_word' id='word_1_56' title='bbox 921 1079 1081 1149; x_wconf 82' lang='lat' dir='ltr'>exstitisse,</span> <span class='ocrx_word' id='word_1_57' title='bbox 1110 1077 1162 1134; x_wconf 88' lang='lat' dir='ltr'>sed</span> <span class='ocrx_word' id='word_1_58' title='bbox 1187 1094 1224 1134; x_wconf 86' lang='lat' dir='ltr'>ex</span> <span class='ocrx_word' id='word_1_59' title='bbox 1248 1078 1399 1150; x_wconf 89' lang='lat' dir='ltr'>premissa</span> <span class='ocrx_word' id='word_1_60' title='bbox 1423 1092 1494 1133; x_wconf 90' lang='lat' dir='ltr'>ven-</span> 
     </span>
     <span class='ocr_line' id='line_1_8' title="bbox 229 1183 1494 1258; baseline -0.002 -15"><span class='ocrx_word' id='word_1_61' title='bbox 229 1186 348 1243; x_wconf 87' lang='lat' dir='ltr'>dicione</span> <span class='ocrx_word' id='word_1_62' title='bbox 379 1202 436 1258; x_wconf 88' lang='lat' dir='ltr'>per</span> <span class='ocrx_word' id='word_1_63' title='bbox 466 1185 564 1242; x_wconf 91' lang='lat' dir='ltr'>dictos</span> <span class='ocrx_word' id='word_1_64' title='bbox 589 1185 751 1243; x_wconf 89' lang='lat' dir='ltr'>Nicolaum</span> <span class='ocrx_word' id='word_1_65' title='bbox 775 1190 804 1243; x_wconf 89' lang='lat' dir='ltr'>et</span> <span class='ocrx_word' id='word_1_66' title='bbox 827 1185 1033 1254; x_wconf 90' lang='lat' dir='ltr'>Franciscum,</span> <span class='ocrx_word' id='word_1_67' title='bbox 1057 1184 1140 1241; x_wconf 87' lang='lat' dir='ltr'>filios</span> <span class='ocrx_word' id='word_1_68' title='bbox 1164 1183 1306 1255; x_wconf 91' lang='lat' dir='ltr'>Gylionis</span> <span class='ocrx_word' id='word_1_69' title='bbox 1340 1184 1494 1256; x_wconf 91' lang='lat' dir='ltr'>prenotati</span> 
     </span>
     <span class='ocr_line' id='line_1_9' title="bbox 229 1288 1494 1362; baseline -0.003 -13"><span class='ocrx_word' id='word_1_70' title='bbox 229 1302 259 1349; x_wconf 87' lang='lat' dir='ltr'>et</span> <span class='ocrx_word' id='word_1_71' title='bbox 282 1291 441 1348; x_wconf 90' lang='lat' dir='ltr'>dominam</span> <span class='ocrx_word' id='word_1_72' title='bbox 474 1290 597 1362; x_wconf 80' lang='lat' dir='ltr'>Nydam</span> <span class='ocrx_word' id='word_1_73' title='bbox 628 1291 768 1348; x_wconf 90' lang='lat' dir='ltr'>relictam</span> <span class='ocrx_word' id='word_1_74' title='bbox 801 1289 947 1360; x_wconf 90' lang='lat' dir='ltr'>eiusdem,</span> <span class='ocrx_word' id='word_1_75' title='bbox 979 1289 1062 1346; x_wconf 91' lang='lat' dir='ltr'>dicto</span> <span class='ocrx_word' id='word_1_76' title='bbox 1091 1289 1201 1360; x_wconf 85' lang='lat' dir='ltr'>Endre‚</span> <span class='ocrx_word' id='word_1_77' title='bbox 1232 1289 1299 1346; x_wconf 89' lang='lat' dir='ltr'>filio</span> <span class='ocrx_word' id='word_1_78' title='bbox 1334 1288 1494 1361; x_wconf 85' lang='lat' dir='ltr'>Syrgirini‚</span> 
     </span>
     <span class='ocr_line' id='line_1_10' title="bbox 231 1393 1494 1470; baseline -0.002 -16"><span class='ocrx_word' id='word_1_79' title='bbox 231 1398 311 1470; x_wconf 91' lang='lat' dir='ltr'>patri</span> <span class='ocrx_word' id='word_1_80' title='bbox 334 1396 478 1454; x_wconf 87' lang='lat' dir='ltr'>videlicet</span> <span class='ocrx_word' id='word_1_81' title='bbox 503 1398 665 1454; x_wconf 89' lang='lat' dir='ltr'>memorati</span> <span class='ocrx_word' id='word_1_82' title='bbox 688 1397 847 1454; x_wconf 84' lang='lat' dir='ltr'>Michaelis</span> <span class='ocrx_word' id='word_1_83' title='bbox 871 1402 900 1452; x_wconf 91' lang='lat' dir='ltr'>et</span> <span class='ocrx_word' id='word_1_84' title='bbox 924 1394 1072 1453; x_wconf 86' lang='lat' dir='ltr'>fratribus</span> <span class='ocrx_word' id='word_1_85' title='bbox 1095 1395 1234 1453; x_wconf 90' lang='lat' dir='ltr'>eiusdem</span> <span class='ocrx_word' id='word_1_86' title='bbox 1254 1394 1354 1452; x_wconf 87' lang='lat' dir='ltr'>Endre</span> <span class='ocrx_word' id='word_1_87' title='bbox 1372 1393 1494 1464; x_wconf 87' lang='lat' dir='ltr'>laetam,</span> 
     </span>
     <span class='ocr_line' id='line_1_11' title="bbox 229 1501 1495 1576; baseline -0.002 -16"><span class='ocrx_word' id='word_1_88' title='bbox 229 1503 266 1560; x_wconf 90' lang='lat' dir='ltr'>de</span> <span class='ocrx_word' id='word_1_89' title='bbox 291 1505 356 1560; x_wconf 91' lang='lat' dir='ltr'>iure</span> <span class='ocrx_word' id='word_1_90' title='bbox 379 1503 417 1560; x_wconf 90' lang='lat' dir='ltr'>ad</span> <span class='ocrx_word' id='word_1_91' title='bbox 443 1503 576 1560; x_wconf 88' lang='lat' dir='ltr'>eundem</span> <span class='ocrx_word' id='word_1_92' title='bbox 608 1504 789 1560; x_wconf 87' lang='lat' dir='ltr'>Michaelem</span> <span class='ocrx_word' id='word_1_93' title='bbox 822 1504 976 1575; x_wconf 90' lang='lat' dir='ltr'>pertinere</span> <span class='ocrx_word' id='word_1_94' title='bbox 1000 1509 1225 1576; x_wconf 74' lang='lat' dir='ltr'>cognoscentes</span> <span class='ocrx_word' id='word_1_95' title='bbox 1249 1501 1404 1576; x_wconf 83' lang='lat' dir='ltr'>prelatum</span> <span class='ocrx_word' id='word_1_96' title='bbox 1428 1501 1495 1575; x_wconf 92' lang='lat' dir='ltr'>pal·</span> 
     </span>
     <span class='ocr_line' id='line_1_12' title="bbox 232 1608 1495 1682; baseline -0.002 -15"><span class='ocrx_word' id='word_1_97' title='bbox 232 1611 345 1667; x_wconf 90' lang='lat' dir='ltr'>lacium</span> <span class='ocrx_word' id='word_1_98' title='bbox 376 1615 509 1677; x_wconf 72' lang='lat' dir='ltr'>eatenus</span> <span class='ocrx_word' id='word_1_99' title='bbox 541 1615 690 1681; x_wconf 90' lang='lat' dir='ltr'>quatenus</span> <span class='ocrx_word' id='word_1_100' title='bbox 718 1608 756 1665; x_wconf 91' lang='lat' dir='ltr'>de</span> <span class='ocrx_word' id='word_1_101' title='bbox 788 1609 854 1665; x_wconf 90' lang='lat' dir='ltr'>iure</span> <span class='ocrx_word' id='word_1_102' title='bbox 877 1609 915 1665; x_wconf 92' lang='lat' dir='ltr'>ad</span> <span class='ocrx_word' id='word_1_103' title='bbox 940 1610 1044 1682; x_wconf 91' lang='lat' dir='ltr'>ipsum</span> <span class='ocrx_word' id='word_1_104' title='bbox 1068 1616 1098 1666; x_wconf 91' lang='lat' dir='ltr'>et</span> <span class='ocrx_word' id='word_1_105' title='bbox 1120 1623 1192 1666; x_wconf 90' lang='lat' dir='ltr'>suos</span> <span class='ocrx_word' id='word_1_106' title='bbox 1216 1608 1327 1666; x_wconf 86' lang='lat' dir='ltr'>fratres</span> <span class='ocrx_word' id='word_1_107' title='bbox 1349 1609 1495 1665; x_wconf 89' lang='lat' dir='ltr'>hactenus</span> 
     </span>
     <span class='ocr_line' id='line_1_13' title="bbox 230 1714 1494 1790; baseline -0.002 -17"><span class='ocrx_word' id='word_1_108' title='bbox 230 1717 386 1790; x_wconf 88' lang='lat' dir='ltr'>pertinuit,</span> <span class='ocrx_word' id='word_1_109' title='bbox 411 1721 439 1771; x_wconf 92' lang='lat' dir='ltr'>et</span> <span class='ocrx_word' id='word_1_110' title='bbox 464 1721 556 1788; x_wconf 93' lang='lat' dir='ltr'>prout</span> <span class='ocrx_word' id='word_1_111' title='bbox 579 1715 677 1772; x_wconf 90' lang='lat' dir='ltr'>eciam</span> <span class='ocrx_word' id='word_1_112' title='bbox 700 1715 841 1785; x_wconf 84' lang='lat' dir='ltr'>vigorem</span> <span class='ocrx_word' id='word_1_113' title='bbox 866 1714 948 1772; x_wconf 91' lang='lat' dir='ltr'>dicta</span> <span class='ocrx_word' id='word_1_114' title='bbox 971 1716 1138 1789; x_wconf 89' lang='lat' dir='ltr'>privilegia</span> <span class='ocrx_word' id='word_1_115' title='bbox 1155 1715 1268 1772; x_wconf 88' lang='lat' dir='ltr'>habere</span> <span class='ocrx_word' id='word_1_116' title='bbox 1285 1714 1494 1781; x_wconf 84' lang='lat' dir='ltr'>dinoscuntur,</span> 
     </span>
     <span class='ocr_line' id='line_1_14' title="bbox 230 1819 1494 1896; baseline -0.002 -17"><span class='ocrx_word' id='word_1_117' title='bbox 230 1824 305 1896; x_wconf 90' lang='lat' dir='ltr'>ipsis</span> <span class='ocrx_word' id='word_1_118' title='bbox 318 1828 347 1878; x_wconf 93' lang='lat' dir='ltr'>et</span> <span class='ocrx_word' id='word_1_119' title='bbox 360 1837 466 1878; x_wconf 88' lang='lat' dir='ltr'>eorum</span> <span class='ocrx_word' id='word_1_120' title='bbox 481 1821 708 1877; x_wconf 87' lang='lat' dir='ltr'>successoribus</span> <span class='ocrx_word' id='word_1_121' title='bbox 720 1819 880 1894; x_wconf 90' lang='lat' dir='ltr'>possidere</span> <span class='ocrx_word' id='word_1_122' title='bbox 892 1827 922 1877; x_wconf 94' lang='lat' dir='ltr'>et</span> <span class='ocrx_word' id='word_1_123' title='bbox 935 1821 1050 1878; x_wconf 90' lang='lat' dir='ltr'>habere</span> <span class='ocrx_word' id='word_1_124' title='bbox 1065 1821 1282 1893; x_wconf 84' lang='lat' dir='ltr'>relinquentes,</span> <span class='ocrx_word' id='word_1_125' title='bbox 1295 1821 1494 1892; x_wconf 90' lang='lat' dir='ltr'>nolentesque</span> 
     </span>
     <span class='ocr_line' id='line_1_15' title="bbox 229 1926 1494 2002; baseline -0.002 -17"><span class='ocrx_word' id='word_1_126' title='bbox 229 1945 285 2002; x_wconf 90' lang='lat' dir='ltr'>per</span> <span class='ocrx_word' id='word_1_127' title='bbox 320 1929 456 2000; x_wconf 88' lang='lat' dir='ltr'>aliquem</span> <span class='ocrx_word' id='word_1_128' title='bbox 487 1927 602 1982; x_wconf 91' lang='lat' dir='ltr'>banum</span> <span class='ocrx_word' id='word_1_129' title='bbox 634 1941 692 1998; x_wconf 90' lang='lat' dir='ltr'>pro</span> <span class='ocrx_word' id='word_1_130' title='bbox 725 1933 863 1999; x_wconf 91' lang='lat' dir='ltr'>tempore</span> <span class='ocrx_word' id='word_1_131' title='bbox 886 1927 1086 1984; x_wconf 90' lang='lat' dir='ltr'>constitutum</span> <span class='ocrx_word' id='word_1_132' title='bbox 1110 1926 1235 1984; x_wconf 89' lang='lat' dir='ltr'>eosdem</span> <span class='ocrx_word' id='word_1_133' title='bbox 1259 1927 1442 1984; x_wconf 89' lang='lat' dir='ltr'>Michaelem</span> <span class='ocrx_word' id='word_1_134' title='bbox 1465 1933 1494 1983; x_wconf 92' lang='lat' dir='ltr'>et</span> 
     </span>
     <span class='ocr_line' id='line_1_16' title="bbox 229 2031 1494 2105; baseline -0.002 -14"><span class='ocrx_word' id='word_1_135' title='bbox 229 2033 339 2091; x_wconf 84' lang='lat' dir='ltr'>fratres</span> <span class='ocrx_word' id='word_1_136' title='bbox 362 2049 433 2090; x_wconf 90' lang='lat' dir='ltr'>suos</span> <span class='ocrx_word' id='word_1_137' title='bbox 456 2049 491 2089; x_wconf 92' lang='lat' dir='ltr'>ac</span> <span class='ocrx_word' id='word_1_138' title='bbox 515 2048 623 2089; x_wconf 89' lang='lat' dir='ltr'>eorum</span> <span class='ocrx_word' id='word_1_139' title='bbox 646 2031 776 2089; x_wconf 91' lang='lat' dir='ltr'>heredes</span> <span class='ocrx_word' id='word_1_140' title='bbox 798 2032 919 2090; x_wconf 85' lang='lat' dir='ltr'>racione</span> <span class='ocrx_word' id='word_1_141' title='bbox 943 2032 1017 2090; x_wconf 91' lang='lat' dir='ltr'>dicti</span> <span class='ocrx_word' id='word_1_142' title='bbox 1036 2033 1161 2105; x_wconf 91' lang='lat' dir='ltr'>pallacii</span> <span class='ocrx_word' id='word_1_143' title='bbox 1179 2031 1293 2090; x_wconf 92' lang='lat' dir='ltr'>amodo</span> <span class='ocrx_word' id='word_1_144' title='bbox 1308 2032 1494 2105; x_wconf 89' lang='lat' dir='ltr'>perturbari,</span> 
     </span>
     <span class='ocr_line' id='line_1_17' title="bbox 228 2137 1494 2213; baseline -0.001 -17"><span class='ocrx_word' id='word_1_145' title='bbox 228 2154 335 2212; x_wconf 92' lang='lat' dir='ltr'>ymmo</span> <span class='ocrx_word' id='word_1_146' title='bbox 359 2140 417 2213; x_wconf 91' lang='lat' dir='ltr'>ipsi</span> <span class='ocrx_word' id='word_1_147' title='bbox 442 2140 523 2194; x_wconf 89' lang='lat' dir='ltr'>hano</span> <span class='ocrx_word' id='word_1_148' title='bbox 546 2144 575 2194; x_wconf 90' lang='lat' dir='ltr'>et</span> <span class='ocrx_word' id='word_1_149' title='bbox 599 2139 664 2194; x_wconf 91' lang='lat' dir='ltr'>eius</span> <span class='ocrx_word' id='word_1_150' title='bbox 688 2138 916 2195; x_wconf 89' lang='lat' dir='ltr'>successoribus</span> <span class='ocrx_word' id='word_1_151' title='bbox 947 2139 1069 2195; x_wconf 91' lang='lat' dir='ltr'>racione</span> <span class='ocrx_word' id='word_1_152' title='bbox 1096 2137 1170 2195; x_wconf 88' lang='lat' dir='ltr'>dicti</span> <span class='ocrx_word' id='word_1_153' title='bbox 1194 2138 1320 2210; x_wconf 91' lang='lat' dir='ltr'>pallacii</span> <span class='ocrx_word' id='word_1_154' title='bbox 1343 2143 1494 2210; x_wconf 88' lang='lat' dir='ltr'>perpetue</span> 
     </span>
     <span class='ocr_line' id='line_1_18' title="bbox 228 2243 1493 2318; baseline -0.001 -17"><span class='ocrx_word' id='word_1_155' title='bbox 228 2245 443 2302; x_wconf 85' lang='lat' dir='ltr'>taciturnitatis</span> <span class='ocrx_word' id='word_1_156' title='bbox 478 2244 639 2300; x_wconf 90' lang='lat' dir='ltr'>silencium</span> <span class='ocrx_word' id='word_1_157' title='bbox 672 2245 872 2316; x_wconf 73' lang='lat' dir='ltr'>imponentes</span> <span class='ocrx_word' id='word_1_158' title='bbox 903 2245 944 2301; x_wconf 93' lang='lat' dir='ltr'>ab</span> <span class='ocrx_word' id='word_1_159' title='bbox 975 2244 1172 2318; x_wconf 89' lang='lat' dir='ltr'>impeticione</span> <span class='ocrx_word' id='word_1_160' title='bbox 1204 2243 1386 2301; x_wconf 91' lang='lat' dir='ltr'>eorumdem</span> <span class='ocrx_word' id='word_1_161' title='bbox 1409 2243 1493 2316; x_wconf 91' lang='lat' dir='ltr'>ipsos</span> 
     </span>
     <span class='ocr_line' id='line_1_19' title="bbox 229 2349 1494 2424; baseline -0.002 -16"><span class='ocrx_word' id='word_1_162' title='bbox 229 2353 348 2424; x_wconf 90' lang='lat' dir='ltr'>penitus</span> <span class='ocrx_word' id='word_1_163' title='bbox 379 2349 525 2406; x_wconf 84' lang='lat' dir='ltr'>duximus</span> <span class='ocrx_word' id='word_1_164' title='bbox 555 2350 722 2406; x_wconf 86' lang='lat' dir='ltr'>absolutos.</span> <span class='ocrx_word' id='word_1_165' title='bbox 752 2350 867 2407; x_wconf 90' lang='lat' dir='ltr'>Datum</span> <span class='ocrx_word' id='word_1_166' title='bbox 900 2352 930 2407; x_wconf 94' lang='lat' dir='ltr'>in</span> <span class='ocrx_word' id='word_1_167' title='bbox 954 2349 1136 2422; x_wconf 82' lang='lat' dir='ltr'>wysegrad,</span> <span class='ocrx_word' id='word_1_168' title='bbox 1164 2358 1274 2407; x_wconf 84' lang='lat' dir='ltr'>octavo</span> <span class='ocrx_word' id='word_1_169' title='bbox 1298 2349 1347 2405; x_wconf 91' lang='lat' dir='ltr'>die</span> <span class='ocrx_word' id='word_1_170' title='bbox 1372 2349 1494 2406; x_wconf 89' lang='lat' dir='ltr'>termini</span> 
     </span>
     <span class='ocr_line' id='line_1_20' title="bbox 228 2454 1215 2529; baseline -0.002 -15"><span class='ocrx_word' id='word_1_171' title='bbox 228 2458 383 2514; x_wconf 89' lang='lat' dir='ltr'>citacionis</span> <span class='ocrx_word' id='word_1_172' title='bbox 407 2456 568 2529; x_wconf 89' lang='lat' dir='ltr'>prenotati.</span> <span class='ocrx_word' id='word_1_173' title='bbox 593 2457 682 2511; x_wconf 82' lang='lat' dir='ltr'>Anno</span> <span class='ocrx_word' id='word_1_174' title='bbox 709 2454 828 2511; x_wconf 92' lang='lat' dir='ltr'>domini</span> <span class='ocrx_word' id='word_1_175' title='bbox 852 2454 1050 2512; x_wconf 89' lang='lat' dir='ltr'>MCCCXXX</span> <span class='ocrx_word' id='word_1_176' title='bbox 1074 2454 1215 2512; x_wconf 91' lang='lat' dir='ltr'>secundo.</span> 
     </span>
    </p>
   </div>
   <div class='ocr_carea' id='block_1_3' title="bbox 229 2608 1494 2942">
    <p class='ocr_par' dir='ltr' id='par_1_3' title="bbox 229 2608 1494 2942">
     <span class='ocr_line' id='line_1_21' title="bbox 319 2608 1492 2675; baseline -0.003 -16"><span class='ocrx_word' id='word_1_177' title='bbox 319 2611 458 2674; x_wconf 82' lang='lat' dir='ltr'>Originalc</span> <span class='ocrx_word' id='word_1_178' title='bbox 478 2611 503 2658; x_wconf 92' lang='lat' dir='ltr'>in</span> <span class='ocrx_word' id='word_1_179' title='bbox 525 2610 682 2658; x_wconf 85' lang='lat' dir='ltr'>membrana.</span> <span class='ocrx_word' id='word_1_180' title='bbox 709 2612 731 2658; x_wconf 79' lang='grc' dir='ltr'>Α</span> <span class='ocrx_word' id='word_1_181' title='bbox 752 2617 827 2674; x_wconf 83' lang='lat' dir='ltr'>tergo</span> <span class='ocrx_word' id='word_1_182' title='bbox 850 2610 991 2675; x_wconf 84' lang='lat' dir='ltr'>vestigium</span> <span class='ocrx_word' id='word_1_183' title='bbox 1011 2609 1131 2674; x_wconf 90' lang='lat' dir='ltr'>appressi</span> <span class='ocrx_word' id='word_1_184' title='bbox 1150 2608 1238 2674; x_wconf 83' lang='lat' dir='ltr'>magni</span> <span class='ocrx_word' id='word_1_185' title='bbox 1258 2608 1350 2673; x_wconf 80' lang='lat' dir='ltr'>sigilli,</span> <span class='ocrx_word' id='word_1_186' title='bbox 1371 2608 1419 2657; x_wconf 92' lang='lat' dir='ltr'>sub</span> <span class='ocrx_word' id='word_1_187' title='bbox 1438 2622 1492 2670; x_wconf 93' lang='lat' dir='ltr'>quo</span> 
     </span>
     <span class='ocr_line' id='line_1_22' title="bbox 229 2696 1493 2764; baseline -0.003 -16"><span class='ocrx_word' id='word_1_188' title='bbox 229 2700 341 2764; x_wconf 80' lang='lat' dir='ltr'>legitur:</span> <span class='ocrx_word' id='word_1_189' title='bbox 370 2698 529 2757; x_wconf 82' lang='lat' dir='ltr'>,communis</span> <span class='ocrx_word' id='word_1_190' title='bbox 554 2699 653 2747; x_wconf 82' lang='lat' dir='ltr'>relacio</span> <span class='ocrx_word' id='word_1_191' title='bbox 679 2714 737 2747; x_wconf 92' lang='lat' dir='ltr'>cnm</span> <span class='ocrx_word' id='word_1_192' title='bbox 762 2698 962 2763; x_wconf 84' lang='lat' dir='ltr'>archiepiscopo</span> <span class='ocrx_word' id='word_1_193' title='bbox 988 2698 1166 2761; x_wconf 79' lang='lat' dir='ltr'>strigoniensi,</span> <span class='ocrx_word' id='word_1_194' title='bbox 1192 2697 1320 2762; x_wconf 86' lang='lat' dir='ltr'>magistro</span> <span class='ocrx_word' id='word_1_195' title='bbox 1349 2696 1493 2751; x_wconf 85' lang='lat' dir='ltr'>Demetrio,</span> 
     </span>
     <span class='ocr_line' id='line_1_23' title="bbox 232 2785 1494 2854; baseline -0.004 -16"><span class='ocrx_word' id='word_1_196' title='bbox 232 2790 359 2854; x_wconf 78' lang='lat' dir='ltr'>magistro</span> <span class='ocrx_word' id='word_1_197' title='bbox 388 2789 526 2854; x_wconf 76' lang='lat' dir='ltr'>Vyllermo</span> <span class='ocrx_word' id='word_1_198' title='bbox 549 2796 574 2836; x_wconf 88' lang='lat' dir='ltr'>et</span> <span class='ocrx_word' id='word_1_199' title='bbox 593 2787 653 2835; x_wconf 87' lang='lat' dir='ltr'>aliis</span> <span class='ocrx_word' id='word_1_200' title='bbox 682 2788 778 2836; x_wconf 90' lang='lat' dir='ltr'>multis.</span> <span class='ocrx_word' id='word_1_201' title='bbox 808 2787 916 2836; x_wconf 86' lang='lat' dir='ltr'>Relaeio</span> <span class='ocrx_word' id='word_1_202' title='bbox 943 2787 1025 2836; x_wconf 90' lang='lat' dir='ltr'>eciam</span> <span class='ocrx_word' id='word_1_203' title='bbox 1055 2785 1174 2850; x_wconf 82' lang='lat' dir='ltr'>magistri</span> <span class='ocrx_word' id='word_1_204' title='bbox 1203 2786 1343 2852; x_wconf 88' lang='lat' dir='ltr'>Vyllermi,</span> <span class='ocrx_word' id='word_1_205' title='bbox 1375 2785 1494 2834; x_wconf 89' lang='lat' dir='ltr'>eiusdem</span> 
     </span>
     <span class='ocr_line' id='line_1_24' title="bbox 229 2873 1330 2942; baseline -0.004 -16"><span class='ocrx_word' id='word_1_206' title='bbox 229 2879 422 2942; x_wconf 84' lang='lat' dir='ltr'>archiepiscopi</span> <span class='ocrx_word' id='word_1_207' title='bbox 443 2886 467 2925; x_wconf 81' lang='lat' dir='ltr'>ut</span> <span class='ocrx_word' id='word_1_208' title='bbox 487 2877 606 2941; x_wconf 79' lang='lat' dir='ltr'>magistri</span> <span class='ocrx_word' id='word_1_209' title='bbox 626 2877 744 2941; x_wconf 83' lang='lat' dir='ltr'>Jacobi··.</span> <span class='ocrx_word' id='word_1_210' title='bbox 765 2876 794 2924; x_wconf 89' lang='lat' dir='ltr'>In</span> <span class='ocrx_word' id='word_1_211' title='bbox 814 2875 913 2925; x_wconf 86' lang='lat' dir='ltr'>archiv.</span> <span class='ocrx_word' id='word_1_212' title='bbox 933 2878 1013 2925; x_wconf 70' lang='lat' dir='ltr'>ilcad.</span> <span class='ocrx_word' id='word_1_213' title='bbox 1035 2875 1128 2925; x_wconf 82' lang='lat' dir='ltr'>Scient.</span> <span class='ocrx_word' id='word_1_214' title='bbox 1150 2875 1218 2925; x_wconf 88' lang='lat' dir='ltr'>Slav.</span> <span class='ocrx_word' id='word_1_215' title='bbox 1238 2873 1330 2923; x_wconf 88' lang='lat' dir='ltr'>merid.</span> 
     </span>
    </p>
   </div>
   <div class='ocr_carea' id='block_1_4' title="bbox 826 3104 905 3172">
    <p class='ocr_par' dir='ltr' id='par_1_4' title="bbox 826 3104 905 3172">
     <span class='ocr_line' id='line_1_25' title="bbox 826 3104 905 3172; baseline -0.025 -2"><span class='ocrx_word' id='word_1_216' title='bbox 826 3104 905 3172; x_wconf 80' lang='lat'>15⁷.</span> 
     </span>
    </p>
   </div>
   <div class='ocr_carea' id='block_1_5' title="bbox 332 3245 843 3310">
    <p class='ocr_par' dir='ltr' id='par_1_5' title="bbox 332 3245 843 3310">
     <span class='ocr_line' id='line_1_26' title="bbox 332 3245 843 3310; baseline -0.006 -15"><span class='ocrx_word' id='word_1_217' title='bbox 332 3251 408 3295; x_wconf 75' lang='lat' dir='ltr'>Anno</span> <span class='ocrx_word' id='word_1_218' title='bbox 432 3256 504 3304; x_wconf 72' lang='lat'>1332,</span> <span class='ocrx_word' id='word_1_219' title='bbox 525 3257 564 3304; x_wconf 80' lang='lat'>25.</span> <span class='ocrx_word' id='word_1_220' title='bbox 585 3246 686 3310; x_wconf 77' lang='lat' dir='ltr'>aprilis.</span> <span class='ocrx_word' id='word_1_221' title='bbox 706 3245 843 3294; x_wconf 64' lang='lat' dir='ltr'>alvinione.</span> 
     </span>
    </p>
   </div>
   <div class='ocr_carea' id='block_1_6' title="bbox 231 3373 1494 3658">
    <p class='ocr_par' dir='ltr' id='par_1_6' title="bbox 231 3373 1494 3658">
     <span class='ocr_line' id='line_1_27' title="bbox 315 3373 1493 3448; baseline -0.003 -16"><span class='ocrx_word' id='word_1_222' title='bbox 315 3376 475 3445; x_wconf 84' lang='lat' dir='ltr'>Gregorio,</span> <span class='ocrx_word' id='word_1_223' title='bbox 500 3376 566 3432; x_wconf 90' lang='lat' dir='ltr'>tilio</span> <span class='ocrx_word' id='word_1_224' title='bbox 589 3375 723 3446; x_wconf 80' lang='lat' dir='ltr'>Georgii,</span> <span class='ocrx_word' id='word_1_225' title='bbox 748 3375 786 3431; x_wconf 92' lang='lat' dir='ltr'>de</span> <span class='ocrx_word' id='word_1_226' title='bbox 811 3375 1007 3448; x_wconf 91' lang='lat' dir='ltr'>Kopruncha,</span> <span class='ocrx_word' id='word_1_227' title='bbox 1031 3375 1209 3448; x_wconf 88' lang='lat' dir='ltr'>praeposito</span> <span class='ocrx_word' id='word_1_228' title='bbox 1236 3390 1257 3430; x_wconf 93' lang='lat' dir='ltr'>s.</span> <span class='ocrx_word' id='word_1_229' title='bbox 1282 3373 1436 3430; x_wconf 88' lang='lat' dir='ltr'>Laurentii</span> <span class='ocrx_word' id='word_1_230' title='bbox 1463 3374 1493 3429; x_wconf 93' lang='lat' dir='ltr'>in</span> 
     </span>
     <span class='ocr_line' id='line_1_28' title="bbox 231 3478 1494 3563; baseline -0.003 -25"><span class='ocrx_word' id='word_1_231' title='bbox 231 3484 307 3553; x_wconf 85' lang='lat' dir='ltr'>ilay,</span> <span class='ocrx_word' id='word_1_232' title='bbox 331 3483 500 3538; x_wconf 86' lang='lat' dir='ltr'>colocensis</span> <span class='ocrx_word' id='word_1_233' title='bbox 524 3481 680 3551; x_wconf 89' lang='lat' dir='ltr'>dioecesis,</span> <span class='ocrx_word' id='word_1_234' title='bbox 703 3497 720 3537; x_wconf 90' lang='lat' dir='ltr'>a</span> <span class='ocrx_word' id='word_1_235' title='bbox 744 3479 890 3554; x_wconf 80' lang='lat' dir='ltr'>pontifice</span> <span class='ocrx_word' id='word_1_236' title='bbox 912 3481 1051 3563; x_wconf 90' lang='lat' dir='ltr'>Johanne</span> <span class='ocrx_word' id='word_1_237' title='bbox 1076 3481 1168 3537; x_wconf 80' lang='lat' dir='ltr'>xxti.</span> <span class='ocrx_word' id='word_1_238' title='bbox 1194 3479 1376 3553; x_wconf 90' lang='lat' dir='ltr'>providetur</span> <span class='ocrx_word' id='word_1_239' title='bbox 1392 3478 1430 3535; x_wconf 89' lang='lat' dir='ltr'>de</span> <span class='ocrx_word' id='word_1_240' title='bbox 1446 3494 1494 3535; x_wconf 92' lang='lat' dir='ltr'>ca·</span> 
     </span>
     <span class='ocr_line' id='line_1_29' title="bbox 231 3587 1194 3658; baseline -0.003 -13"><span class='ocrx_word' id='word_1_241' title='bbox 231 3590 373 3645; x_wconf 89' lang='lat' dir='ltr'>nonicatu</span> <span class='ocrx_word' id='word_1_242' title='bbox 397 3601 427 3645; x_wconf 80' lang='lat' dir='ltr'>er</span> <span class='ocrx_word' id='word_1_243' title='bbox 450 3588 599 3658; x_wconf 88' lang='lat' dir='ltr'>dignitate</span> <span class='ocrx_word' id='word_1_244' title='bbox 623 3589 652 3643; x_wconf 91' lang='lat' dir='ltr'>in</span> <span class='ocrx_word' id='word_1_245' title='bbox 677 3587 804 3643; x_wconf 91' lang='lat' dir='ltr'>ecclesia</span> <span class='ocrx_word' id='word_1_246' title='bbox 828 3587 1018 3658; x_wconf 89' lang='lat' dir='ltr'>zagrabiensi</span> <span class='ocrx_word' id='word_1_247' title='bbox 1041 3596 1194 3643; x_wconf 86' lang='lat' dir='ltr'>vacatura.</span> 
     </span>
    </p>
   </div>
   <div class='ocr_carea' id='block_1_7' title="bbox 319 3739 1272 3806">
    <p class='ocr_par' dir='ltr' id='par_1_7' title="bbox 319 3739 1272 3806">
     <span class='ocr_line' id='line_1_30' title="bbox 319 3739 1272 3806; baseline -0.001 -17"><span class='ocrx_word' id='word_1_248' title='bbox 319 3743 337 3790; x_wconf 80' lang='lat' dir='ltr'>E</span> <span class='ocrx_word' id='word_1_249' title='bbox 357 3757 410 3806; x_wconf 83' lang='lat' dir='ltr'>reg.</span> <span class='ocrx_word' id='word_1_250' title='bbox 431 3742 498 3805; x_wconf 83' lang='lat' dir='ltr'>orig.</span> <span class='ocrx_word' id='word_1_251' title='bbox 519 3758 558 3790; x_wconf 83' lang='lat' dir='ltr'>an.</span> <span class='ocrx_word' id='word_1_252' title='bbox 579 3741 638 3789; x_wconf 82' lang='lat' dir='ltr'>XV.</span> <span class='ocrx_word' id='word_1_253' title='bbox 660 3745 688 3789; x_wconf 78' lang='grc' dir='ltr'>Α.</span> <span class='ocrx_word' id='word_1_254' title='bbox 710 3740 832 3790; x_wconf 74' lang='lat' dir='ltr'>&#39;shciner</span> <span class='ocrx_word' id='word_1_255' title='bbox 853 3741 922 3790; x_wconf 84' lang='lat' dir='ltr'>Mon.</span> <span class='ocrx_word' id='word_1_256' title='bbox 942 3741 1030 3804; x_wconf 84' lang='lat' dir='ltr'>Hung.</span> <span class='ocrx_word' id='word_1_257' title='bbox 1051 3739 1109 3789; x_wconf 88' lang='lat' dir='ltr'>hist.</span> <span class='ocrx_word' id='word_1_258' title='bbox 1130 3739 1149 3788; x_wconf 89' lang='lat'>1.</span> <span class='ocrx_word' id='word_1_259' title='bbox 1170 3756 1194 3805; x_wconf 90' lang='lat' dir='ltr'>p.</span> <span class='ocrx_word' id='word_1_260' title='bbox 1215 3741 1272 3801; x_wconf 79' lang='lat'>548.</span> 
     </span>
    </p>
   </div>
   <div class='ocr_carea' id='block_1_8' title="bbox 821 4059 902 4124">
    <p class='ocr_par' dir='ltr' id='par_1_8' title="bbox 821 4059 902 4124">
     <span class='ocr_line' id='line_1_31' title="bbox 821 4059 902 4124; baseline 0 0"><span class='ocrx_word' id='word_1_261' title='bbox 821 4059 902 4124; x_wconf 88' lang='grc'><strong>158.</strong></span> 
     </span>
    </p>
   </div>
   <div class='ocr_carea' id='block_1_9' title="bbox 316 4201 778 4260">
    <p class='ocr_par' dir='ltr' id='par_1_9' title="bbox 316 4201 778 4260">
     <span class='ocr_line' id='line_1_32' title="bbox 316 4201 778 4260; baseline -0.006 -7"><span class='ocrx_word' id='word_1_262' title='bbox 316 4209 390 4253; x_wconf 86' lang='lat' dir='ltr'>Anno</span> <span class='ocrx_word' id='word_1_263' title='bbox 414 4213 486 4260; x_wconf 71' lang='lat'>1332,</span> <span class='ocrx_word' id='word_1_264' title='bbox 507 4213 529 4260; x_wconf 82' lang='grc'>5.</span> <span class='ocrx_word' id='word_1_265' title='bbox 550 4202 619 4251; x_wconf 89' lang='lat' dir='ltr'>maii.</span> <span class='ocrx_word' id='word_1_266' title='bbox 640 4201 778 4251; x_wconf 76' lang='lat' dir='ltr'>Asinionc.</span> 
     </span>
    </p>
   </div>
   <div class='ocr_carea' id='block_1_10' title="bbox 229 4329 1495 4722">
    <p class='ocr_par' dir='ltr' id='par_1_10' title="bbox 229 4329 1495 4722">
     <span class='ocr_line' id='line_1_33' title="bbox 320 4329 1488 4413; baseline -0.002 -24"><span class='ocrx_word' id='word_1_267' title='bbox 320 4334 453 4389; x_wconf 81' lang='lat' dir='ltr'>Antonio</span> <span class='ocrx_word' id='word_1_268' title='bbox 468 4333 624 4413; x_wconf 72' lang='lat' dir='ltr'>johannis.</span> <span class='ocrx_word' id='word_1_269' title='bbox 648 4333 837 4389; x_wconf 89' lang='lat' dir='ltr'>thesaurario</span> <span class='ocrx_word' id='word_1_270' title='bbox 861 4332 1007 4389; x_wconf 88' lang='lat' dir='ltr'>ecclesiae</span> <span class='ocrx_word' id='word_1_271' title='bbox 1029 4332 1204 4394; x_wconf 82' lang='lat' dir='ltr'>Titulensis,</span> <span class='ocrx_word' id='word_1_272' title='bbox 1221 4330 1389 4387; x_wconf 90' lang='lat' dir='ltr'>colocensis</span> <span class='ocrx_word' id='word_1_273' title='bbox 1405 4329 1488 4387; x_wconf 89' lang='lat' dir='ltr'>dioe-</span> 
     </span>
     <span class='ocr_line' id='line_1_34' title="bbox 230 4436 1491 4520; baseline -0.004 -24"><span class='ocrx_word' id='word_1_274' title='bbox 230 4441 313 4507; x_wconf 86' lang='lat' dir='ltr'>cesis,</span> <span class='ocrx_word' id='word_1_275' title='bbox 331 4456 346 4495; x_wconf 89' lang='lat' dir='ltr'>a</span> <span class='ocrx_word' id='word_1_276' title='bbox 367 4438 510 4511; x_wconf 85' lang='lat' dir='ltr'>pontifice</span> <span class='ocrx_word' id='word_1_277' title='bbox 533 4438 671 4520; x_wconf 83' lang='lat' dir='ltr'>Johanne</span> <span class='ocrx_word' id='word_1_278' title='bbox 687 4438 779 4494; x_wconf 87' lang='lat' dir='ltr'>XXll.</span> <span class='ocrx_word' id='word_1_279' title='bbox 797 4438 979 4511; x_wconf 88' lang='lat' dir='ltr'>providetur</span> <span class='ocrx_word' id='word_1_280' title='bbox 994 4437 1033 4495; x_wconf 89' lang='lat' dir='ltr'>de</span> <span class='ocrx_word' id='word_1_281' title='bbox 1050 4437 1199 4509; x_wconf 87' lang='lat' dir='ltr'>dignitate</span> <span class='ocrx_word' id='word_1_282' title='bbox 1222 4438 1313 4494; x_wconf 87' lang='lat' dir='ltr'>huius</span> <span class='ocrx_word' id='word_1_283' title='bbox 1336 4436 1491 4503; x_wconf 89' lang='lat' dir='ltr'>ecclesiae,</span> 
     </span>
     <span class='ocr_line' id='line_1_35' title="bbox 229 4542 1495 4618; baseline -0.002 -17"><span class='ocrx_word' id='word_1_284' title='bbox 229 4546 349 4618; x_wconf 83' lang='lat' dir='ltr'>ipsique</span> <span class='ocrx_word' id='word_1_285' title='bbox 382 4543 567 4615; x_wconf 85' lang='lat' dir='ltr'>indulgetur,</span> <span class='ocrx_word' id='word_1_286' title='bbox 599 4550 633 4600; x_wconf 95' lang='lat' dir='ltr'>ut</span> <span class='ocrx_word' id='word_1_287' title='bbox 663 4544 857 4601; x_wconf 90' lang='lat' dir='ltr'>canonicatus</span> <span class='ocrx_word' id='word_1_288' title='bbox 887 4550 917 4600; x_wconf 91' lang='lat' dir='ltr'>et</span> <span class='ocrx_word' id='word_1_289' title='bbox 947 4543 1149 4618; x_wconf 88' lang='lat' dir='ltr'>praebendas,</span> <span class='ocrx_word' id='word_1_290' title='bbox 1181 4558 1258 4616; x_wconf 92' lang='lat' dir='ltr'>quas</span> <span class='ocrx_word' id='word_1_291' title='bbox 1292 4543 1322 4600; x_wconf 96' lang='lat' dir='ltr'>in</span> <span class='ocrx_word' id='word_1_292' title='bbox 1358 4542 1495 4599; x_wconf 85' lang='lat' dir='ltr'>ecclesiis</span> 
     </span>
     <span class='ocr_line' id='line_1_36' title="bbox 230 4649 1072 4722; baseline 0 -16"><span class='ocrx_word' id='word_1_293' title='bbox 230 4651 420 4722; x_wconf 88' lang='lat' dir='ltr'>zagrabiensi</span> <span class='ocrx_word' id='word_1_294' title='bbox 444 4657 473 4706; x_wconf 92' lang='lat' dir='ltr'>et</span> <span class='ocrx_word' id='word_1_295' title='bbox 496 4650 639 4707; x_wconf 89' lang='lat' dir='ltr'>waciensi</span> <span class='ocrx_word' id='word_1_296' title='bbox 663 4650 789 4719; x_wconf 90' lang='lat' dir='ltr'>obtinet,</span> <span class='ocrx_word' id='word_1_297' title='bbox 812 4650 945 4707; x_wconf 90' lang='lat' dir='ltr'>retinere</span> <span class='ocrx_word' id='word_1_298' title='bbox 968 4649 1072 4722; x_wconf 90' lang='lat' dir='ltr'>possit.</span> 
     </span>
    </p>
   </div>
   <div class='ocr_carea' id='block_1_11' title="bbox 317 4803 1273 4870">
    <p class='ocr_par' dir='ltr' id='par_1_11' title="bbox 317 4803 1273 4870">
     <span class='ocr_line' id='line_1_37' title="bbox 317 4803 1273 4870; baseline -0.002 -17"><span class='ocrx_word' id='word_1_299' title='bbox 317 4805 337 4853; x_wconf 86' lang='lat' dir='ltr'>E</span> <span class='ocrx_word' id='word_1_300' title='bbox 357 4820 410 4870; x_wconf 88' lang='lat' dir='ltr'>reg.</span> <span class='ocrx_word' id='word_1_301' title='bbox 431 4804 498 4870; x_wconf 84' lang='lat' dir='ltr'>orig.</span> <span class='ocrx_word' id='word_1_302' title='bbox 520 4819 559 4854; x_wconf 83' lang='lat' dir='ltr'>an.</span> <span class='ocrx_word' id='word_1_303' title='bbox 579 4805 639 4854; x_wconf 91' lang='lat' dir='ltr'>XV.</span> <span class='ocrx_word' id='word_1_304' title='bbox 660 4807 689 4854; x_wconf 90' lang='grc' dir='ltr'>Α.</span> <span class='ocrx_word' id='word_1_305' title='bbox 710 4804 832 4854; x_wconf 87' lang='lat' dir='ltr'>Theiner.</span> <span class='ocrx_word' id='word_1_306' title='bbox 852 4804 921 4854; x_wconf 89' lang='lat' dir='ltr'>Mon.</span> <span class='ocrx_word' id='word_1_307' title='bbox 943 4804 1032 4870; x_wconf 87' lang='lat' dir='ltr'>Hung.</span> <span class='ocrx_word' id='word_1_308' title='bbox 1051 4803 1111 4854; x_wconf 88' lang='lat' dir='ltr'>hist.</span> <span class='ocrx_word' id='word_1_309' title='bbox 1130 4803 1149 4852; x_wconf 93' lang='lat'>1.</span> <span class='ocrx_word' id='word_1_310' title='bbox 1168 4819 1193 4868; x_wconf 92' lang='lat' dir='ltr'>p.</span> <span class='ocrx_word' id='word_1_311' title='bbox 1213 4812 1273 4866; x_wconf 80' lang='lat'>549.</span> 
     </span>
    </p>
   </div>
   <div class='ocr_carea' id='block_1_12' title="bbox 0 0 1748 5242">
    <p class='ocr_par' dir='ltr' id='par_1_12' title="bbox 0 0 1748 5242">
     <span class='ocr_line' id='line_1_38' title="bbox 0 0 1748 5242; baseline 0 1"><span class='ocrx_word' id='word_1_312' title='bbox 0 0 1748 5242; x_wconf 95' lang='lat' dir='ltr'> </span> 
     </span>
    </p>
   </div>
  </div>
 </body>
</html>
