3488 5242
619 360 694 418 Doc.
712 372 788 436 339.
807 374 884 436 340.
904 393 940 401 -
959 360 1015 419 An.
1037 358 1128 438 1389.

828 554 917 619 339.

345 716 421 764 Anno
443 715 517 776 1389,
539 723 577 776 lo.
599 714 763 779 septembris,
783 714 813 764 In
833 715 933 764 Mohad.

241 842 442 916 Stgtbnumlus
463 843 640 916 Huagariae
659 851 706 900 etc.
730 862 792 913 rex,
815 844 915 901 Bubck
933 845 1008 900 burto
1024 847 1175 918 praecipit,
1191 853 1225 902 ut
1238 864 1366 914 causam,
1383 865 1457 920 quae
1473 847 1507 903 de

239 948 374 1005 sedecimo
392 958 479 1021 parte
500 950 672 1007 decuriorum
696 952 772 1008 mter
791 950 948 1023 episcopum
964 951 1080 1023 zagrab.
1104 961 1132 1009 et
1152 953 1225 1009 cloes
1247 950 1420 1009 Greclzenses
1441 972 1507 1026 age·

240 1056 334 1125 batur,
347 1055 490 1126 discutiat,
502 1056 672 1129 apartibus
684 1057 834 1114 temanum
856 1056 899 1113 ad
914 1057 1048 1114 iudicium
1063 1058 1163 1131 regale
1174 1057 1362 1132 conparanda,
1374 1059 1506 1132 assignet.

1104 1191 1197 1235 Rolaoio
1211 1191 1295 1235 domini
1310 1191 1452 1236 Iiewstaohii.

329 1304 545 1378 sigismundus
569 1306 617 1363 dei
641 1307 745 1378 gracia
766 1323 820 1363 rex
843 1307 1008 1379 Hungarie,
1040 1308 1209 1376 Dalmacie‚
1233 1307 1360 1364 Croacie
1383 1313 1446 1378 etc,
1472 1324 1506 1365 ac

242 1413 379 1469 marchio
403 1412 720 1484 Brandemburgensis
737 1418 791 1471 etc.
808 1412 907 1470 Fideli
922 1429 978 1470 suo
997 1413 1161 1485 magnifico
1178 1414 1245 1471 viro
1262 1413 1388 1469 domiuo
1408 1413 1507 1470 Theo·

241 1519 345 1576 derico
369 1517 484 1588 Bubek,
508 1520 593 1590 regni
618 1517 780 1576 Sclauonie
811 1519 900 1589 ban0,
929 1521 1062 1576 salutem
1094 1525 1123 1575 et
1154 1519 1298 1590 graciam.
1329 1519 1389 1576 Pro
1420 1528 1507 1593 parte

242 1623 385 1681 fidelium
408 1625 523 1681 civium
545 1632 723 1682 nostrorum
749 1626 861 1682 montis
888 1625 1071 1682 Grechensis
1094 1624 1133 1681 de
1156 1624 1306 1696 Zagrabia
1330 1631 1433 1682 nostre
1457 1642 1508 1682 ex·

243 1731 379 1803 positum
401 1730 501 1787 extitit
526 1731 685 1794 maiestati.
711 1730 794 1802 quod
817 1731 1006 1788 venerabilis
1030 1731 1060 1787 in
1084 1730 1207 1787 Christo
1239 1738 1334 1802 pater,
1364 1730 1508 1788 dominus

241 1836 395 1917 Johannes
419 1837 581 1908 episcopus
602 1836 817 1908 zagrabiensis,
834 1836 1020 1894 sedecimam
1038 1843 1158 1909 partem
1176 1837 1321 1893 vinorum
1337 1844 1366 1893 et
1383 1835 1508 1909 frugum

243 1948 312 2014 post
335 1943 547 2016 recepcionem
572 1941 761 1998 decimarum
786 1958 914 1999 suarum
944 1942 982 1999 de
1013 1943 1092 1999 vinis
1115 1950 1144 1999 et
1167 1942 1310 2014 frugibus
1333 1943 1363 1999 iu
1389 1943 1508 2000 territo-

242 2048 296 2104 riis
319 2048 500 2104 eorumdem
523 2048 638 2104 civium
663 2049 924 2120 provenientibus,
948 2064 1006 2121 pro
1030 2065 1061 2105 se
1084 2048 1222 2121 recipere
1245 2054 1274 2104 et
1299 2049 1380 2120 exigi
1408 2047 1508 2105 iacere

242 2154 398 2224 niteretur,
422 2169 517 2226 quam
541 2154 617 2210 alias
640 2153 734 2211 iidem
758 2155 841 2212 cives
863 2170 922 2228 pro
952 2171 985 2212 se
1019 2156 1197 2226 exegissent.
1226 2153 1367 2227 Cumque
1391 2154 1428 2212 de
1452 2156 1508 2212 hu·

242 2259 376 2316 iusmodi
399 2260 464 2316 iure
488 2276 545 2334 per
567 2275 623 2317 vos
647 2260 903 2318 certitudinaliter
927 2263 1061 2319 velimus
1094 2261 1224 2331 edoceri,
1248 2260 1391 2318 fidelitati
1414 2261 1509 2332 igitur

242 2371 344 2422 vestre
367 2365 599 2436 committimus
624 2366 776 2438 vobisque
799 2367 991 2438 mandamus,
1016 2374 1166 2440 quatenus
1190 2367 1228 2425 de
1252 2383 1296 2437 eo,
1321 2373 1426 2424 utrum
1443 2367 1509 2439 ipse

243 2471 386 2528 dominus
409 2472 575 2544 episcopus
598 2471 712 2529 dictam
736 2473 889 2530 sedecime
919 2474 1110 2530 solucionem
1142 2490 1180 2531 an
1204 2473 1316 2547 prefati
1340 2473 1422 2529 cives
1446 2474 1508 2530 exi-

242 2593 315 2649 gere
338 2578 378 2634 ab
409 2578 537 2650 antiquo
569 2579 790 2637 consveverint.
823 2581 863 2636 ab
895 2580 1039 2636 omnibus
1068 2595 1202 2651 quorum
1233 2580 1364 2649 interest,
1388 2594 1507 2635 meram

243 2684 345 2740 sciatis
376 2685 547 2755 veritatem,
580 2700 673 2758 quam
708 2685 832 2742 tandem
863 2686 952 2742 nobis
982 2684 1116 2742 fideliter
1143 2685 1325 2742 rescribatis.
1354 2685 1509 2741 Volumus

244 2789 341 2846 eciam
365 2796 398 2847 ut
421 2806 458 2847 ex
482 2806 544 2862 quo
568 2791 706 2862 quelibet
730 2791 870 2864 parcium
902 2791 941 2848 ad
974 2792 1167 2849 exaccionem
1200 2791 1280 2847 dicte
1303 2790 1454 2847 sedecime
1478 2806 1509 2847 se

243 2896 290 2953 ius
314 2896 428 2952 habere
452 2896 614 2969 pretendit,
638 2897 713 2968 ipsis
736 2897 903 2953 terminum
927 2913 998 2954 cum
1016 2898 1176 2954 autenticis
1192 2897 1390 2953 munimentis
1407 2897 1510 2953 huius-

244 3002 329 3058 modi
351 3003 490 3075 ipsorum
515 3002 761 3060 iurisdiccionem
787 3004 991 3076 probantibus
1022 3018 1126 3060 coram
1157 3003 1246 3058 nobis
1270 3018 1304 3059 ac
1329 3002 1457 3073 prelatis
1480 3007 1511 3058 et

246 3108 414 3165 baronibus
438 3111 550 3165 nostris
574 3109 773 3183 comparendi
799 3109 963 3166 terminum
988 3109 1143 3180 assignare
1167 3108 1311 3164 debeatis
1339 3108 1456 3163 Datum
1480 3108 1509 3164 in

246 3215 385 3284 Monam,
410 3215 563 3271 dominica
588 3217 729 3288 proxima
747 3224 816 3273 ante
833 3215 945 3271 festum
971 3216 1050 3272 beati
1076 3215 1189 3271 llathei
1213 3215 1346 3286 apostoli
1364 3221 1393 3270 et
1409 3229 1510 3270 ewan-

246 3321 362 3392 geliste.
387 3323 476 3377 Anno
500 3321 617 3378 domini
643 3321 751 3378 MCC(
754 3321 866 3378 LXXX
890 3338 978 3379 nonu.

335 3455 475 3519 Originale
495 3455 521 3505 in
541 3456 638 3514 charta,
658 3457 755 3519 inqua
776 3458 931 3524 impressum
954 3466 992 3507 est
1011 3459 1131 3523 sigillum
1150 3459 1308 3507 minusclum
1322 3457 1399 3521 regis.
1425 3457 1510 3506 Inar·
1575 3525 1578 3531 Ι

245 3543 322 3594 chivo
338 3545 354 3593 l.
370 3560 390 3593 r.
405 3544 475 3595 civit.
491 3546 595 3611 zagrab.

831 3745 924 3810 340.

354 3885 428 3932 Anno
451 3884 524 3945 1389,
546 3894 583 3945 19.
605 3884 767 3948 septembris.
789 3884 818 3932 In
838 3885 938 3934 Mohad.

249 4010 450 4085 Sigismmnlus
472 4014 648 4086 Hungariuc
683 4022 728 4070 etc.
762 4033 824 4082 rex,
855 4016 979 4086 apocopa
1009 4015 1125 4087 angrub.
1150 4015 1290 4090 johanni
1306 4012 1458 4086 praecipit,
1482 4019 1515 4067 ut

247 4120 321 4176 cives
343 4119 516 4179 Grcclrcnscs
532 4121 562 4175 in
571 4122 751 4193 perceptione
766 4122 916 4176 sedecimae
931 4121 1031 4192 partis
1052 4120 1225 4176 decianam
1251 4127 1309 4176 tom
1340 4119 1389 4174 ‹lzn
1427 4119 1512 4175 relin-

468 4234 548 4300 qunt,
576 4244 719 4300 patulasque
742 4226 776 4282 dc
799 4246 832 4283 co
856 4227 885 4283 in
909 4227 1012 4283 ticdr'ct'u
1035 4228 1113 4299 reguo
1137 4227 1291 4282 ‹lectiltrtun

1128 4379 1218 4421 Relacio
1233 4379 1317 4421 domini
1331 4378 1459 4421 Lewstuhii.

338 4494 554 4566 Sigismundus
577 4495 625 4552 dei
650 4497 753 4567 gracia
777 4513 830 4552 rex
857 4497 1020 4568 Hungarie,
1044 4496 1212 4565 Dalmacie‚
1238 4495 1365 4551 Croucie
1389 4499 1452 4560 etc,
1477 4509 1512 4549 ac

251 4603 389 4658 marchio
414 4601 729 4675 Brandemburgensis
752 4611 806 4660 etc.
831 4603 930 4660 Fideli
954 4618 1009 4660 suo
1034 4602 1204 4659 venerabili
1227 4603 1258 4658 in
1282 4601 1406 4657 Christo
1430 4599 1512 4673 patri

253 4707 379 4764 domino
401 4708 534 4790 Johanni
558 4709 704 4781 episcopo
725 4709 924 4781 zagrabiensi
949 4710 1081 4765 salutem
1114 4714 1144 4764 et
1175 4709 1319 4778 graciam.
1343 4706 1403 4763 Pro
1427 4713 1515 4779 parte

252 4813 395 4875 fidelium
417 4814 534 4874 civium
557 4819 734 4874 nostrorum
758 4815 871 4873 montis
895 4814 1080 4874 Grechensis
1103 4813 1142 4872 de
1165 4812 1316 4886 Zagrabia
1338 4819 1441 4870 nostre
1463 4828 1515 4870 ex·
