3488 5242
626 329 698 386 Doc.
717 343 792 406 329.
820 363 856 373 -
882 330 938 388 An.
964 325 1053 407 1387.
1409 348 1470 406 307

207 525 407 600 expediendis
437 527 598 584 universas
621 527 727 584 literas
758 534 852 600 sup'er
882 529 958 586 ortis
989 527 1121 601 provide
1153 525 1278 586 domine
1303 527 1395 586 Clara
1417 544 1472 586 vo·

208 637 282 702 cate,
306 631 371 688 filie
395 633 538 702 Anthoni,
562 632 621 689 filii
644 632 794 703 Widonis,
819 634 969 691 consortis
984 648 1060 691 vero
1076 632 1212 705 Zakarye
1228 633 1351 705 Gallici,
1374 634 1472 692 nostri

207 737 352 807 concivis,
376 738 456 794 circa
486 746 615 811 puteum
648 736 857 796 Manduseuch
888 744 1040 809 vocaturn,
1072 740 1151 797 inter
1181 744 1291 797 stratas
1322 740 1473 813 publicas,

208 857 339 913 quarum
363 859 424 899 una
447 859 465 898 a
488 843 570 899 dicto
594 848 728 929 puteo-a
751 844 846 916 plaga
868 845 1010 901 orientali
1034 860 1141 902 versus
1165 861 1312 917 campum
1335 845 1474 902 tenderet

209 954 238 1002 et
261 947 322 1003 alia
346 962 364 1003 a
387 947 481 1004 domo
504 948 634 1005 condam
659 949 818 1006 Pertholdi
843 950 987 1007 similiter
1013 966 1110 1022 usque
1141 951 1268 1023 plagam
1290 951 1473 1007 orientalem

208 1053 302 1108 modo
325 1052 419 1110 simili
443 1052 482 1110 ad
506 1069 652 1127 campum
677 1055 809 1119 duceret
834 1071 931 1127 usque
954 1063 1057 1113 ortum
1081 1057 1301 1127 magistrorum
1325 1055 1474 1128 Stephani

208 1165 238 1215 et
262 1161 352 1229 Acus,
376 1157 434 1215 filii
459 1158 570 1230 Mikch,
594 1160 725 1217 condam
751 1161 830 1231 bani,
854 1161 1104 1230 extendentibus;
1128 1161 1159 1218 in
1183 1162 1297 1234 quibus
1314 1162 1389 1218 ortis
1405 1162 1472 1233 qui·

209 1263 280 1320 dam
305 1265 406 1320 coloni
431 1265 527 1336 ipsius
544 1265 668 1322 domine
684 1265 723 1322 ad
742 1283 866 1338 presens
883 1267 1017 1324 residere
1034 1266 1293 1339 dignoscerentur,
1310 1266 1349 1323 ad
1366 1282 1475 1324 manus

208 1376 326 1427 nostras
350 1372 524 1443 recepimus
547 1379 577 1427 et
600 1371 682 1444 ipsas
698 1372 817 1428 litteras
833 1372 996 1429 casualiter
1012 1372 1214 1446 perdidimus,
1235 1372 1305 1429 ideo
1322 1372 1474 1429 nollentes

208 1456 305 1550 ipsius
329 1476 453 1534 domine
476 1478 563 1534 iustis
586 1483 617 1535 et
639 1478 799 1550 legittimis
832 1479 951 1535 iuribus
982 1478 1139 1550 derogare,
1174 1485 1331 1552 presentes
1353 1484 1474 1535 nostras

208 1598 304 1639 novas
328 1583 446 1639 litteras
469 1599 562 1656 super
585 1583 731 1656 predictis
755 1586 830 1641 ortis
860 1584 1059 1641 concedentes
1090 1584 1215 1641 domine
1245 1583 1337 1641 Clare
1367 1599 1475 1657 supra-

209 1687 288 1744 dicte
311 1696 340 1745 et
363 1688 488 1766 eosdem
512 1695 596 1745 ortos
625 1689 725 1745 eidem
742 1689 866 1746 domine
882 1690 1066 1762 reliquimus
1081 1696 1111 1747 et
1127 1690 1339 1746 commisimus
1357 1689 1388 1746 in
1404 1704 1474 1760 per-

208 1800 302 1865 petuo
326 1800 356 1850 et
380 1794 624 1850 irrevocabiliter
649 1793 858 1866 possidendos
890 1794 1035 1851 tenendos
1065 1795 1180 1868 pariter
1210 1800 1240 1851 et
1267 1792 1404 1851 abendos
1436 1809 1474 1850 ex

210 1899 386 1957 condicione
410 1900 490 1957 dicte
518 1901 650 1957 civitatis
682 1901 974 1973 quomodocumque
1005 1902 1138 1959 voluerit
1169 1899 1384 1974 disponendos
1415 1899 1477 1956 Lit-

209 2010 289 2062 teras
313 2007 468 2077 eciam,si
492 2022 552 2077 que
576 2004 656 2063 facto
680 2007 711 2062 in
734 2007 885 2079 premisso
909 2007 938 2063 in
961 2007 1116 2064 contrario
1139 2008 1332 2080 presencium
1349 2005 1476 2062 exhibe·

209 2117 323 2182 rentur,
347 2127 442 2169 vanas
466 2112 650 2183 reliquimus
677 2117 706 2167 et
738 2113 849 2169 inanes.
880 2113 913 2169 In
944 2113 1030 2169 cuius
1062 2113 1105 2169 rei
1138 2112 1321 2168 memoriam
1345 2110 1476 2167 firmita-

210 2223 334 2290 temque
367 2224 549 2291 perpetuam
586 2218 704 2275 litteras
734 2225 838 2274 nostro
869 2218 973 2289 sigillo
1004 2219 1160 2274 communi
1192 2218 1352 2274 roboratas
1375 2215 1476 2273 eidem

210 2323 334 2381 domine
357 2324 503 2381 duximus
527 2323 744 2380 concedendas.
768 2324 882 2380 Datum
908 2322 984 2379 feria
1007 2324 1100 2379 tercia
1118 2323 1261 2395 proxima
1277 2328 1346 2379 ante
1363 2321 1476 2377 festum

210 2430 436 2502 purificacionis
460 2431 588 2501 virginis
614 2431 756 2500 gloriose.
781 2431 870 2486 Anno
894 2428 1010 2486 domini
1036 2428 1259 2485 MCCCLXXX
1282 2428 1422 2500 septimo.

300 2564 440 2629 Originale
461 2565 487 2613 in
505 2565 664 2620 membrana,
682 2564 802 2628 sigillum
821 2563 928 2620 decidit,
950 2579 1013 2613 zona
1032 2563 1131 2612 sericea
1150 2563 1210 2612 alba
1230 2568 1255 2611 et
1275 2561 1392 2611 violacea
1412 2577 1476 2611 eon-

210 2660 313 2701 servata
333 2660 377 2701 est.
393 2653 422 2701 In
435 2654 507 2704 areb.
521 2653 566 2700 lib.
581 2668 601 2700 r.
616 2652 664 2700 civ.
679 2653 783 2717 zagrabi

796 2866 884 2932 329.

317 3008 393 3056 Anno
415 3008 487 3064 1387.
512 3016 531 3055 1,
550 3007 647 3056 martii.
667 3007 820 3072 Zagrabiac.

211 3135 368 3192 Lartislaas
390 3136 423 3191 alc
447 3135 589 3191 Lassaaclt
610 3135 755 3206 generalis
776 3135 941 3206 capitaneus
962 3133 1048 3204 rqgni
1073 3131 1206 3188 Craatt'ae
1228 3130 1426 3188 communitati
1438 3130 1477 3187 ci-

211 3245 288 3298 vium
311 3243 413 3298 tarantis
442 3242 622 3311 Greclaecnsis,
645 3242 826 3297 interitionem
842 3239 962 3312 capitali
975 3237 1102 3310 aagrab,
1121 3237 1154 3293 de
1176 3238 1256 3293 cuius
1277 3237 1472 3293 contemtione

478 3348 603 3422 conflata
626 3347 834 3420 supaabatur,
857 3353 890 3402 ut
910 3345 1043 3413 evellant,
1058 3343 1211 3417 pracepit.

301 3493 463 3551 Ladizlaus
486 3492 524 3549 de
548 3493 730 3561 Lossconch,
751 3492 928 3565 capitaneus
951 3489 1103 3562 generalis
1123 3502 1290 3559 regnorum
1309 3484 1480 3556 Sclauonie,

213 3601 382 3669 Dalmacie,
413 3599 548 3669 Croacie,
581 3598 739 3670 banusque
770 3595 899 3653 Zeurini.
935 3594 1141 3653 Prudentibus
1169 3599 1199 3650 et
1230 3591 1370 3649 discretis
1404 3590 1509 3648 viris'

213 3705 366 3762 iudicibus
389 3711 419 3761 et
442 3705 549 3761 iuratis
573 3720 608 3761 ac
630 3703 783 3760 universis
798 3701 1025 3759 habitatoribus
1042 3700 1154 3757 montis
1170 3697 1360 3756 Gresscentis
1382 3710 1481 3769 prope

213 3810 406 3883 Zagrabiam,
436 3812 577 3868 salutem.
610 3809 690 3882 Quia
716 3809 805 3865 nobis
828 3812 946 3865 constat
970 3823 1007 3864 ex
1031 3805 1184 3863 relacione
1207 3801 1373 3874 fidedigna,
1395 3800 1480 3874 quod

212 3917 375 3999 Johannes,
406 3917 530 3990 pridem
561 3917 660 3972 banus
691 3913 869 3971 Macchouie
900 3920 930 3970 et
961 3912 1040 3969 alter
1062 3911 1226 3994 Johannes,
1249 3906 1373 3981 pridem
1394 3907 1481 3980 prior

213 4023 251 4081 de
276 4027 401 4081 Aurana
429 4039 499 4080 cum
531 4023 664 4079 Herwoe
687 4027 810 4078 etcum
835 4020 943 4076 multis
965 4018 1035 4076 aliis
1059 4016 1231 4074 rebellibus
1264 4029 1373 4071 eorum
1396 4028 1481 4070 corn·

214 4131 348 4202 plicibus
371 4137 401 4187 et
423 4130 607 4202 sequacibus
630 4131 895 4199 congregaverunt
918 4125 1072 4195 ingentem
1095 4128 1124 4179 et
1146 4134 1296 4192 magnum
1311 4119 1481 4176 exercitum

213 4243 318 4292 contra
349 4243 379 4294 et
420 4235 569 4292 adversus
601 4249 708 4291 omnes
740 4231 849 4289 fideles
883 4230 1029 4303 reginalis
1063 4227 1231 4285 maiestatis
1265 4230 1295 4282 et
1327 4225 1483 4296 signanter

213 4349 319 4398 contra
351 4348 487 4398 vestram
519 4341 685 4410 civitatem,
717 4354 777 4411 que
807 4352 901 4410 super
931 4351 1039 4393 omnes
1070 4334 1101 4391 in
1131 4347 1186 4389 sua
1216 4329 1367 4388 fidelitate
1401 4329 1483 4387 lucet

214 4447 291 4504 sicut
322 4448 396 4504 luna
428 4462 522 4520 super
548 4446 662 4503 stellas.
686 4444 828 4516 Cumque
851 4459 924 4499 vere
948 4454 1177 4513 cognoscamus,
1201 4434 1286 4509 quod
1308 4435 1481 4527 capitulum

213 4554 411 4626 zagrabiense
422 4553 583 4610 firmatum
600 4552 639 4608 sit
655 4557 684 4608 et
700 4551 841 4607 clausum
858 4547 949 4619 fossa,
965 4547 1046 4621 palis
1061 4544 1172 4617 ligneis
1189 4549 1218 4601 et
1235 4543 1274 4600 sit
1292 4541 1420 4599 omnino
1430 4539 1483 4598 de·

214 4661 355 4717 stitutum
379 4659 464 4716 omni
486 4657 625 4716 custodia
649 4662 777 4730 propter
801 4654 980 4712 absenciam
1002 4651 1226 4710 nonnullorum
1248 4646 1417 4706 rebellium
1433 4661 1482 4704 ca·

214 4767 404 4835 nonicorum,
428 4765 502 4837 quia
524 4762 672 4821 adherent
695 4761 771 4836 ipsis
793 4760 967 4818 rebellibus
997 4755 1192 4831 supradictis,
1216 4759 1248 4812 et
1268 4751 1430 4810 videamus
1453 4756 1484 4809 et

1363 4866 1378 4899 Ο
