3488 5242
666 354 738 410 Doc.
763 367 832 430 245.
853 387 889 394 -
908 353 963 410 An.
988 349 1075 429 1361.
1442 372 1501 426 227

240 550 325 621 regio
349 549 456 606 favore
479 551 544 607 sive
569 551 718 608 beneficio
741 551 837 609 adiuti
863 553 965 624 quiete
989 553 1096 609 vivant
1119 558 1148 609 et
1180 552 1366 625 placabilem
1392 553 1503 610 ostiam

240 655 335 712 offere
359 656 481 712 valeant
504 657 660 714 salvatori.
688 658 817 715 Proinde
834 657 871 714 ad
890 658 1104 714 universorum
1129 659 1274 715 noticiam
1298 658 1408 714 harum
1426 658 1503 714 serie

239 761 384 817 volumus
408 763 577 834 pervenire,
603 762 684 834 quod
711 763 908 819 honorabiles
932 764 992 820 viri
1014 764 1149 845 Jacobus
1174 763 1349 836 prepositus
1375 762 1502 819 ecclesie

239 868 445 937 zagrabiensis
477 875 506 925 et
537 868 648 925 Gallus
682 868 925 940 archydiaconus
961 868 1174 938 kamarcensis,
1206 869 1345 926 eiusdem
1376 869 1503 925 ecclesie

239 974 385 1043 canonici,
413 975 441 1029 in
467 975 529 1030 suis
551 982 580 1030 et
612 976 708 1031 tocius
732 974 859 1047 capituli
884 976 1011 1032 ecclesie
1034 976 1241 1046 zagrabiensis
1269 975 1406 1048 predicte
1434 992 1504 1049 per·

239 1080 330 1147 sonis,
354 1079 391 1135 ad
420 1088 523 1136 nostre
547 1080 736 1138 celsitudinis
759 1080 937 1137 accedentes
960 1087 1158 1153 conspectum
1183 1082 1379 1139 exhibuerint
1414 1082 1503 1138 nobis

239 1185 389 1257 quasdam
413 1186 530 1242 litteras
561 1186 717 1258 magnifici
748 1187 806 1243 viri
837 1187 993 1268 Johannis,
1025 1187 1165 1258 magistri
1197 1187 1427 1243 tavarnicorum
1450 1202 1503 1243 no

239 1297 383 1360 suorum,
408 1291 584 1349 iudiciarios
608 1308 679 1349 suos
703 1308 863 1365 processus
886 1308 922 1349 ac
945 1298 1082 1350 tenorem
1103 1293 1310 1365 quarumdam
1327 1295 1501 1350 litterarum

237 1402 413 1454 nostrarum
438 1399 622 1470 patencium,
646 1414 739 1471 super
763 1397 899 1470 quadam
922 1399 1025 1469 gracia
1048 1398 1130 1455 dicto
1157 1399 1294 1469 capitulo
1318 1398 1397 1455 sacta
1420 1403 1502 1455 tran-

238 1504 394 1576 sumptive
418 1505 446 1560 in
471 1519 504 1560 se
534 1505 730 1573 continentes,
762 1504 875 1561 tenoris
908 1503 1103 1578 infrascripti,
1128 1510 1265 1578 petentes
1288 1510 1425 1561 nostram
1449 1519 1500 1560 ex·

238 1609 417 1665 cellenciam
443 1611 587 1682 precibus
618 1610 802 1668 humillimis
825 1617 854 1667 et
878 1610 1006 1680 devotis,
1023 1617 1055 1668 ut
1072 1611 1196 1668 easdem
1214 1611 1331 1667 litteras
1347 1610 1420 1667 dicti
1438 1625 1502 1666 ma-

238 1715 324 1785 gistri
361 1717 589 1772 tavamicorum
625 1722 801 1773 nostrorum
837 1733 871 1774 ac
906 1733 1067 1790 processus
1102 1717 1246 1774 iuridicos
1281 1716 1435 1788 predictos
1473 1717 1504 1772 in

238 1819 353 1876 eisdem
377 1837 539 1893 expressos
563 1828 731 1895 acceptare,
754 1824 930 1896 approbare
954 1829 983 1879 et
1007 1822 1159 1879 ratificare
1183 1837 1241 1897 pro
1265 1823 1324 1879 iam
1349 1820 1432 1878 dicto
1455 1838 1503 1879 ca·

239 1925 339 1997 pitulo
363 1933 467 1983 nostro
487 1926 686 1996 dignaremur
703 1928 867 2000 privilegio
885 1935 1032 2002 perpetue
1048 1927 1239 1985 confirmare.
1257 1929 1397 2000 Quarum
1413 1935 1501 1985 tenor

238 2032 263 2087 is
279 2039 337 2089 est:
362 2027 435 2110 (vid.
459 2050 502 2089 nr.
527 2050 596 2109 242.
618 2049 663 2090 an.
690 2033 779 2106 1361,
801 2035 827 2090 8.
851 2029 973 2110 martii).
994 2034 1056 2091 Ncs
1077 2036 1179 2106 itaque
1199 2035 1286 2091 iustis
1306 2039 1335 2090 et
1356 2033 1503 2090 modestis

238 2139 520 2211 supplicacionibus
553 2138 744 2211 prelatorum
778 2140 886 2223 Jacobi
918 2141 1067 2213 prepositi
1099 2147 1126 2198 et
1159 2140 1243 2197 Galli
1276 2138 1501 2210 archydiaconi,

238 2249 339 2300 nostre
364 2245 523 2301 humiliter
547 2246 695 2318 porrectis
720 2247 869 2303 maiestati
891 2245 1056 2303 favorabili
1073 2247 1186 2320 pietate
1203 2245 1339 2302 inclinati
1355 2245 1397 2301 ob
1412 2259 1501 2317 spem

237 2350 397 2421 potissime
420 2357 450 2406 et
474 2350 674 2407 devocionem
698 2358 845 2421 nostram,
870 2368 963 2425 quam
995 2353 1034 2410 ad
1066 2353 1279 2410 beatissimum
1310 2350 1501 2423 Stephanum

238 2470 341 2525 regem
366 2455 634 2527 etconfessorem,
656 2459 743 2530 regni
765 2459 861 2515 nostri
886 2465 1019 2516 tutorem
1044 2465 1074 2516 et
1098 2458 1267 2527 dominum,
1293 2459 1322 2515 in
1346 2459 1432 2514 cuius
1447 2471 1502 2513 no-

238 2563 320 2618 mine
342 2562 478 2631 glorioso
502 2563 583 2619 dicta
606 2565 811 2635 ragrabiensis
835 2565 963 2621 ecclesia
988 2570 1162 2622 constructa
1185 2565 1288 2621 existit
1311 2569 1341 2620 et
1365 2561 1501 2630 lundata,

236 2667 372 2737 gerimus
396 2673 425 2723 et
448 2669 599 2726 habemus
622 2669 798 2743 specialem,
822 2671 969 2742 cuiusque
993 2686 1120 2743 precum
1138 2670 1294 2741 suffragiis
1317 2669 1501 2736 devotarum

236 2773 351 2831 nedum
376 2775 406 2831 in
429 2777 518 2832 terris
542 2792 652 2833 verum
676 2777 774 2833 eciam
796 2775 927 2833 refoveri
945 2793 1107 2849 speramus
1123 2777 1223 2850 patria
1246 2776 1277 2832 in
1301 2774 1414 2845 celesti,
1432 2790 1500 2847 pre-

238 2885 332 2936 tactas
356 2881 474 2938 litteras
506 2883 602 2955 ipsius
638 2884 778 2955 magistri
809 2884 1037 2941 tavarnicorum
1070 2889 1245 2939 nostrorum
1278 2897 1337 2938 non
1366 2881 1501 2951 abrasas,

238 3002 295 3042 non
320 2988 504 3044 cancellatas
528 3005 582 3045 nec
607 2989 636 3045 in
660 2989 765 3061 aliqua
789 2990 836 3047 sui
861 2995 947 3063 parte
970 2989 1098 3046 viciatas
1122 2989 1317 3062 presentibus
1340 2987 1378 3044 de
1402 2987 1500 3043 verbo

237 3091 274 3148 ad
301 3095 431 3150 verbum
457 3095 594 3165 insertas
625 3095 791 3152 simulcum
824 3095 906 3152 dicta
936 3096 1039 3168 gracia
1070 3110 1106 3152 ac
1137 3094 1332 3168 processibus
1363 3091 1501 3149 iuridicis

237 3200 390 3270 expressis
414 3200 443 3256 in
468 3199 583 3256 eisdem
608 3206 637 3257 et
661 3201 809 3257 contentis
838 3208 1041 3274 acceptamus,
1066 3201 1287 3274 approbamus,
1312 3198 1500 3255 ratificamus

237 3312 265 3361 et
289 3304 328 3362 de
352 3307 544 3378 beneplacita
562 3307 719 3363 voluntate
743 3313 772 3363 et
796 3323 944 3364 consensu
961 3307 1154 3364 serenissime
1175 3306 1358 3379 principisse
1374 3304 1499 3362 domine

238 3411 382 3482 bilizabet,
407 3412 510 3482 regine
534 3413 699 3484 llungarie,
723 3413 879 3483 genitricis
903 3418 1005 3469 nostre
1025 3413 1186 3469 karissime
1201 3427 1236 3468 ac
1253 3428 1289 3468 ex
1307 3411 1498 3485 prelatorum

236 3523 266 3574 et
289 3519 441 3574 baronum
473 3520 558 3590 regni
589 3519 685 3575 nostri
716 3520 844 3576 consilio
876 3525 1063 3591 prematum,
1095 3534 1153 3593 pro
1184 3523 1327 3575 annotato
1362 3517 1500 3590 capitulo

238 3640 322 3680 mera
345 3625 428 3695 regia
451 3626 632 3681 auctoritate
656 3631 685 3681 et
709 3642 746 3681 ex
767 3632 849 3682 certa
872 3626 1001 3682 sciencia
1024 3631 1128 3682 nostre
1157 3625 1326 3681 maiestatis
1349 3629 1499 3696 perpetue

238 3731 385 3786 valituras
409 3731 630 3787 confirmamus
655 3733 804 3804 presentis
827 3733 924 3789 nostri
957 3731 1116 3804 privilegii
1140 3731 1310 3804 patrocinio
1335 3728 1496 3785 mediante.

237 3835 268 3892 ln
292 3837 378 3893 cuius
402 3837 649 3894 confirmacionis
672 3844 774 3894 nostre
807 3839 1016 3895 testimonium
1041 3837 1282 3908 firmitatemque
1315 3841 1499 3908 perpetuam

236 3949 393 4013 presentes
417 3945 622 4000 concessimus
645 3944 763 4000 litteras
786 3950 906 4001 nostras
932 3943 1145 4016 privilegiales
1164 3941 1325 4015 pendentis
1348 3947 1378 3997 et
1396 3946 1500 3997 auten·

237 4048 285 4103 tici
310 4048 405 4117 sigilli
429 4050 525 4105 nostri
550 4050 719 4105 munimine
751 4050 919 4106 roboratas.
936 4049 1051 4106 Datum
1067 4065 1123 4122 per
1139 4063 1248 4105 manus
1264 4046 1452 4103 venerabilis
1468 4047 1498 4102 in

236 4154 359 4210 Christo
383 4155 479 4226 patris
504 4155 620 4211 domini
645 4155 773 4226 Nicolai‚
797 4141 1022 4228 archiepiscopi
1038 4154 1258 4226 strigoniensis,
1281 4153 1403 4224 locique
1420 4152 1498 4208 eius·

236 4258 306 4315 dem
331 4260 452 4316 comitis
477 4263 619 4333 perpetui
643 4269 672 4318 et
696 4262 766 4318 aule
783 4267 885 4319 nostre
901 4261 1086 4329 cancellarii,
1103 4260 1208 4317 dilecti
1225 4265 1254 4316 et
1271 4258 1372 4316 fidelis
1394 4259 1498 4315 nostri.

237 4367 324 4422 Anno
361 4366 477 4423 domini
512 4368 681 4425 millesimo
712 4369 896 4425 trecensimo
919 4367 1111 4440 sexagesimo
1141 4365 1260 4439 prim0;
1292 4369 1402 4421 octavo
1431 4363 1500 4420 idus

237 4473 374 4541 angusti.
399 4473 497 4543 Regni
520 4479 623 4530 autern
648 4475 746 4530 nostri
769 4489 848 4530 anno
881 4474 1035 4531 vicesimo
1058 4471 1297 4529 venerabilibus
1320 4471 1350 4527 in
1374 4469 1499 4527 Christo

236 4578 376 4650 patribus
400 4586 428 4634 et
452 4578 594 4648 dominis,
626 4578 735 4636 eodem
765 4579 893 4657 Nicolao
924 4579 1127 4652 strigoniensi,
1159 4577 1282 4635 Thomo
1315 4575 1498 4641 colochensi,

236 4683 370 4753 Ugulino
394 4684 568 4756 spalatensi,
593 4684 721 4741 Nicolao
744 4683 887 4760 jadrensi,
910 4685 1176 4758 archyepiscopis;
1200 4682 1329 4740 Nicolao
1357 4682 1499 4756 agriensi,

234 4789 393 4846 Demetrio
416 4789 617 4862 waradyensi,
649 4790 813 4849 Dominieo
845 4791 1043 4862 transilvano,
1074 4790 1230 4861 Ladyzlao
1261 4785 1496 4860 wesprimiensi,

1381 4892 1394 4919 0
