3488 5242
239 330 300 390 214
654 311 727 368 Doc.
751 324 821 387 239.
849 345 886 353 -
912 307 1082 387 An.1358.

236 509 388 580 hedificia,
412 526 472 583 que
495 510 540 568 ibi
564 515 709 583 posuerat
732 509 865 566 vendere
889 524 980 582 posse
1003 510 1053 566 vel
1076 510 1180 581 legare
1208 510 1331 566 anobis
1347 509 1507 566 humiliter

238 616 472 690 supplicaverit,
499 624 532 673 ut
554 615 594 673 ad
617 631 706 673 suam
730 615 931 672 devocionem
954 616 1174 688 complendam
1199 617 1228 673 in
1253 616 1382 673 ecclesia
1402 621 1506 673 nostra

240 721 414 780 kathedrali
431 738 489 796 pro
506 720 665 779 fundando
681 722 771 778 altari
787 721 826 778 ad
845 722 994 779 honorem
1016 723 1192 779 beatissime
1213 723 1308 779 Marie
1324 721 1507 794 Magdalene

237 835 347 902 aptum
378 829 483 886 locum
514 828 721 901 assignemus;
756 843 814 900 pro
844 843 924 885 nunc
956 827 1083 900 quidem
1115 828 1221 885 altaris
1251 827 1414 899 capellano
1448 843 1505 899 pro

236 943 376 1007 tempore
403 935 569 991 constituto
599 933 649 989 vel
679 932 891 990 constituendo
920 932 1116 990 medietatem
1141 933 1279 1006 predicte
1303 933 1386 989 curie
1410 932 1505 1004 assig-

235 1041 328 1111 navit,
359 1041 454 1097 aliam
483 1055 560 1096 vero
591 1037 788 1096 medietatem
820 1055 857 1095 ex
881 1045 969 1113 parte
992 1039 1156 1111 hospitalis
1180 1054 1237 1112 pro
1261 1040 1329 1112 ipso
1353 1038 1501 1111 hospitali

236 1145 437 1203 hordinando.
468 1146 531 1202 Nos
562 1159 637 1203 vero
672 1144 879 1202 desiderantes
907 1152 937 1201 et
960 1144 1187 1202 considerantes
1215 1145 1337 1201 cultum
1362 1144 1505 1202 divinum

211 1293 213 1297 Α
238 1252 346 1325 pocius
379 1252 571 1324 augmentari
603 1267 698 1324 quam
730 1251 835 1317 minui,
867 1250 1028 1308 devocioni
1058 1251 1133 1308 dicti
1165 1251 1382 1320 archidiaconi,
1411 1266 1504 1323 quam

239 1357 338 1414 eciam
370 1356 506 1414 vidimus
536 1373 574 1413 ex
605 1363 710 1414 tenore
742 1356 899 1431 privilegii
930 1356 1047 1413 domini
1075 1357 1170 1414 nostri
1195 1357 1276 1428 regis
1300 1356 1506 1424 manifestam,

239 1469 328 1535 grato
358 1478 484 1519 assensu
516 1477 677 1520 occurrere
707 1463 864 1535 cupientes
895 1478 985 1519 suam
1008 1462 1207 1520 devocionem
1232 1463 1262 1519 in
1287 1469 1351 1518 toto
1374 1462 1413 1518 de
1436 1477 1506 1519 con-

241 1583 330 1624 sensu
354 1566 485 1625 fratrum
511 1575 686 1625 nostrorum
716 1567 913 1637 ratificamus
938 1567 1132 1624 admittimus
1155 1572 1185 1624 et
1209 1568 1393 1624 roboramus
1416 1574 1445 1624 ct
1469 1584 1506 1624 ex

241 1679 345 1730 nostra
375 1681 456 1731 certa
489 1675 627 1744 sciencia,
658 1675 750 1731 huius
780 1675 888 1748 scripti
918 1675 1099 1748 patrocinio,
1124 1681 1284 1746 tamquam
1308 1681 1445 1731 sanctam
1478 1682 1507 1731 et

240 1779 352 1836 iustam
383 1780 612 1837 confirmamus.
644 1781 677 1836 ln
699 1781 786 1837 cuius
809 1781 853 1837 rei
878 1781 1088 1838 testimonium
1112 1781 1306 1853 presentibus
1330 1779 1368 1837 ad
1394 1781 1507 1836 instan-

240 1885 321 1942 ciam
337 1886 434 1958 ipsius
450 1887 590 1959 magistri
605 1886 745 1958 Dyonisii
758 1885 975 1956 archidiaconi,
987 1886 1128 1957 sigillum
1144 1892 1283 1943 nostrum
1298 1885 1337 1942 ad
1354 1886 1505 1942 cautelam

201 2046 204 2060 ,
238 1991 415 2048 uberiorem
447 1992 593 2050 duximus
625 1992 853 2066 apponendum.
877 1992 992 2049 Datum
1016 1991 1174 2065 Zagrabie,
1209 1991 1339 2048 sabbato
1364 1992 1507 2064 proximo

239 2105 309 2154 ante
332 2103 457 2154 octavas
481 2097 549 2155 festi
574 2099 656 2156 beati
679 2098 828 2173 Stephani
850 2099 939 2170 regis.
961 2102 1051 2155 Anno
1067 2097 1183 2154 domini
1208 2096 1344 2154 MCCCL
1366 2098 1506 2170 septimo.

328 2213 468 2279 Originale
487 2214 513 2264 in
533 2215 692 2273 membrana,
720 2215 835 2265 sericeac
860 2231 947 2272 zonae,
971 2223 996 2264 et
1022 2215 1129 2278 quidem
1149 2230 1199 2265 una
1219 2214 1282 2264 flavi
1302 2221 1327 2264 et
1346 2214 1410 2273 albi,
1424 2216 1507 2264 altera

239 2318 304 2352 vero
323 2301 399 2352 rubri
419 2309 445 2352 et
466 2302 561 2352 viridis
580 2303 679 2352 coloris
698 2305 847 2369 appendent
866 2304 965 2367 absque
984 2303 1082 2367 sigillo.
1107 2303 1136 2352 In
1154 2303 1223 2352 arch.
1239 2319 1295 2353 ven.
1310 2303 1387 2368 capit.
1402 2305 1506 2369 zagrab.

240 2393 298 2440 Act.
318 2390 380 2455 Cap.
400 2391 460 2439 Ant.
481 2388 541 2439 fasc.
565 2398 603 2444 17.
623 2405 661 2440 nr.
682 2391 722 2440 88.

831 2568 920 2635 239.

344 2692 420 2740 Anno
442 2691 517 2748 1358,
537 2698 577 2744 27.
598 2688 736 2740 februarii.
757 2690 846 2740 Crisii.

240 2799 404 2856 ludovicus
419 2801 598 2873 Hungariae
615 2808 663 2858 etc.
679 2819 734 2857 rex
741 2802 931 2874 possessiones
938 2801 1018 2875 fatr's
1029 2802 1100 2857 cessi
1109 2801 1308 2858 archidiaconi
1320 2803 1468 2860 Benedicti
1477 2807 1508 2859 in

267 2905 382 2962 civitate
402 2905 567 2976 Grccltcusi,
587 2914 682 2964 tenore
694 2908 849 2980 privilegii
860 2908 967 2965 civibus
982 2909 1049 2964 olim
1064 2910 1192 2977 concessi,
1211 2909 1311 2964 eisdem
1326 2909 1479 2966 adiudicat.

330 3048 504 3107 Lodouicus
528 3050 577 3107 dei
600 3051 705 3122 gracia
727 3067 782 3108 rex
805 3051 970 3123 Hungarie.
1002 3051 1162 3107 Fideiibus
1185 3053 1256 3120 suiS,
1282 3054 1452 3110 venerabili
1476 3056 1508 3111 in

239 3155 363 3213 Christo
389 3157 479 3229 patri,
509 3156 635 3213 domino
658 3155 815 3230 Stephano
838 3158 985 3231 episcopo
1008 3157 1207 3228 zagrabiensi,
1231 3173 1347 3214 necnon
1371 3160 1508 3232 capitulo

241 3262 378 3319 eiusdem
404 3263 536 3319 salutern
560 3269 588 3319 et
613 3263 756 3334 graciam.
788 3263 902 3320 Dicunt
925 3263 1014 3319 nobis
1039 3263 1130 3319 iudex
1153 3271 1182 3319 et
1208 3264 1341 3321 universi
1366 3266 1449 3322 cives
1473 3281 1508 3321 ac

239 3368 377 3441 hospites
400 3369 533 3426 civitatis
558 3369 672 3425 montis
695 3369 865 3438 Grecensis,
890 3368 999 3425 fideles
1023 3371 1127 3439 nostri,
1152 3369 1234 3441 quod
1263 3370 1392 3426 condam
1416 3371 1508 3427 Bene·

239 3472 340 3531 dictus
363 3474 599 3531 archidiaconus
620 3474 685 3531 sine
707 3475 813 3546 aliquo
833 3479 1024 3544 testament0,
1049 3475 1173 3532 volente
1197 3475 1254 3532 deo
1278 3477 1344 3546 celi,
1367 3476 1506 3534 debitum

240 3581 383 3637 universe
414 3580 515 3636 carnis
538 3596 592 3636 sue
616 3580 807 3651 exsolvisset,
839 3587 868 3636 et
891 3581 934 3636 sic
959 3580 1070 3637 domus
1093 3588 1122 3637 et
1147 3584 1354 3654 possessiones
1391 3599 1507 3641 necnon

239 3701 289 3742 res
311 3686 453 3742 universe
477 3685 608 3758 predicti
631 3685 840 3743 archidiaconi
864 3686 925 3742 iarn
951 3684 1087 3742 defuncti
1109 3688 1138 3743 in
1159 3689 1248 3744 terris
1266 3688 1412 3745 videlicet
1429 3690 1507 3745 eius·

241 3789 313 3847 dem
345 3791 478 3848 civitatis
509 3792 622 3861 habite,
656 3791 739 3847 iuxta
771 3791 947 3848 libertatem
976 3792 1157 3849 eorumdem
1180 3794 1221 3849 ab
1245 3795 1371 3865 antiquo
1395 3810 1508 3866 appro-

241 3897 346 3953 batam
379 3897 455 3970 ipsis
486 3895 614 3953 devolvi
645 3896 801 3966 deberent,
833 3903 927 3970 prout
951 3899 1008 3954 hoc
1032 3898 1113 3954 idem
1137 3900 1167 3955 in
1192 3900 1365 3972 privilegiis
1389 3915 1507 3972 regum,

240 4001 385 4060 videlicet
409 4002 666 4076 predecessorum
688 4011 866 4060 nostrorum
889 4018 994 4060 coram
1018 4004 1108 4060 nobis
1131 4005 1350 4072 exhibitorum,
1374 4004 1509 4061 vidimus

241 4109 397 4166 contineri.
421 4108 510 4167 Unde
532 4124 603 4165 cum
627 4109 783 4182 predictos
806 4110 889 4166 cives
905 4116 935 4165 et
951 4109 1089 4181 hospites
1105 4116 1225 4166 nostros
1242 4111 1272 4167 in
1289 4126 1398 4167 eorum
1414 4112 1508 4168 liber-

241 4215 355 4271 tatibus
378 4214 466 4271 illese
490 4220 519 4271 et
543 4213 752 4287 indempniter
776 4215 910 4271 velimus
933 4229 1124 4284 conservare,
1150 4214 1220 4271 ideo
1243 4215 1386 4273 fidelitati
1407 4226 1508 4273 vestre

240 4317 340 4376 firmis
363 4319 473 4376 damus
496 4320 527 4377 in
551 4321 713 4393 preceptis,
739 4327 888 4393 quatenus
912 4319 1068 4394 predictos
1091 4320 1200 4377 fideles
1224 4322 1306 4379 cives
1326 4329 1355 4378 et
1372 4323 1508 4394 hospites

240 4431 361 4482 nostros
390 4425 564 4482 occassione
597 4425 808 4499 predictorum
839 4425 1006 4483 domorum
1037 4433 1067 4482 et
1095 4428 1324 4499 possessionum
1353 4429 1508 4484 universa-

240 4545 311 4587 rum
334 4545 370 4587 ac
392 4546 498 4588 rerum
521 4530 653 4604 predicti
676 4530 831 4588 Benedicti
854 4531 1063 4588 archidiaconi
1085 4532 1115 4588 in
1140 4532 1229 4589 terris
1253 4531 1434 4589 eorumdem
1456 4533 1508 4589 ha-

242 4636 378 4694 bitarum
408 4637 585 4694 nullatenus
616 4637 781 4695 molestare
812 4636 959 4707 debeatis,
991 4636 1045 4694 sed
1069 4637 1151 4711 ipsas
1175 4644 1326 4710 perpetuo
1350 4637 1509 4712 possidere

243 4741 371 4815 pacifice
387 4741 565 4812 admittatis,
581 4741 666 4800 aliud
683 4758 744 4801 non
760 4743 870 4800 facturi
885 4743 916 4801 in
933 4743 1104 4815 premissis.
1122 4744 1280 4800 Presentes
1292 4759 1367 4801 vero
1380 4749 1509 4817 propter
