3488 5242
615 322 687 378 Dor.
709 317 763 395 98.
792 354 826 361 —
853 321 908 377 An.
934 335 1017 397 1311.
1408 324 1447 398 83

187 521 305 576 minum
331 521 504 591 legitimum
535 520 718 591 assignasset
749 524 854 576 contra
887 523 1075 576 memoratos
1106 519 1188 576 cives
1219 517 1395 589 Grecenses,
1419 519 1449 576 in

186 626 280 681 nostri
299 625 455 698 presencia
472 624 680 698 comparendi.
702 624 771 696 Quo
788 623 941 696 siquidem
958 624 1089 681 termino
1110 623 1299 695 adveniente,
1324 622 1450 697 prefatis

190 731 329 802 partibus
353 746 457 787 coram
490 731 579 787 nobis
611 729 718 788 ordine
747 729 906 787 iudiciario
929 730 1189 802 comparentibus,
1219 728 1347 803 sepefati
1370 730 1453 786 cives

187 852 281 909 super
303 837 472 894 collacione
495 837 711 910 possesssionis
735 836 796 892 iam
826 835 905 892 dicte
937 835 1054 892 litteras
1090 840 1119 892 et
1150 836 1359 906 instrumenta,
1391 850 1451 908 que

187 942 301 998 babere
324 941 591 1014 dignoscebantur,
616 956 770 998 unacum
802 940 960 998 nobilibus
993 942 1079 1012 regni
1108 942 1198 999 nobis
1230 941 1451 1010 assistentibus,

189 1056 409 1122 presentarunt.
435 1049 573 1106 l’rimum
599 1048 744 1107 videlicet
768 1048 969 1122 privilegium
993 1046 1138 1119 Ladizlai,
1156 1046 1205 1105 dei
1221 1048 1333 1120 gracia,
1357 1062 1453 1120 quon·

188 1155 259 1211 dam
284 1157 365 1227 regis
389 1155 554 1225 llungarie,
579 1154 677 1211 felicis
701 1153 932 1222 recordacionis,
956 1154 1015 1210 sub
1041 1154 1097 1210 hac
1113 1152 1230 1211 forma:
1251 1147 1325 1231 (rid.
1342 1169 1386 1211 nr.
1404 1151 1453 1210 60.

188 1260 226 1316 de
249 1277 328 1317 anno
357 1275 446 1331 1275,
475 1277 520 1317 ιι.
545 1253 696 1335 Augusti).
721 1260 806 1330 ltem,
830 1264 1045 1333 presentarunt
1068 1259 1166 1316 eciam
1181 1259 1384 1333 privilegium
1400 1258 1455 1316 do·

188 1367 264 1422 mini
275 1367 422 1448 Jobannis
440 1367 510 1423 bani
527 1366 625 1423 tocius
637 1364 807 1436 Sclauonie,
820 1365 977 1422 continens
992 1364 1073 1422 hunc
1087 1371 1240 1422 tenorem:
1257 1357 1331 1443 (vid.
1346 1381 1390 1423 nr.
1405 1363 1454 1438 63.

189 1471 227 1527 de
250 1487 330 1528 anno
359 1465 460 1547 1275).
494 1472 579 1542 ltem,
609 1471 815 1529 exhibuerunt
847 1471 943 1527 eciam
975 1471 1093 1529 litteras
1124 1471 1245 1529 comitis
1276 1471 1356 1542 Inus,
1384 1478 1456 1529 tunc

190 1577 338 1649 temporis
362 1577 483 1633 comitis
506 1577 720 1648 zagrabiensis‚
745 1577 823 1633 hanc
839 1576 949 1633 seriem
967 1577 1170 1635 continentes:
1194 1569 1267 1653 (vid.
1291 1593 1335 1634 nr.
1353 1574 1402 1633 62.
1419 1575 1457 1633 de

190 1698 269 1740 anno
297 1696 387 1752 1275,
414 1697 462 1751 27.
486 1674 692 1759 septembris).
716 1682 795 1755 Ipsis
826 1683 930 1755 itaque
963 1683 1174 1741 instrumentis
1197 1682 1342 1756 perlectis
1364 1689 1392 1739 et
1416 1681 1456 1739 ad

190 1788 318 1860 plenum
342 1787 514 1858 intellectis,
537 1802 597 1844 non
623 1788 754 1845 inventis
779 1788 964 1859 cancellatis,
996 1789 1114 1845 abrasis
1146 1804 1200 1845 nec
1228 1788 1258 1845 in
1281 1787 1387 1861 aliqua
1410 1788 1457 1845 sui

190 1899 277 1964 parte
301 1893 472 1963 maculatis
496 1892 634 1966 prefatus
658 1908 761 1951 comes
784 1893 952 1964 Farcasius,
976 1895 1030 1967 qui
1053 1910 1147 1967 super
1169 1893 1308 1968 predicta
1338 1908 1458 1967 posses·

190 1997 274 2054 sione
298 1999 345 2055 ius
369 1999 483 2055 habere
506 1999 663 2071 allegabat
686 2006 715 2056 et
738 2001 849 2071 agebat
872 2015 978 2057 coram
999 2000 1089 2058 nobis
1111 2001 1261 2072 regnique
1289 2000 1456 2070 nobilibus,

191 2104 276 2160 omni
300 2105 367 2171 iuri,
392 2103 637 2175 contradiccioni,
662 2105 717 2175 liti,
741 2107 857 2163 accioni
873 2112 902 2162 et
918 2106 1047 2163 cuilibet
1064 2106 1202 2164 materiei
1223 2106 1374 2179 questioni
1391 2113 1458 2163 orte

190 2204 252 2284 (vel
276 2203 414 2285 oriende)
437 2226 492 2283 per
516 2226 547 2266 se
571 2217 600 2268 et
623 2227 679 2284 per
709 2227 780 2268 suos
811 2227 1001 2269 successores
1033 2212 1167 2282 lineales,
1190 2213 1256 2269 sive
1284 2211 1458 2270 suscitande

191 2317 348 2372 occasione
373 2315 509 2389 predicte
532 2317 732 2389 possessionis
763 2324 869 2374 contra
897 2318 980 2374 cives
1017 2321 1206 2375 memoratos
1227 2331 1457 2389 recognoscens,

191 2420 314 2477 eosdem
347 2423 429 2478 cives
461 2423 489 2478 in
521 2423 713 2495 possessione
744 2422 881 2496 sepefata
913 2424 959 2480 ius
991 2424 1106 2481 habere
1137 2424 1300 2496 integrum,
1332 2439 1387 2481 nec
1418 2423 1459 2480 ad

191 2528 268 2585 alios
293 2536 395 2599 preter
419 2527 490 2584 illos
514 2528 597 2584 solos
620 2529 703 2585 cives
728 2528 821 2601 pleno
845 2529 911 2585 iure
932 2530 1094 2602 pertinere,
1118 2529 1309 2587 renunciavit
1333 2544 1411 2603 pure
1428 2534 1457 2586 et

192 2633 382 2705 simpliciter,
408 2635 528 2706 penitus
551 2640 580 2690 et
604 2635 633 2690 in
659 2641 722 2691 toto
746 2633 875 2691 eandem
907 2637 1133 2708 possessionem
1164 2635 1292 2708 pacifice
1318 2636 1394 2710 ipsis
1416 2637 1459 2693 ci·

192 2739 283 2795 vibus
308 2739 516 2811 relinquendo
541 2740 671 2796 Litteras
695 2738 849 2812 siquidem
873 2745 903 2797 et
928 2741 1138 2812 instrumenta,
1158 2742 1184 2799 si
1200 2756 1262 2814 qua
1278 2757 1372 2816 super
1388 2757 1459 2815 pre-

192 2842 271 2899 dicta
297 2845 488 2915 possessione
513 2845 662 2901 haberent
686 2845 907 2918 quoquomodo
937 2853 1072 2920 optenta,
1097 2847 1210 2905 frivola
1243 2853 1271 2904 et
1295 2848 1382 2905 irrita
1404 2848 1458 2904 ha-

194 2951 258 3006 beri
283 2950 390 3019 voluit,
414 2966 449 3006 ac
474 2951 594 3007 innania
611 2957 638 3008 et
656 2951 772 3007 nullius
795 2944 938 3028 (valoris)
956 2953 1005 3009 vel
1030 2954 1177 3011 momenti
1198 2953 1458 3027 quandocumque

193 3057 222 3113 in
247 3056 434 3112 contrarium
460 3055 670 3128 predictorum
702 3057 817 3113 civium
850 3074 905 3130 per
936 3059 1116 3133 quempiam
1148 3058 1248 3116 forent
1275 3064 1459 3133 presentata.

195 3161 256 3217 Nos
288 3162 380 3231 igitur
413 3163 487 3218 visis
518 3169 546 3218 et
578 3162 778 3219 consideratis
807 3163 926 3220 iuribus
957 3165 1070 3221 civium
1103 3164 1315 3238 predictorum
1343 3166 1456 3238 quibus

194 3266 399 3338 fungebantur
423 3284 474 3323 seu
501 3269 665 3325 utebantur
695 3269 724 3325 in
757 3270 947 3341 possessione
979 3276 1158 3341 memorata,
1188 3272 1274 3343 regni
1298 3271 1457 3328 nobilibus

195 3373 397 3445 prebentibus
420 3389 601 3429 consensum
626 3381 655 3430 et
679 3389 846 3442 assensum,
863 3375 1045 3447 nemineque
1061 3374 1286 3433 contradictore
1309 3376 1457 3433 existente

195 3481 223 3534 in
249 3479 305 3535 hac
329 3486 424 3551 parte.
448 3478 617 3552 sepefatum
641 3482 865 3553 possessionem
892 3481 1005 3538 Kobila
1029 3488 1179 3553 vocatam,
1203 3498 1274 3539 eum
1305 3483 1458 3539 universis

195 3587 389 3657 pertinenciis
413 3593 442 3642 et
466 3587 651 3643 utilitatibus
667 3586 813 3656 eiusdem,
830 3588 1010 3645 auctoritate
1026 3587 1144 3645 domini
1161 3589 1256 3646 nostri
1273 3587 1391 3657 Karuli,
1408 3587 1459 3645 dei

194 3693 296 3762 gracia
320 3693 506 3749 serenissimi
530 3693 611 3763 regis
628 3693 792 3765 llungarie,
809 3701 901 3766 prout
918 3694 1111 3751 habebamus
1127 3696 1166 3752 ab
1185 3694 1294 3752 eodem
1315 3696 1346 3752 in
1373 3710 1458 3752 man-

195 3797 281 3865 datis,
306 3813 340 3854 ac
364 3800 460 3855 eciam
485 3799 523 3855 de
547 3799 613 3855 iure
636 3806 665 3856 et
688 3800 807 3856 iusticia
831 3805 979 3870 tenemur,
995 3801 1166 3871 statuimus,
1189 3801 1415 3872 assignavimus
1430 3808 1459 3857 et

195 3904 377 3975 reliquimus
402 3904 528 3977 pacifice
551 3920 586 3961 ac
610 3906 711 3977 quiete
736 3911 885 3978 perpetuo
917 3906 1135 3980 possidendam
1165 3907 1310 3980 sepesatis
1339 3907 1460 3966 civibus

195 4025 365 4083 eorumque
389 4013 598 4069 sucessoribus
621 4014 780 4081 universis,
805 4012 1033 4070 introducentes
1066 4013 1150 4086 ipsos
1176 4015 1260 4071 cives
1284 4011 1395 4070 tradita
1418 4013 1459 4070 ab

195 4119 263 4190 ipso
285 4117 411 4174 domino
434 4124 539 4174 nostro
564 4117 716 4188 facultate,
741 4129 773 4174 ut
797 4120 1004 4192 premisimus,
1020 4120 1050 4176 in
1075 4119 1300 4192 possessionem
1321 4117 1459 4176 eiusdem

195 4225 397 4295 corporalem.
420 4224 452 4280 ln
476 4225 562 4280 cuius
586 4225 628 4280 rei
653 4226 836 4281 memoriam
853 4233 882 4282 et
898 4230 1083 4298 perpetuam
1098 4224 1279 4282 firmitatem
1302 4230 1460 4297 presentes

196 4329 382 4386 contulimus
406 4330 502 4400 sigilli
526 4331 620 4386 nostri
646 4331 816 4388 munimine
838 4331 1008 4388 roboratas.
1033 4330 1150 4388 Datum
1173 4331 1203 4388 in
1224 4329 1411 4399 Brizouicha,
1428 4331 1458 4387 in

196 4435 314 4490 oetavis
338 4435 509 4508 Epiphanio
532 4434 657 4492 domini.
682 4438 769 4492 Anno
793 4435 930 4493 eiusdem
955 4437 985 4492 Μ
1010 4436 1218 4494 trecentisimo
1245 4435 1415 4493 undecimo.

285 4585 424 4649 originale
451 4587 475 4635 in
499 4589 663 4646 membrana,
686 4606 699 4636 e
723 4587 790 4637 tiara
821 4588 918 4637 sericea
947 4603 1010 4637 zona
1041 4589 1171 4654 dependet
1193 4587 1313 4653 sigillum
1331 4587 1459 4639 attritum.

197 4671 225 4722 ln
244 4673 314 4722 arch.
335 4675 414 4723 Aeaei.
435 4675 528 4724 Scient.
551 4676 619 4725 Slav.
639 4676 730 4724 merid.
744 4676 835 4725 Exstat
855 4676 933 4726 etiam
954 4677 980 4725 in
999 4681 1164 4742 transumpto
1181 4675 1276 4727 Karoli
1291 4676 1362 4741 regis
1382 4677 1456 4726 Hun-

196 4760 287 4825 gariae
311 4764 344 4810 de
371 4778 437 4811 anno
464 4772 535 4821 1317.
556 4763 587 4812 ln
607 4763 677 4812 areli.
696 4763 743 4813 lib.
764 4779 818 4830 reg.
840 4764 888 4814 civ.
908 4764 1012 4830 zagrab.

1343 4869 1358 4902 u
