3488 5242
240 373 298 431 292
652 351 724 407 Dec.
743 346 820 426 308.
848 383 884 391 —
911 351 966 407 An.
993 347 1081 426 1580.

1287 456 1501 463 .—.-.—-—

238 549 433 606 ordinacione
458 548 618 621 propriam
643 547 804 604 dumtaxat
827 547 958 603 salutem
983 548 1103 603 ambire
1127 547 1298 618 videamur,
1320 548 1358 604 de
1374 549 1502 605 consilio

239 654 466 728 sepedictorum
492 653 690 711 dominorum
716 653 846 710 fratrum
871 658 1046 709 nostrorum
1070 654 1161 710 huius
1178 660 1280 710 nostre
1297 654 1502 711 ordinacionis

238 768 267 816 et
285 761 423 833 ipsarum
439 758 679 815 lralendenarum
699 765 848 832 perpetue
866 759 1094 815 observacionis
1111 759 1232 830 largam
1256 759 1321 815 fore
1345 760 1502 832 cupientes

238 865 486 937 ampliacionem,
512 865 675 922 statuimus
699 864 883 934 ordinantes,
907 863 989 936 quod
1014 864 1128 921 nemini
1152 865 1250 921 nobili
1277 864 1421 921 videlicet
1450 868 1502 920 airt

237 970 376 1041 ignobili,
400 969 489 1027 diviti
513 971 565 1026 vel
587 971 726 1044 pauperi,
742 971 805 1027 seni
822 975 875 1026 aut
891 970 994 1026 iuveni
1011 969 1128 1026 dictum
1151 971 1344 1027 consorcium
1361 976 1501 1026 nestrum

238 1083 267 1132 et
292 1075 422 1132 fratrum
446 1082 623 1133 nostrorum
656 1076 770 1132 intrare
801 1075 917 1132 volenti
947 1074 1048 1131 aditus
1080 1074 1301 1148 quoquomodo
1325 1075 1500 1147 denegetur,

238 1180 291 1237 sed
315 1181 460 1237 omnibus
484 1187 513 1237 et
537 1181 729 1253 quibuslibet
752 1180 970 1250 indifferenter,
1003 1196 1081 1252 quos
1112 1196 1167 1237 nec
1191 1186 1254 1237 etas
1278 1181 1421 1238 excludat
1446 1197 1501 1238 nec

238 1303 329 1343 sexus
352 1285 493 1344 distincio
517 1287 642 1356 evellat,
667 1286 721 1343 sed
743 1302 798 1343 nec
823 1292 990 1359 paupertas
1013 1291 1065 1343 aut
1090 1286 1193 1358 inopia
1216 1286 1369 1360 repellere
1391 1287 1501 1355 valeat,
1532 1335 1534 1338 ,

238 1394 334 1466 ipsius
357 1392 506 1449 consorcii
529 1390 620 1467 janue
643 1393 785 1451 introitus
809 1392 952 1466 patefiat;
980 1394 1039 1449 hiis
1064 1399 1165 1450 tamen
1189 1394 1329 1462 exclusis
1353 1394 1406 1465 qui
1434 1393 1501 1451 infi-

238 1499 323 1555 deles
347 1499 398 1555 vel
422 1503 509 1555 extra
533 1499 687 1570 gremium
712 1499 838 1555 ecclesie
855 1498 921 1555 fore
937 1498 1132 1568 viderentur;
1155 1500 1213 1556 hoc
1236 1498 1401 1570 declarato,
1418 1499 1500 1571 quod
1551 1570 1553 1574 Α

238 1604 371 1676 quilibet
394 1604 508 1660 intrare
531 1603 670 1660 volentes
694 1604 772 1661 banc
795 1604 980 1675 societatem,
1014 1611 1119 1661 utrum
1149 1604 1240 1661 nobis
1263 1611 1315 1661 aut
1338 1604 1427 1661 dictis
1448 1604 1501 1661 do-

239 1710 330 1766 minis
354 1708 502 1766 fratribus
525 1709 638 1766 nostris
665 1709 696 1766 in
728 1708 876 1781 dignitate
907 1709 1017 1782 positis
1046 1710 1097 1766 vel
1129 1710 1283 1766 canonicis
1306 1709 1502 1782 simplicibus

238 1816 355 1872 similes
378 1814 438 1871 sint
462 1813 660 1887 perdicium
684 1813 845 1871 dominum
869 1815 1019 1871 decanum
1047 1820 1153 1872 nostro
1176 1815 1212 1871 ad
1239 1814 1271 1871 id
1294 1821 1324 1872 et
1346 1814 1501 1874 dictorum

237 1920 370 1977 fratrum
391 1925 568 1977 nostrorum
592 1920 720 1977 consilio
746 1926 775 1977 et
798 1935 921 1977 assensu
946 1919 1107 1977 accedente
1138 1919 1176 1976 ad
1205 1921 1399 2003 consimilem
1423 1936 1498 1993 quo-

237 2027 387 2084 rumlibet
416 2032 593 2083 nostrorum
624 2027 886 2083 contribucionem
918 2042 974 2100 per
1004 2026 1088 2099 ipsos
1120 2025 1291 2084 faciendam
1327 2026 1500 2085 iudicentur

239 2139 268 2190 et
291 2132 460 2189 secundum
484 2147 592 2188 eorum
615 2131 791 2189 facultatem
817 2132 855 2188 ad
880 2133 1032 2206 premissa
1063 2132 1269 2206 persolvenda
1293 2132 1500 2190 moderentur.

238 2239 406 2295 Censemus
427 2237 647 2294 nichilominus
670 2237 867 2295 statuendum
884 2245 914 2295 et
930 2238 1089 2311 perpetuis
1105 2238 1298 2310 temporibus
1322 2239 1499 2296 inconcusse

237 2342 476 2412 observandum,
500 2347 535 2398 ut
558 2342 746 2414 quicumque
770 2358 807 2399 ex
831 2344 928 2413 nobis,
963 2343 994 2400 id
1017 2349 1063 2400 est
1089 2359 1125 2400 ex
1150 2343 1230 2399 dicte
1252 2345 1501 2416 congregacionis

237 2449 380 2506 societate
403 2448 537 2505 cuiusvis
561 2453 657 2504 status
689 2454 719 2504 et
745 2464 835 2505 sexus
866 2450 985 2518 existat,
1016 2448 1179 2506 decesserit
1207 2450 1247 2511 ab
1281 2449 1339 2506 hac
1362 2451 1438 2519 luce,
1462 2449 1500 2506 ad

238 2554 329 2611 funus
354 2553 432 2624 talis,
456 2552 589 2624 quilibet
613 2552 744 2634 fratrum
775 2561 951 2612 nostrorum
976 2561 1005 2610 et
1028 2555 1181 2611 sociorum
1207 2570 1277 2611 cum
1307 2555 1449 2611 crucibus
1472 2563 1500 2611 et

237 2661 306 2717 aliis
329 2659 530 2733 apparatibus
553 2659 768 2716 convenienter
790 2675 971 2718 concurrere
995 2666 1025 2717 et
1048 2661 1150 2734 ipsum
1175 2660 1266 2717 funus
1282 2661 1425 2718 candelas
1446 2678 1498 2718 seu

238 2782 341 2824 cereos
365 2764 602 2822 lralandinarum
625 2764 766 2822 ardentes
789 2767 818 2823 in
843 2767 986 2823 manibus
1006 2772 1158 2837 gestantes
1179 2783 1276 2839 usque
1293 2767 1322 2823 in
1339 2767 1499 2824 ecclesiam

237 2873 290 2929 ubi
316 2871 408 2928 fuerit
431 2858 510 2927 terre
532 2871 652 2942 gremio
675 2869 955 2929 commendandum
980 2887 1051 2928 cum
1074 2879 1181 2929 cantus
1203 2872 1395 2930 lamentabili
1412 2888 1501 2930 sono-

237 2979 362 3034 rositate
386 2976 497 3033 devote
520 2975 671 3033 deducere
694 2983 786 3049 atque
815 2976 988 3051 deportare,
1020 2978 1126 3049 ibique
1159 2978 1293 3049 quilibet
1316 2977 1447 3034 fratrum
1471 2984 1500 3035 et

238 3083 391 3140 sociorum
415 3081 506 3138 huius
528 3081 681 3137 societatis
703 3098 796 3139 unam
821 3083 981 3139 candelam
1006 3098 1076 3139 cum
1109 3083 1236 3139 denario
1259 3083 1360 3139 usuali
1384 3083 1500 3140 decano

238 3187 311 3244 dare
334 3193 363 3244 et
387 3188 482 3243 offere
507 3187 660 3243 tenebitur
683 3202 741 3260 pro
764 3189 866 3244 anima
891 3189 986 3261 ipsius
1016 3188 1151 3245 defuncti
1175 3189 1213 3244 ad
1239 3191 1346 3245 missas
1370 3189 1500 3246 offeren-

238 3293 309 3361 dns;
333 3292 450 3350 ibidem
475 3292 573 3349 eciam
596 3293 696 3348 omnis
720 3293 811 3349 buius
834 3294 983 3350 consorcii
1008 3293 1169 3362 confrater,
1193 3293 1376 3350 sacerdotali
1402 3293 1501 3365 <ligni-

238 3403 299 3455 tate
323 3397 510 3472 prefulgens,
533 3403 587 3455 aut
609 3398 735 3454 missam
760 3414 883 3471 semper
899 3398 999 3456 dicere
1015 3405 1067 3455 aut
1085 3400 1183 3472 ipsam
1201 3399 1363 3455 collectam
1388 3400 1500 3471 viginti

237 3504 432 3561 denariorum
459 3503 552 3561 modo
584 3504 736 3560 consimili
767 3510 797 3560 et
827 3504 986 3561 candelam
1012 3520 1082 3561 cum
1116 3504 1241 3561 denario
1270 3506 1423 3562 tenebitur
1446 3506 1498 3562 de·

237 3625 312 3666 cano
335 3610 505 3681 assignare;
529 3609 555 3666 is
577 3613 689 3677 autem,
714 3610 766 3680 qui
791 3608 829 3666 (le
852 3609 934 3666 dicto
958 3611 1115 3667 consorcio
1139 3612 1268 3667 clericus
1285 3611 1384 3682 fuerit,
1406 3628 1500 3685 super

237 3713 399 3785 quodlibet
423 3712 514 3770 funus
537 3712 673 3771 defuncti
697 3729 793 3770 unum
818 3715 999 3787 psalterium
1031 3716 1133 3787 legere
1164 3718 1326 3786 tenebitur,
1351 3718 1391 3773 ab
1415 3718 1499 3775 omni

237 3826 339 3876 tamen
363 3819 452 3875 dacio
475 3825 504 3875 et
528 3819 686 3875 offertorio
710 3821 767 3876 erit
791 3835 914 3894 semper
936 3828 1144 3895 supportatus.
1174 3822 1269 3880 Porro
1293 3824 1439 3880 volumus
1470 3830 1500 3881 et

237 3924 275 3981 de
299 3930 419 3981 maturo
444 3925 572 3981 consilio
595 3924 746 3981 dictorum
769 3925 966 3982 dominorum
992 3926 1123 3984 fratrum
1140 3935 1315 3984 nostrorum
1342 3929 1499 3985 sanximus

237 4029 475 4101 observandum,
493 4029 575 4102 quod
600 4030 737 4101 quelibet
761 4032 967 4103 possessiones
991 4033 1040 4088 vel
1060 4032 1179 4096 domus,
1196 4034 1287 4103 curie,
1304 4035 1401 4103 vinee,
1418 4040 1499 4091 terre

237 4135 371 4191 arabiles
394 4142 446 4190 aut
471 4150 665 4207 quecumque
689 4135 750 4192 alie
773 4137 908 4192 cuiusvis
933 4137 1066 4192 nominis
1082 4138 1237 4194 vocabulo
1254 4141 1426 4196 vocitentur
1442 4155 1499 4213 pro

237 4239 318 4297 dicta
342 4241 519 4297 huiusmodi
542 4240 778 4298 kalandinarum
801 4243 933 4299 utilitate
957 4259 1009 4299 seu
1033 4244 1244 4301 celebracione
1268 4262 1323 4319 per
1346 4262 1498 4318 quoscun-

237 4361 297 4416 que
321 4346 473 4415 darentun
499 4346 686 4404 donarentur
709 4364 762 4404 seu
786 4348 961 4418 legarentur
984 4356 1037 4406 aut
1058 4351 1168 4421 quovis
1199 4352 1261 4408 alio
1291 4352 1384 4409 modo
1408 4368 1499 4425 apro·

238 4451 420 4522 priarentur,
451 4453 540 4509 nullo
572 4452 674 4522 modo,
705 4455 856 4526 nulloque
887 4454 990 4511 colore
1021 4455 1194 4525 adinvento,
1228 4459 1345 4530 possint
1375 4458 1499 4515 adicta

237 4557 389 4626 societate,
414 4557 563 4614 kalandus
587 4559 675 4628 dicta,
701 4559 792 4617 vendi
815 4561 880 4616 sive
903 4561 1039 4630 alienari,
1063 4561 1115 4617 sed
1141 4577 1198 4633 pro
1215 4563 1311 4635 ipsius
1327 4563 1427 4620 dantis
1442 4579 1496 4621 seu

238 4659 379 4719 donantis
402 4661 483 4735 apud
509 4662 626 4720 dictum
649 4663 800 4722 kalandus
824 4671 853 4722 et
877 4667 942 4723 eius
965 4665 1115 4723 decanum
1143 4683 1202 4741 pro
1225 4674 1365 4741 ternpore
1388 4669 1498 4726 consti·

236 4767 385 4829 tuendum
408 4783 531 4841 semper
554 4768 685 4827 debeant
708 4785 875 4841 remanere,
898 4771 1026 4845 dempto
1042 4776 1144 4829 tamen
1166 4788 1211 4844 eu,
1235 4774 1260 4830 si
1284 4774 1423 4847 aliquam
1441 4774 1499 4835 hu·
