3488 5242
657 355 732 417 Doc.
755 350 826 416 218.
854 392 890 400 —
916 356 1085 435 Aa1350.

832 552 913 617 218.

340 693 418 743 Anno
440 701 515 752 1350,
537 702 575 742 11.
592 692 714 759 januarii.
735 691 873 743 Avinione.

237 820 379 877 Nicolaus
391 821 492 877 electus
511 821 707 893 zagrabr'ensis
717 821 891 894 praeficitur
900 821 930 876 in
942 821 1098 895 episcopum
1110 820 1181 878 etde
1192 839 1269 876 inore
1285 818 1501 876 cornnrendutur.

323 982 469 1040 Clemens
499 983 664 1056 episcopus
692 999 801 1040 servus
832 999 994 1040 servorum
1025 983 1082 1041 dei.
1116 984 1238 1040 Dilecto
1268 983 1336 1040 filio
1370 983 1498 1041 Nicolao

236 1089 335 1146 electo
358 1089 549 1160 zagrabiensi
573 1091 706 1146 salutem
730 1095 760 1145 et
775 1090 979 1160 apostolicam
996 1089 1249 1147 benedictionem.
1266 1088 1389 1147 Credite
1404 1091 1503 1159 nobis,

236 1194 473 1268 dispensationis
504 1194 644 1251 officium
674 1203 763 1266 urget
794 1202 824 1251 et
847 1196 959 1251 excitat
983 1202 1117 1252 mentem
1140 1203 1287 1266 nostram,
1311 1202 1344 1251 ut
1368 1196 1421 1268 qui
1443 1195 1504 1252 dis-

237 1300 388 1373 positione
419 1299 525 1356 divina
559 1301 676 1357 cunctis
711 1300 848 1358 eeclesiis
883 1302 1042 1372 potestatis
1075 1301 1266 1374 plenitudine
1302 1301 1503 1373 presidemus,

235 1406 430 1477 singulamm
453 1406 649 1473 utilitatibus,
673 1413 823 1478 quantum
846 1407 937 1463 nobis
959 1422 997 1463 ex
1019 1406 1084 1464 alto
1107 1408 1306 1480 permittitur,
1323 1407 1366 1463 sic
1382 1407 1504 1480 prospi-

237 1512 355 1569 ciamus
371 1512 498 1580 solicite,
518 1512 561 1568 sic
579 1513 746 1583 vigilanter
768 1518 798 1569 et
822 1512 986 1584 diligenter
1009 1514 1101 1570 etiam
1125 1512 1328 1583 intendamus,
1346 1512 1428 1584 quod
1448 1530 1505 1587 per

237 1617 483 1691 participationis
506 1623 609 1674 nostre
632 1618 778 1688 studium,
803 1624 896 1692 prout
919 1619 1057 1692 ipsarum
1082 1620 1281 1676 ecclesiarum
1302 1620 1419 1676 utilitas
1436 1635 1503 1691 per·

237 1722 353 1793 suadet,
385 1723 522 1781 ecclesiis
553 1724 628 1797 ipsis
658 1723 846 1796 quandoque
875 1740 933 1798 per
962 1725 1114 1797 simplicis
1146 1725 1331 1796 provisionis
1354 1723 1502 1793 officium,

238 1828 424 1901 quandoque
447 1845 522 1885 vero
545 1845 602 1902 per
631 1830 836 1887 ministerium
868 1831 1078 1887 translationis
1101 1830 1267 1886 accomode
1292 1836 1429 1902 pastores
1452 1828 1504 1885 de·

238 1939 384 2007 putentur
408 1933 528 2005 ydonei,
553 1950 609 2008 per
632 1950 711 2006 quos
733 1936 861 1992 ecclesie
885 1937 959 2009 ipse,
983 1936 1109 2009 superni
1129 1935 1245 1993 favoris
1261 1935 1378 1992 auxilio
1394 1935 1504 1991 suffra-

238 2045 336 2111 gante,
368 2041 473 2097 votive
504 2022 720 2113 prosperitatis
754 2043 947 2098 successibus
976 2043 1177 2113 gratulentur.
1213 2041 1319 2115 Nuper
1350 2041 1502 2113 siquidem

235 2146 365 2203 ecclesia
387 2147 579 2218 zagrabiensi
602 2162 697 2204 exeo
721 2149 854 2221 pastoris
877 2150 1026 2220 regimine
1050 2149 1204 2217 destituta,
1228 2148 1310 2221 quod
1335 2164 1390 2204 nos
1411 2164 1501 2205 vene-

237 2252 370 2309 rabilem
404 2251 532 2309 fratrem
564 2260 704 2321 nostrum
736 2254 910 2312 Dionisium
942 2256 1122 2328 episcopum
1162 2256 1239 2311 olim
1273 2255 1503 2326 zagrabiensem

238 2359 269 2415 in
292 2358 562 2431 archiepiscopum
583 2359 776 2416 colocensem
801 2360 942 2430 electum,
966 2361 1039 2418 licet
1061 2362 1230 2430 absentem,
1254 2377 1270 2417 a
1291 2361 1424 2429 vinculo,
1442 2374 1504 2432 quo

238 2464 299 2536 ipsi
322 2464 513 2535 zagrabiensi
543 2464 679 2534 ecclesie,
712 2466 763 2522 eui
787 2472 859 2522 tunc
883 2474 1013 2538 preerat,
1038 2467 1209 2536 tenebatur,
1234 2465 1271 2522 de
1295 2464 1427 2521 fratrum
1450 2480 1504 2522 no-

238 2577 375 2626 strorum
398 2570 528 2627 consilio
551 2579 580 2627 et
601 2572 771 2644 apostolice
794 2573 954 2644 potestatis
970 2572 1162 2645 plenitudine
1178 2572 1384 2641 absolventes,
1400 2572 1503 2644 ipsum

238 2676 277 2733 ad
302 2677 462 2734 ecclesiam
488 2677 680 2735 colocensem
705 2684 776 2734 tunc
800 2684 960 2735 vacantem
985 2678 1131 2735 duximus
1154 2677 1410 2747 transferendum,
1435 2693 1504 2750 pre-

239 2781 371 2839 ficiendo
395 2798 466 2839 eum
490 2782 571 2840 dicte
594 2784 745 2840 colocensi
778 2784 905 2841 ecclesie
935 2785 966 2839 in
993 2784 1261 2857 archiepiscopum
1286 2789 1315 2840 et
1338 2791 1504 2856 pastorem.

240 2886 303 2944 Nos
334 2888 474 2944 volentes
504 2887 606 2946 eidem
636 2889 829 2960 zagrabiensi
859 2890 994 2959 ecclesie,
1025 2905 1064 2946 ne
1087 2889 1248 2963 dispendia
1271 2890 1393 2963 prolixe
1417 2905 1505 2945 vaca·

239 2993 330 3051 tionis
353 2995 530 3065 incurreret,
556 2995 723 3051 salubriter
747 2995 920 3068 providere,
944 3010 1015 3051 cum
1038 2996 1143 3051 nullus
1166 3000 1270 3067 preter
1293 3010 1349 3052 nos
1372 2994 1411 3051 de
1434 3010 1505 3067 pro·

241 3098 357 3154 visione
380 3099 477 3172 ipsius
501 3101 707 3172 zagrabiensis
730 3101 858 3158 ecclesie
881 3102 938 3157 hac
962 3101 1028 3157 vice
1050 3117 1082 3157 se
1106 3102 1309 3158 intromittere
1333 3102 1431 3174 possit
1446 3117 1504 3174 pro

241 3217 286 3272 e0,
310 3202 394 3275 quod
417 3220 474 3261 nos
497 3205 550 3261 diu
581 3210 650 3262 ante
682 3206 874 3263 vacationem
900 3207 997 3279 ipsius
1020 3207 1226 3277 zagrabiensis
1249 3207 1376 3264 ecclesie
1400 3208 1505 3278 provi·

240 3309 340 3365 siones
371 3312 509 3367 omnium
541 3311 741 3368 ecclesiarum
777 3311 1009 3383 cathedralium,
1041 3319 1112 3369 tunc
1146 3313 1336 3384 ubicumque
1359 3314 1390 3369 in
1415 3319 1504 3369 antea
1577 3319 1581 3326 '

241 3420 459 3472 vacaturarum
489 3433 546 3490 per
576 3417 793 3475 translationes
824 3418 862 3474 de
886 3419 1014 3491 prelatis
1037 3433 1143 3474 earum
1167 3419 1300 3475 ubilibet
1323 3418 1504 3488 constitutis,

241 3524 312 3576 tunc
343 3538 400 3595 per
430 3537 486 3578 nos
516 3523 721 3596 imposterum
751 3521 906 3580 faciendas
937 3522 976 3579 ad
1000 3524 1076 3580 alias
1100 3524 1243 3580 ecclesias
1267 3529 1338 3580 tunc
1360 3529 1504 3581 vacantes

241 3631 270 3681 et
293 3626 497 3699 imposterum
521 3635 690 3699 vacaturas,
716 3629 908 3702 dispositioni
931 3637 1035 3686 nostre
1058 3629 1204 3686 duximus
1227 3630 1436 3700 reservandas,
1453 3630 1505 3687 de·

241 3731 393 3788 cernendo
416 3748 455 3789 ex
479 3738 549 3789 tunc
573 3735 694 3791 irritum
720 3739 749 3790 et
772 3735 869 3805 inane,
893 3735 919 3792 si
935 3751 1021 3792 secus
1037 3751 1131 3808 super
1147 3736 1205 3792 hiis
1220 3751 1277 3809 per
1293 3751 1505 3808 quoscumque

242 3837 351 3908 quavis
373 3839 554 3895 auctoritate
577 3840 707 3896 scienter
730 3841 780 3896 vel
809 3841 985 3912 ignoranter
1012 3840 1200 3911 contingeret
1224 3842 1410 3912 attemptari,
1434 3847 1504 3913 post

242 3940 505 4013 deliberationem,
530 3960 624 4016 quam
647 3945 686 4001 de
702 3945 889 4019 preficiendo
906 3947 965 4019 ipsi
982 3946 1172 4018 zagrabiensi
1196 3947 1323 4003 ecclesie
1339 3962 1502 4020 personam

242 4048 350 4104 utilem
373 4064 409 4105 ac
431 4051 525 4107 etiam
541 4049 730 4107 fructuosam
748 4052 913 4108 habuimus
929 4067 1000 4108 cum
1016 4051 1133 4108 eisdem
1150 4051 1297 4108 fratribus
1313 4052 1504 4124 diligentem,

242 4154 370 4211 demum
391 4156 430 4212 ad
455 4163 485 4213 te
510 4162 580 4214 tunc
603 4159 737 4215 electum
759 4159 947 4230 nitriensem,
971 4159 1193 4231 multiplicium
1210 4159 1361 4215 virtutum
1378 4161 1503 4229 meritis,

243 4267 336 4333 prout
358 4261 588 4334 fidedignorum
612 4264 705 4321 habet
732 4265 868 4335 asserti0,
898 4265 1085 4336 insignitum,
1109 4269 1276 4338 sperantes,
1302 4272 1331 4321 te
1355 4264 1421 4322 fore
1444 4266 1503 4337 ipsi

242 4367 432 4437 zagrabiensi
455 4369 582 4425 ecclesie
606 4370 822 4443 multiplieiter
845 4371 1046 4442 fructuosum,
1078 4370 1247 4427 direximus
1271 4372 1377 4427 oculos
1401 4378 1504 4428 nostre

244 4472 369 4529 mentis:
394 4473 507 4545 quibus
531 4476 676 4532 omnibus
699 4475 805 4533 debita
827 4476 1025 4534 meditatione
1049 4477 1192 4551 pensatis,
1212 4483 1241 4533 te
1256 4492 1274 4533 a
1291 4477 1424 4546 vinculo,
1442 4492 1505 4549 quo

244 4576 303 4648 ipsi
325 4578 463 4635 nitriensi
487 4581 622 4651 ecclesie,
646 4582 695 4639 cui
718 4587 789 4638 tunc
812 4597 920 4655 preeas
936 4583 1097 4652 tenebaris,
1122 4583 1160 4639 de
1184 4584 1343 4656 potestatis
1366 4583 1504 4657 predicte

243 4681 434 4752 plenitudine
464 4685 670 4758 absolventes,
702 4695 732 4745 te
762 4687 800 4744 de
833 4689 972 4762 ipsorum
1004 4687 1136 4745 fratrum
1167 4689 1296 4745 consilio
1322 4692 1503 4750 auctoritate

243 4787 412 4860 apostolica
442 4791 481 4847 ad
512 4794 743 4865 zagrabiensem
772 4795 934 4852 ecclesiam
965 4793 1178 4851 transferimus
1210 4794 1428 4868 supradictam,
1462 4803 1504 4855 te·
