3488 5242
245 333 280 373 12
682 317 756 374 Dor.
780 330 827 394 14.
855 351 890 359 -
917 319 972 374 An.
999 331 1084 394 1237.

241 511 397 570 fructuum
421 520 640 588 perceptorum
663 520 694 571 et
716 515 826 572 iniuste
857 515 969 586 taliter,
992 523 1025 573 ut
1055 515 1200 582 diximus.
1224 517 1427 588 detentorum,
1452 518 1507 576 do·

240 619 384 675 navimus
407 620 519 677 nostris
540 617 688 676 fratribus
711 626 826 677 terram
850 619 999 693 Zagrabie
1022 621 1062 679 ad
1090 629 1222 694 quatuor
1245 630 1356 691 aratra,
1380 639 1440 695 que
1465 624 1503 681 ad

239 725 286 782 ius
310 725 486 799 episcopale
513 726 689 798 specialiter
711 726 893 799 pertinebat,
925 742 995 784 cum
1028 736 1160 800 quatuor
1188 730 1298 786 aratris
1322 736 1351 786 et
1375 733 1507 802 quatuor

240 832 452 890 mansionibus
475 847 638 889 servorum
663 838 813 906 perpetuo
835 831 1063 906 possidendam,
1088 832 1127 890 ad
1150 849 1349 891 communem
1367 850 1505 892 mensam

241 936 382 1007 fratrum,
406 954 477 997 cum
501 939 587 1012 prius
611 932 718 1014 (talem
742 929 894 1013 mensam)
917 939 947 994 in
972 939 1190 996 communione
1212 954 1273 997 non
1297 940 1454 1008 haberent,
1477 948 1506 997 et

239 1058 295 1100 nos
319 1043 439 1102 adhoc
463 1044 567 1102 modis
591 1045 736 1102 omnibus
752 1044 933 1101 hanelamus
949 1050 978 1101 et
1002 1021 1198 1114 intendimus,
1216 1044 1300 1117 quod
1324 1051 1354 1102 et
1377 1045 1506 1102 domum

238 1155 268 1206 et
291 1150 408 1207 curiam
432 1156 462 1207 et
486 1165 624 1207 mensam
650 1164 847 1206 communem
871 1127 1005 1207 habeant
1036 1156 1066 1206 et
1097 1151 1266 1208 honestam.
1291 1150 1504 1223 Quamobrem

239 1249 280 1331 (et
302 1249 420 1332 aream)
443 1257 578 1313 vicinam
601 1256 729 1312 ecclesie
752 1271 789 1311 ex
815 1261 901 1329 parte
930 1257 1159 1328 septemtrionis
1187 1272 1257 1313 cum
1281 1257 1397 1330 piscina
1421 1258 1505 1314 iuxta

239 1361 368 1419 eandem
392 1363 539 1420 existente
561 1361 704 1419 dedimus
729 1363 943 1420 communitati
958 1378 1075 1434 eorum,
1092 1378 1162 1420 cum
1179 1365 1277 1421 eciam
1295 1365 1381 1437 pn'us
1397 1379 1505 1421 eorum

239 1466 331 1525 fuerit
354 1484 371 1524 a
394 1467 576 1526 fundacione
600 1468 735 1535 ecclesie,
759 1462 897 1545 (seseque
921 1462 973 1543 ad)
996 1467 1112 1525 ibidem
1136 1469 1274 1542 paranda
1297 1469 1441 1527 hedificia
1465 1469 1504 1527 ad

239 1589 419 1633 communes
442 1591 515 1632 usus
539 1572 670 1632 fratrum
703 1575 909 1647 promissione
939 1580 1107 1647 spontanea
1139 1575 1320 1648 obligantes.
1345 1575 1430 1646 Item,
1454 1566 1506 1632 de·

238 1682 335 1738 cimas
357 1681 571 1754 zagrabienses
594 1683 672 1738 sicut
695 1686 902 1738 antecessores
925 1682 1021 1739 nostri
1046 1679 1254 1754 possederant,
1278 1681 1421 1739 dedimus
1438 1683 1504 1756 ple·

237 1789 323 1844 narie
346 1782 429 1863 (curn
453 1779 610 1862 omnibus)
634 1787 768 1854 minutis,
792 1788 879 1858 agnis
902 1785 1057 1856 videlicet,
1079 1786 1174 1843 melle
1197 1793 1226 1843 et
1249 1802 1328 1856 cera,
1353 1787 1433 1856 linis,
1450 1804 1505 1845 nu-

238 1893 335 1964 cibus,
359 1892 440 1953 fabis
464 1898 494 1950 et
518 1893 663 1950 omnibus
686 1907 880 1965 quecumque
910 1893 1010 1949 solent
1041 1891 1197 1960 decimari,
1221 1893 1347 1949 retentis
1369 1898 1505 1949 tantum-

239 1999 332 2057 modo
356 2016 394 2058 ex
417 2000 481 2060 illis
503 2000 593 2057 nobis
617 1999 716 2056 tribus
726 1998 882 2063 ,millibus
905 2005 934 2055 et
956 1999 1130 2070 quingentis
1146 1998 1269 2055 cubulis
1290 1998 1354 2055 vini
1371 2004 1402 2055 et
1418 1999 1505 2071 quin·

237 2107 337 2178 gentis
361 2106 584 2179 quinquaginta
606 2105 739 2176 capeciis
762 2110 792 2161 et
812 2105 942 2162 secentis
965 2104 1098 2176 gallinis.
1122 2105 1150 2160 A
1177 2102 1384 2162 decimacione
1401 2113 1504 2161 autem

238 2215 377 2286 ipsorum
402 2212 520 2284 Vgram
551 2217 580 2268 et
609 2211 742 2268 Casnam
772 2211 960 2282 excepimus,
991 2210 1030 2266 ad
1056 2216 1198 2267 nostrum
1221 2210 1384 2268 cellarium
1407 2225 1504 2266 reser-

238 2325 353 2377 vantes.
378 2318 544 2376 Pecuniam
568 2318 674 2387 eciam,
698 2331 792 2389 quam
816 2315 1019 2374 decimatores
1042 2316 1255 2389 zagrahienses
1278 2317 1390 2372 nostris
1414 2316 1504 2373 mini-

237 2425 414 2485 sterialibus
438 2423 617 2498 persolvere
640 2429 870 2490 consveverant,
896 2421 1039 2479 videlicet
1062 2421 1139 2478 duas
1162 2436 1282 2478 marcas
1305 2428 1335 2478 et
1351 2419 1503 2478 fertonem

237 2532 316 2589 inter
339 2537 447 2601 totum,
471 2545 567 2603 quum
591 2545 629 2586 ex
653 2535 758 2585 nostra
781 2527 978 2584 ordinacione
1001 2528 1058 2585 hec
1073 2525 1262 2584 consvetudo
1282 2527 1433 2598 originem
1451 2526 1503 2583 ha·

238 2636 355 2705 buerat,
378 2637 555 2695 remisimus
578 2634 707 2708 penitus,
732 2632 845 2690 amodo
868 2647 905 2689 ne
934 2632 1120 2705 persolvant.
1151 2630 1237 2701 Item,
1263 2646 1360 2703 quum
1384 2629 1421 2686 ad
1446 2631 1504 2687 im-

238 2742 422 2799 munitatem
445 2740 572 2798 ecclesie
595 2745 625 2796 et
648 2737 688 2795 ad
712 2737 855 2796 decorem
879 2737 991 2794 domus
1014 2736 1131 2795 domini
1148 2743 1178 2794 et
1196 2735 1236 2793 ad
1252 2735 1383 2793 fratrum
1410 2736 1503 2793 liber-

237 2849 332 2903 tatem
355 2844 598 2909 conservandam
621 2843 680 2902 deo
696 2848 771 2901 teste
787 2843 973 2901 intendimus
990 2843 1074 2900 omni
1094 2841 1197 2912 modo,
1213 2842 1291 2899 sicut
1307 2848 1336 2898 et
1353 2848 1502 2910 tenemur,

238 2950 434 3011 concedimus
457 2959 486 3009 et
509 2952 680 3020 statuimus,
704 2956 739 3007 ut
768 2948 932 3021 dignitates
964 2949 1091 3007 ecclesie
1119 2948 1326 3021 zagrabiensis
1349 2939 1502 3004 canonicis

237 3057 469 3115 chasmensibus
492 3071 549 3129 per
571 3071 626 3114 nos
658 3056 709 3112 vel
740 3070 797 3128 per
828 3061 949 3112 nostros
979 3069 1170 3111 successores
1199 3053 1375 3110 nullatenus
1399 3050 1501 3109 conf·

237 3168 351 3219 rantur.
376 3162 461 3233 item,
485 3162 596 3219 fratres
619 3163 715 3219 nostri
739 3160 940 3218 decendentes
963 3161 1088 3234 plenam
1111 3160 1244 3216 habeant
1262 3157 1441 3214 facultatem
1464 3157 1502 3214 de

239 3269 333 3325 rebus
356 3270 419 3326 suis
442 3267 642 3341 disponendi;
665 3269 690 3325 si
714 3282 789 3325 vero
814 3267 948 3324 intestati
971 3266 1164 3336 decesserint,
1189 3266 1227 3321 nd
1245 3280 1354 3322 manus
1371 3264 1502 3320 fratrum

238 3374 376 3447 plenarie
399 3383 429 3431 et
453 3374 589 3431 totaliter
605 3373 819 3442 devolvantur,
836 3388 891 3430 nec
907 3386 963 3429 nos
979 3372 1030 3428 vel
1047 3386 1237 3429 successores
1253 3372 1349 3427 nostri
1366 3369 1404 3426 de
1421 3371 1502 3443 ipso·

237 3495 308 3536 rum
332 3481 462 3553 pecunia
485 3481 537 3537 vel
559 3480 653 3537 rebus
670 3480 919 3551 quibuscumque
935 3476 1053 3550 aliquid
1072 3478 1227 3550 possimus
1251 3483 1434 3548 extorquere
1451 3476 1500 3532 vel

238 3585 359 3643 habere.
378 3585 520 3643 Preterea
538 3600 631 3659 super
648 3585 783 3657 populos
799 3583 929 3642 fratrum
946 3592 1125 3641 nostrorum
1147 3581 1351 3641 descendendi
1368 3589 1501 3654 potesta-

238 3697 302 3748 tem
313 3706 374 3748 non
390 3692 549 3761 habemus,
559 3706 657 3764 quum
673 3707 728 3747 nec
739 3689 972 3763 predecessores
988 3690 1084 3746 nostri
1096 3705 1190 3763 super
1204 3704 1256 3746 eos
1270 3687 1501 3756 descenderunt,

237 3811 336 3869 neque
351 3812 406 3854 nos
423 3796 552 3854 ulterius
567 3795 796 3854 descendemus.
814 3796 878 3852 Hec
894 3804 998 3852 autem
1014 3795 1117 3852 omnia
1133 3793 1248 3852 idcirco
1264 3794 1439 3851 studuimus
1453 3808 1501 3850 or-

237 3900 352 3970 dinare,
369 3909 399 3959 et
415 3902 506 3960 dante
522 3902 649 3959 domino
665 3900 878 3958 adordinnnda
894 3901 1088 3958 studebimus
1104 3900 1267 3974 ampliora,
1285 3915 1382 3971 quum
1407 3899 1500 3956 nichil

236 4007 275 4066 de
295 4009 353 4066 hiis
370 4009 531 4083 provisum
547 4009 693 4065 hactenus
709 4007 817 4078 fuerat,
834 4010 890 4065 hec
905 4007 1045 4078 neglecta
1066 4013 1152 4063 erant
1168 4008 1290 4078 penitus
1315 4021 1412 4077 usque
1429 4020 1497 4078 pre-

237 4129 313 4171 sens.
338 4114 379 4172 Ut
403 4120 505 4170 autem
530 4114 706 4187 supradicta
723 4114 827 4170 omnia
850 4114 928 4170 iuste
952 4123 980 4169 et
1006 4114 1054 4186 pie
1077 4129 1131 4185 per
1147 4128 1202 4169 nos
1219 4112 1359 4169 ordinata
1376 4110 1498 4168 irrefra-

237 4220 366 4292 gibilem
391 4229 421 4276 et
443 4231 627 4292 perpetuam
653 4220 785 4276 habeant
809 4219 988 4276 firmitatem
1010 4219 1048 4275 ad
1070 4219 1254 4292 peticionem
1278 4217 1351 4274 dicti
1369 4217 1498 4289 capituli

238 4337 411 4399 presentem
429 4325 614 4383 indulsimus
631 4326 777 4398 paginam
795 4326 890 4397 sigilli
907 4326 1002 4382 nostri
1020 4325 1189 4381 munimine
1206 4326 1392 4381 roboratam.
1413 4325 1499 4379 rinno

238 4432 458 4489 incarnacionis
481 4431 634 4488 dominice
659 4430 895 4488 thCXXXVll.
914 4430 1111 4487 Pontificatus
1128 4431 1224 4487 nostri
1247 4445 1326 4485 anno
1350 4419 1499 4485 dccim0.¹

327 4584 466 4650 Originale
487 4585 513 4634 in
538 4586 696 4641 membrana,
721 4584 841 4650 sigillum
866 4583 989 4649 deperiit.
1013 4582 1042 4633 In
1068 4583 1138 4632 arch.
1163 4598 1217 4647 cap.
1246 4583 1350 4646 zagrab.
1379 4580 1439 4630 fasc.
1460 4590 1500 4639 23.

237 4690 276 4725 nr.
296 4676 337 4734 30.
355 4703 389 4712 -
407 4675 481 4740 Joan.
502 4672 616 4724 Tinde.
637 4672 707 4723 Mon.
726 4673 786 4724 hist.
806 4673 884 4739 episc.
904 4674 1009 4739 zagrab.
1029 4674 1080 4725 vol.
1101 4672 1120 4721 Ι.
1141 4688 1165 4737 p.
1187 4674 1226 4727 76.

281 4796 289 4828 ¹
308 4797 420 4847 rectius:
439 4797 604 4848 duodecimo.
