3488 5242
677 328 752 389 Dec.
775 323 847 406 198.
873 364 909 373 -
927 331 984 391 An.
1009 343 1099 410 1344.
1463 347 1520 404 177

253 528 373 588 mentis.
405 528 518 599 quibus
549 544 581 585 se
609 534 792 586 excusarent
822 544 840 586 a
870 529 1026 588 solucione
1059 531 1301 588 marturinarum
1336 537 1523 601 nostrarum,

254 647 359 690 coram
391 633 483 690 nobis
514 634 566 690 vel
595 635 679 691 vices
708 642 829 692 nostras
859 637 978 708 gerenti
1001 635 1133 693 debeant
1156 651 1345 709 comparere,
1370 635 1524 693 reddituri

254 739 411 796 racionem
443 738 480 795 de
500 738 617 796 eodem.
647 740 761 798 Datum
793 740 951 813 Zagrabie,
979 742 1010 798 in
1034 740 1111 799 festo
1135 742 1231 798 sancti
1256 742 1379 799 Martini
1402 739 1522 799 contes-

253 846 338 902 soris.
366 847 455 901 Anno
478 844 595 902 domini
620 846 788 903 millesimo
812 845 946 904 CCCXL
968 853 1087 918 quarto

341 997 363 1047 E
383 1003 548 1063 transumpto
567 997 678 1063 capituli
697 1000 810 1064 zagrab,
830 1001 901 1063 quod
920 1015 988 1050 anno
1004 1001 1096 1049 eodem
1117 1000 1211 1066 „probi
1231 1005 1257 1050 et
1275 999 1378 1050 honesti
1397 997 1449 1049 viri
1471 999 1520 1047 Ra·

252 1085 302 1135 lael
324 1086 435 1135 Latinus
454 1092 480 1136 et
498 1087 613 1152 Jacobus
632 1086 698 1137 civis
717 1087 856 1137 Grecensis
875 1103 924 1152 pro
943 1103 970 1137 se
989 1093 1015 1137 et
1034 1087 1094 1137 aliis
1108 1088 1226 1154 ipsorum
1246 1088 1400 1146 consociis“,
1427 1086 1523 1137 confici

251 1180 417 1231 curaverunt,
438 1174 538 1239 scripto
557 1175 584 1224 in
603 1175 702 1231 charta,
721 1175 830 1225 cuiusa
856 1181 931 1240 tergo
950 1183 1061 1242 apparet
1087 1176 1228 1242 vestigium
1254 1176 1338 1242 sigilli
1358 1174 1521 1241 capitularis.

251 1262 343 1312 Edidit
363 1263 423 1327 (sed
441 1262 546 1312 initium
566 1265 681 1328 tautum)
695 1261 784 1328 Fejer:
798 1264 862 1315 Cod.
883 1265 948 1330 dipl.
971 1264 1048 1329 regni
1067 1265 1221 1331 Hungariae
1240 1271 1302 1315 tom.
1322 1264 1371 1314 IX.
1386 1279 1445 1330 pag.
1462 1272 1521 1322 555.

252 1351 328 1402 Unde
347 1352 421 1417 Joan.
441 1351 616 1417 Kukuljevie:
638 1354 704 1417 Jura
723 1353 799 1417 regni
813 1353 901 1403 Croat.
922 1355 1026 1403 Slavon.
1047 1358 1072 1403 et
1091 1353 1176 1403 Dalm.
1197 1359 1258 1404 tom.
1279 1353 1298 1402 1.
1318 1369 1343 1418 p.
1360 1362 1416 1402 110.
1431 1355 1454 1401 Α
1467 1367 1520 1415 quo

249 1439 278 1487 B.
299 1424 387 1489 bulek.
407 1440 474 1489 Naie
493 1440 608 1505 pravice,
628 1456 652 1505 p.
671 1450 712 1502 41.
733 1440 869 1506 integrum
889 1457 953 1490 vero
976 1441 1064 1506 primo
1084 1442 1157 1508 typis
1175 1441 1296 1508 vulgavit
1314 1443 1389 1506 Joan.
1403 1439 1519 1490 Tkalcie.

250 1528 354 1577 Starine
374 1527 434 1577 libr.
455 1527 513 1577 v11.
533 1544 558 1593 p.
579 1538 619 1577 20.
645 1528 676 1578 In
695 1529 765 1579 arch.
785 1529 859 1594 regni
881 1529 954 1579 CSD.
977 1529 1124 1593 Zagrabiae
1143 1530 1174 1578 Ν.
1194 1530 1224 1578 R.
1245 1532 1275 1579 A.
1296 1529 1356 1579 fasc.
1377 1539 1417 1589 34.
1438 1543 1477 1577 ur.
1497 1537 1520 1586 3.

337 1616 493 1666 Monetae
520 1616 762 1681 zagrabiensis
790 1633 835 1666 seu
865 1617 1037 1666 denariorum
1064 1617 1274 1683 zagrabiensium
1303 1619 1345 1666 vel
1375 1615 1521 1682 Zagrabiae

254 1719 377 1754 cusorum
398 1705 483 1770 prima
505 1705 602 1755 mentio
622 1704 651 1754 fit
670 1719 710 1754 an.
743 1706 816 1755 1266.
837 1711 941 1770 etpost
961 1705 1131 1756 haecaunis:
1159 1707 1232 1757 1268.
1256 1707 1329 1769 1269.
1354 1714 1426 1760 1270.
1449 1706 1523 1759 1278.

254 1801 330 1855 1279.
364 1795 436 1852 1285.
461 1803 534 1856 1299.
565 1792 643 1843 vide:
671 1795 745 1858 Joan.
766 1793 882 1843 Thateis.
911 1794 980 1844 Mon.
1009 1793 1069 1844 hist.
1089 1795 1168 1860 episc.
1190 1795 1293 1860 zagrab.
1318 1801 1379 1845 tom.
1400 1794 1418 1844 1.
1440 1793 1465 1842 in
1488 1793 1524 1842 iu·

251 1883 310 1932 dice
331 1884 363 1931 ad
384 1898 487 1933 vocem:
506 1882 608 1931 denarii
628 1883 817 1946 zagrabienses.
865 1892 866 1895 ’

843 2132 929 2198 198.

360 2275 435 2322 Anno
458 2282 531 2333 1344,
554 2282 592 2321 12.
613 2271 770 2322 novembris.
791 2271 928 2322 Avinione.

258 2400 382 2456 Clemens
408 2400 453 2455 W
472 2408 555 2472 papa
578 2399 708 2465 contraiit,
733 2407 767 2456 ut
779 2399 859 2474 festo
881 2418 915 2456 ss.
940 2418 1038 2472 regum
1055 2398 1203 2472 Stephani,
1227 2400 1364 2456 ladislai
1384 2408 1412 2457 et
1433 2399 1520 2458 Eme·

253 2506 309 2562 rici
329 2506 407 2561 ducii
431 2507 461 2560 ia
484 2505 545 2561 acri.
568 2505 731 2562 cathedrali
750 2505 866 2576 aagrab.
883 2505 1077 2578 radulfflrnhhe
1100 2506 1185 2562 anim
1201 2507 1275 2561 anm'
1295 2514 1323 2562 et
1343 2519 1386 2582 40
1409 2505 1523 2562 di'erum

770 2613 998 2685 promulgentur.

341 2772 485 2829 Clemens
508 2773 802 2846 episcopusservus
833 2788 996 2829 servornm
1026 2772 1083 2829 dei.
1116 2772 1274 2830 Universis
1301 2771 1416 2829 Christi
1440 2772 1516 2829 fide·

255 2880 338 2936 libus
362 2885 518 2950 presentes
549 2879 666 2934 litteras
697 2878 889 2951 inspecturis,
924 2879 1057 2935 salutem
1088 2885 1117 2935 et
1148 2878 1352 2951 apostolicam
1377 2878 1519 2936 benedic·

257 2987 385 3042 cionem.
404 2983 558 3057 Splendor
583 2991 709 3056 paterne
732 2985 838 3056 glorie,
863 2984 915 3057 qui
939 3001 994 3041 sua
1018 2984 1168 3041 mundum
1193 2984 1349 3042 illuminat
1370 2985 1523 3043 ineffabili

255 3093 403 3152 claritate.
429 3093 480 3163 pia
505 3097 576 3147 vota
601 3090 740 3147 fidelium
765 3091 803 3147 de
828 3091 1068 3147 clementissima
1092 3092 1187 3164 ipsius
1213 3091 1371 3147 maiestate
1395 3106 1520 3164 speran-

257 3199 339 3253 cium
364 3204 435 3252 tunc
458 3197 605 3268 precipue
630 3197 763 3268 benigno
788 3196 894 3252 favore
918 3197 1125 3269 prosequitur,
1149 3210 1220 3252 cum
1244 3195 1356 3253 devota
1378 3197 1519 3269 ipsorum

257 3303 417 3359 humilitas
440 3310 616 3358 sanctorum
642 3303 785 3375 precibus
817 3309 847 3359 et
877 3303 995 3358 meritis
1025 3301 1197 3358 adiuvatur.
1229 3300 1395 3374 Cupientes
1422 3303 1525 3373 igitur,

259 3416 292 3465 ut
316 3409 444 3465 ecclesia
467 3409 683 3479 zagrabiensis
707 3425 767 3480 que
791 3410 820 3466 in
845 3408 995 3465 honorem
1026 3408 1122 3464 sancti
1154 3406 1302 3480 Stephani
1330 3408 1522 3476 confessoris,

261 3513 391 3571 condam
415 3515 495 3586 regis
519 3514 685 3585 Hungarie,
709 3515 845 3571 noscitur
868 3529 933 3570 esse
958 3513 1092 3582 lundata,
1115 3514 1259 3585 congruis
1279 3513 1450 3570 honoribus
1466 3513 1525 3571 ire·

261 3627 424 3692 quentetur
459 3626 487 3676 et
512 3627 543 3676 ut
568 3620 682 3676 Christi
707 3619 814 3676 fideles
838 3635 874 3676 eo
898 3619 1049 3675 libencius
1064 3633 1155 3675 causa
1171 3617 1348 3675 devocionis
1372 3617 1528 3676 confluant

261 3725 297 3782 ad
323 3725 460 3794 eandem,
485 3740 547 3797 quo
571 3725 688 3782 ibidem
711 3725 864 3782 uberioris
887 3724 969 3781 dono
992 3724 1113 3780 celestis
1136 3725 1238 3795 gracie
1261 3725 1477 3796 conspexerint
1493 3741 1526 3782 se

260 3832 399 3901 reiectos,
423 3831 461 3888 de
485 3832 704 3904 omnipotentis
728 3831 777 3887 dei
802 3830 1012 3887 misericordia
1036 3837 1064 3886 et
1089 3831 1251 3887 beatorum
1277 3829 1358 3887 Petri
1382 3837 1412 3887 et
1437 3830 1525 3888 Pauli

260 3939 472 4011 apostolorum
498 3939 562 3993 eius
585 3938 766 3993 auctoritate
790 3936 897 3993 confisi
924 3936 1069 3992 omnibus
1091 3951 1162 3992 vere
1183 3936 1393 4009 penitentibus
1409 3943 1438 3994 et
1455 3951 1526 3994 con·

260 4043 355 4105 fessis.
380 4045 432 4115 qui
458 4045 486 4099 in
513 4042 586 4099 dicti
608 4043 702 4099 sancti
727 4042 873 4116 Stephani
898 4048 928 4098 et
951 4041 1085 4097 aliorum
1109 4040 1242 4097 duorum
1266 4041 1398 4098 condam
1414 4057 1524 4112 regum

261 4150 425 4220 Hungarie,
443 4147 587 4205 videlicet
604 4155 780 4205 sanctorum
798 4146 933 4204 Ladizlai
950 4154 979 4202 et
996 4147 1127 4203 Emerici
1152 4145 1379 4217 festivitatibus
1396 4147 1526 4205 eandem

260 4254 421 4310 ecclesiam
445 4254 556 4310 devote
588 4255 779 4310 visitaverint
810 4255 977 4320 annuatim,
1001 4268 1097 4309 unum
1129 4256 1243 4309 annum
1268 4261 1297 4309 et
1321 4252 1525 4325 quadraginta

260 4360 324 4416 dies
360 4361 397 4416 de
422 4361 562 4417 iniunctis
591 4361 634 4416 eis
666 4360 843 4432 penitenciis
873 4359 1003 4430 singulis
1035 4358 1179 4415 videlicet
1202 4358 1383 4416 earumdem
1408 4358 1526 4418 testivi-

259 4474 358 4523 tatum
382 4466 491 4523 diebus
515 4467 629 4538 quibus
652 4466 813 4522 ecclesiam
841 4466 941 4539 ipsam
967 4465 1167 4534 visitaverint,
1191 4463 1432 4522 misericorditer
1448 4466 1526 4524 rela-

260 4587 381 4628 xamus,
408 4572 524 4628 Datum
549 4572 709 4639 Avinione‚
734 4570 869 4627 secundo
892 4569 971 4641 ydus
994 4570 1182 4627 novembris.
1209 4569 1408 4628 Pontificatus
1431 4573 1529 4628 nostri

258 4692 337 4735 anno
361 4676 501 4735 secundo¹

348 4795 369 4843 E
388 4794 460 4844 libro
480 4796 606 4845 Statutor.
627 4809 682 4859 cap.
702 4795 806 4860 zagrab.
825 4794 899 4873 Joan.
920 4791 1036 4843 thalete.
1057 4791 1126 4842 Mon.
1144 4791 1205 4873 bist.
1224 4792 1303 4856 episc.
1323 4807 1348 4841 v.
1367 4790 1400 4841 11.
1420 4806 1447 4856 p.
1467 4799 1525 4851 103.
1569 4861 1573 4867 .

1388 4905 1419 4947 12
