3488 5242
428 345 500 402 Doc.
526 357 599 419 192.
625 355 786 419 193.194.
813 374 850 382 -
877 342 933 398 An.
957 353 1173 419 1343-1344.
1436 337 1495 413 169

232 546 325 604 sentis
348 546 455 618 scripti
479 542 650 618 patrocinio
673 542 795 614 exigere
811 540 1039 599 confirmamus.
1055 540 1181 610 Datum,
1198 539 1276 610 loco,
1293 536 1343 594 die
1359 543 1388 594 et
1408 550 1496 605 anno,

231 651 423 725 supradictis.

319 765 459 832 Originale
479 767 505 817 in
524 765 683 823 membrana,
700 764 727 815 in
745 763 855 814 archivo
874 762 989 814 civitatis
1008 763 1121 828 zagrab,
1142 777 1174 810 cx
1194 759 1369 811 foraminibus
1387 763 1498 823 apparet

230 856 350 920 sigillum
370 872 401 905 ex
423 871 453 905 ea
472 854 634 920 pependisse.

825 995 908 1060 192.

337 1141 410 1188 Anno
433 1148 506 1198 1343,
527 1147 567 1195 25.
588 1136 709 1200 Augusti.
729 1137 808 1200 Apud
829 1135 928 1184 Villam
947 1149 1049 1184 nouam.

318 1269 449 1325 ltartino
473 1268 610 1336 Wellini,
627 1268 773 1324 canonico
790 1266 993 1338 strigoniensi,
1010 1280 1026 1320 a
1046 1262 1190 1338 pontifice
1207 1262 1367 1319 Clemente
1383 1261 1432 1317 Vl.
1450 1262 1494 1319 in-

233 1376 386 1447 dulgetur,
412 1382 444 1431 ut
460 1376 491 1431 in
508 1375 580 1431 cccl.
597 1374 718 1445 zagrab.
735 1373 948 1431 canonicatum
966 1378 995 1429 et
1016 1369 1225 1445 praebendam
1247 1369 1376 1425 retinere
1389 1367 1493 1441 possit.

320 1495 348 1541 Α,
364 1492 485 1541 Theincr.
505 1492 575 1541 Mon.
590 1493 678 1556 Hung.
692 1490 751 1541 hist.
769 1491 788 1540 1.
809 1507 833 1556 p.
847 1491 906 1539 662.

823 1686 906 1752 193.

337 1833 413 1879 rinno
435 1839 508 1890 1343,
533 1831 570 1878 18.
590 1827 753 1893 septembris.
775 1829 852 1893 Apud
873 1827 972 1876 Villam
990 1842 1092 1876 novam.

321 1960 409 2016 l'etro
444 1959 531 2015 Pauli
567 1957 604 2014 de
640 1958 790 2027 Dubicha‚
826 1959 938 2016 clerico
972 1957 1161 2029 zagrabiensi
1194 1972 1211 2013 a
1246 1953 1391 2028 pontifice
1426 1952 1495 2008 Cle·

231 2072 332 2122 mente
355 2066 404 2122 Vl.
430 2062 613 2121 beneficium
638 2064 879 2121 ecclesiasticum
903 2064 1037 2137 simplex
1061 2061 1225 2119 confertur.

318 2184 348 2231 Α.
369 2182 490 2231 Theiner.
511 2182 580 2231 Mon.
600 2182 688 2247 llung.
709 2180 768 2232 hist.
788 2182 807 2231 1.
827 2197 852 2246 p.
871 2182 930 2231 662.

820 2379 906 2445 194.
982 2399 990 2413 ·

337 2503 412 2550 Anno
436 2511 507 2562 1344.
532 2503 567 2550 18.
589 2501 725 2551 februarii.
746 2504 776 2552 ln
793 2502 931 2569 Visegrad.

259 2629 416 2686 Gincordia
440 2632 514 2686 r'uter
539 2630 692 2686 malausa
715 2631 821 2687 barium
844 2639 871 2687 et
892 2633 1043 2704 rrrirgistros
1067 2630 1248 2704 Stephanum
1276 2637 1362 2704 atque
1383 2630 1473 2697 Altus,

328 2736 410 2808 filias
433 2736 503 2792 bam
525 2736 621 2793 Mikr'c‘
638 2737 672 2793 dc
693 2737 861 2810 quibusdum
879 2737 1101 2810 possessionibus
1122 2744 1218 2793 anulus
1241 2736 1394 2793 reddendis.

319 2880 381 2937 Nos
407 2881 550 2937 Nicolaus
574 2883 660 2954 regni
683 2882 839 2955 Hungarie
863 2883 1018 2955 palatinus
1040 2891 1069 2938 et
1093 2881 1185 2939 iudex
1209 2881 1428 2949 Cumanorum,
1460 2895 1496 2937 ac

232 2985 405 3061 Stephanus
422 2988 569 3058 magister
586 2988 822 3045 lawarnicorum
843 2989 1022 3046 excellentis
1039 2988 1187 3066 principis
1203 2987 1321 3044 domini
1337 2986 1495 3056 Ludouici,

231 3093 280 3149 dei
303 3094 406 3164 gracia
432 3093 562 3149 illustris
586 3094 667 3165 regis
690 3094 856 3166 Hungarie‚
880 3110 984 3151 comes
1007 3094 1098 3150 castri
1124 3093 1214 3151 ferrei
1230 3100 1260 3150 et
1275 3093 1493 3166 supruniensis.

231 3200 378 3255 blemorie
402 3198 652 3256 commendantes
676 3199 885 3271 significamus
910 3206 1013 3257 tenore
1031 3200 1223 3273 presencium
1240 3198 1354 3271 quibus
1370 3196 1495 3271 expedit

233 3305 392 3375 universis,
416 3305 498 3376 quod
531 3321 603 3361 cum
633 3321 688 3363 nos
716 3321 847 3362 unacum
872 3306 1027 3378 magistris
1048 3307 1196 3387 Johanne,
1220 3305 1287 3362 filio
1310 3304 1423 3376 Gyleti,
1445 3318 1495 3360 co·

231 3411 304 3466 mite
328 3409 365 3467 de
389 3410 544 3481 Thuruch,
568 3411 707 3483 Chylrow
739 3411 907 3469 castellano
930 3411 969 3468 de
1000 3412 1146 3483 Feyerkw
1171 3417 1201 3469 et
1223 3410 1262 3469 de
1286 3411 1494 3483 Kereztirzegh

231 3524 259 3571 et
284 3515 410 3586 Chenylr
434 3516 472 3573 de
495 3516 596 3587 Vgud,
620 3518 732 3575 comite
756 3519 987 3591 wesprimiensi‚
1011 3534 1046 3574 ac
1062 3518 1132 3575 aliis
1147 3517 1389 3591 quampluribus
1408 3517 1494 3589 regni

231 3621 389 3677 nobilibus
422 3621 459 3678 de
491 3622 617 3695 speciali
651 3630 797 3696 precepto
829 3622 966 3696 predicte
997 3625 1080 3696 regie
1103 3624 1270 3680 maiestatis
1293 3622 1332 3680 ad
1357 3623 1441 3695 pacis
1464 3629 1494 3680 et

230 3726 392 3783 concordie
424 3729 568 3784 unionem
600 3729 677 3785 inter
710 3729 908 3800 magnificum
938 3729 1041 3786 virum
1069 3729 1231 3786 Nicolaum
1257 3730 1372 3786 banum
1396 3729 1493 3786 tocius

231 3831 393 3889 Sclauonie
416 3834 456 3889 ab
480 3850 540 3890 una
564 3842 592 3890 et
618 3836 782 3905 magistros
806 3834 998 3908 Stephanum
1022 3842 1050 3892 et
1074 3835 1168 3905 AkuS,
1185 3835 1267 3892 filios
1285 3835 1395 3907 Mykch
1412 3835 1493 3906 bani,

231 3938 366 3995 eiusdem
400 3940 496 4011 partis
527 3940 624 3996 tocius
655 3939 825 4011 Sclauonie,
856 3942 926 3998 aule
957 3943 1040 4014 regic
1075 3942 1197 4012 milites,
1222 3949 1309 4015 parte
1333 3942 1373 3998 ab
1396 3941 1495 3998 altera

233 4043 403 4100 faciendam
434 4045 627 4115 sedissemus,
659 4046 779 4119 prefato
802 4046 931 4105 Nicolao
955 4049 1035 4104 bano
1059 4049 1099 4104 ab
1124 4065 1183 4105 una
1206 4057 1235 4104 et
1260 4047 1405 4121 predictis
1429 4065 1493 4106 ma·

231 4151 333 4220 gistris
357 4149 513 4222 Stephano
537 4160 565 4208 et
591 4151 684 4223 Alius,
713 4152 787 4209 filiis
811 4153 967 4225 quondam
992 4154 1103 4225 llykch
1129 4154 1200 4211 bani
1223 4160 1311 4228 parte
1333 4155 1374 4211 ab
1397 4156 1494 4212 altera

232 4271 335 4312 coram
361 4257 449 4313 nobis
474 4259 609 4330 propriis
632 4274 739 4315 eorum
764 4260 793 4316 in
818 4262 957 4332 personis
980 4261 1160 4330 constitutis,
1185 4262 1378 4334 propositum
1395 4263 1495 4320 extitit

232 4377 287 4433 per
320 4363 444 4418 eosdem
476 4365 681 4421 communiter
712 4374 742 4421 et
765 4367 897 4422 relatum
923 4368 1092 4425 ministerio
1115 4368 1187 4424 vive
1210 4368 1304 4438 vocis
1328 4368 1410 4440 quod
1435 4369 1494 4442 ipsi

232 4483 325 4538 super
357 4469 502 4525 omnibus
533 4470 640 4540 causis,
674 4470 801 4541 iniuriis,
836 4471 988 4545 dampnis,
1023 4474 1214 4531 nocumentis
1247 4480 1276 4530 et
1311 4474 1495 4545 generaliter

231 4574 423 4645 quibuslibet
440 4574 664 4633 maleficiorum
681 4578 853 4648 generibus,
866 4594 983 4637 necnon
996 4580 1254 4652 occupacionibus
1266 4581 1494 4653 possessionum

232 4681 261 4736 in
286 4678 368 4736 dicto
393 4680 506 4737 banatu
530 4682 730 4739 existencium
754 4699 773 4740 a
796 4688 936 4757 tempore
959 4701 1021 4758 quo
1044 4685 1144 4742 dictus
1160 4684 1305 4743 domiuus
1320 4692 1423 4744 noster
1440 4702 1494 4745 rex

231 4784 371 4858 predicto
395 4786 510 4844 honore
534 4788 664 4845 banatus
684 4789 787 4862 ipsum
804 4789 966 4848 dominum
982 4789 1147 4848 Nicolaum
1163 4792 1280 4848 barrum
1296 4791 1495 4851 sublimasset
