3488 5242
667 349 739 404 Dor.
762 360 834 421 290.
862 382 897 391 -
925 346 1098 427 An.1380.
1454 367 1513 422 277

249 546 471 616 dehonestavit,
507 547 635 619 ipseque
669 545 835 619 Philippus
869 547 988 606 ibidem
1023 548 1151 607 astando
1185 565 1224 605 ex
1259 554 1347 622 parte
1376 549 1515 606 eiusdem

249 651 371 723 Reynar
402 666 496 724 super
527 652 594 724 ipsa
627 652 857 725 vituperacione
888 653 948 711 sibi
979 654 1128 713 iudicium
1151 661 1181 711 et
1204 655 1355 712 iusticiam
1382 671 1437 727 per
1459 670 1515 712 nos

248 757 390 830 inpertiri
420 757 618 830 postulabat;
649 772 707 830 pro
737 772 774 814 eo
804 773 860 815 nos
891 775 1023 817 unacum
1056 759 1202 833 predictis
1236 760 1323 832 regni
1346 762 1516 818 baronibus

249 868 445 934 prenotatam
469 862 591 934 Reynar
614 869 720 920 contra
742 865 971 923 mencionatum
996 866 1176 939 Philippum
1200 867 1231 923 in
1255 843 1323 922 uno¹
1340 865 1453 923 iudicio
1470 883 1517 923 re·

248 968 312 1040 gali
343 984 397 1025 sex
429 983 605 1025 marcarum
637 970 814 1027 convictum
844 970 911 1029 fore
942 972 1140 1030 decernentes
1174 972 1396 1041 commisimus
1432 971 1516 1044 quod

250 1074 406 1147 predictus
437 1074 560 1147 Reynar
585 1074 759 1148 predictum
790 1076 938 1135 iudicium
970 1080 1075 1151 regale
1097 1095 1151 1136 sex
1175 1094 1350 1136 marcarum
1374 1079 1463 1135 nobis
1487 1084 1517 1135 et

249 1181 331 1254 parti
354 1179 485 1238 adverse
509 1181 538 1238 in
562 1181 701 1238 eiusdem
725 1184 842 1240 octavis
859 1182 928 1241 festi
945 1185 1027 1242 beati
1043 1183 1169 1257 Georgii
1186 1184 1322 1241 martiris
1339 1184 1517 1257 persolvere

249 1293 403 1356 teneatur;
439 1287 580 1359 partibus
612 1302 688 1344 vero
718 1288 904 1361 supradictis
939 1306 1031 1347 causa
1062 1291 1092 1347 in
1125 1290 1277 1363 premissa
1311 1288 1518 1347 concordandi

250 1394 382 1450 liberam
413 1394 577 1451 annuimus
601 1392 788 1466 facultatem,
827 1394 999 1452 dummodo
1034 1411 1090 1453 nos
1113 1395 1152 1453 de
1176 1395 1289 1452 iudicio
1313 1395 1410 1468 ipsius
1433 1396 1518 1468 pacis

252 1502 337 1558 iuxta
360 1500 541 1572 qualitatem
573 1516 664 1557 cause
687 1501 827 1574 ipsomm
853 1500 1030 1574 supradicte
1053 1502 1150 1558 velint
1173 1502 1377 1575 complacere.
1401 1501 1517 1557 Datum

251 1607 281 1663 in
306 1605 506 1678 Wyssegrad,
529 1613 640 1663 octavo
659 1605 709 1663 die
725 1607 849 1665 termini
865 1608 1026 1680 prenotati.
1044 1609 1134 1665 Anno
1150 1606 1268 1664 domini
1285 1605 1517 1663 MCCCLXXX.

340 1760 481 1824 Originale
502 1760 528 1809 iu
548 1759 646 1818 charla,
671 1775 686 1808 a
706 1766 782 1825 tergo
802 1760 959 1826 impressum
978 1760 1105 1825 sigillum.
1125 1759 1155 1810 ln
1168 1759 1241 1813 arch.
1254 1760 1300 1808 lib.
1315 1775 1334 1808 r.
1349 1758 1398 1809 civ.
1412 1759 1516 1823 zagrab.

838 2045 931 2112 290.

357 2207 434 2253 Anno
456 2205 530 2262 1380,
553 2213 590 2261 15.
608 2203 731 2268 januarii.
752 2204 782 2252 In
801 2204 941 2270 Visegrad.

257 2351 383 2407 Thomas
405 2350 574 2406 taournicos
596 2367 713 2406 causum
737 2349 857 2424 Reynar
878 2350 954 2406 inter
974 2357 1002 2406 et
1014 2350 1159 2426 jocobum
1182 2351 1299 2406 torlr'cem
1322 2349 1519 2418 Greclrcnscm,

811 2461 960 2528 prorogat.

341 2617 404 2674 Nos
428 2617 563 2673 Thomas
587 2616 626 2673 de
657 2621 762 2673 sancto
792 2615 937 2689 Georgi0,
971 2618 1118 2688 magister
1147 2618 1377 2675 tavarnicorum
1401 2617 1519 2675 domini

253 2724 409 2789 Lodouici,
434 2722 483 2779 dei
507 2723 610 2794 gracia
634 2723 716 2794 regis
740 2723 904 2795 Hungarie.
928 2723 1048 2779 Damus
1072 2739 1129 2796 pro
1154 2724 1313 2790 memoria,
1337 2722 1421 2795 quod
1446 2738 1518 2780 cum

252 2831 375 2902 Reynar
391 2830 519 2899 institor,
536 2830 692 2886 habitator
707 2830 841 2886 civitatis
857 2830 970 2886 montis
986 2827 1179 2898 Grechensis,
1205 2828 1408 2901 personaliter
1435 2830 1520 2886 iuxta

253 2936 475 2993 continenciam
511 2935 684 2991 litterarum
716 2935 844 3007 capituli
874 2935 1081 3006 zagrabiensis
1104 2934 1222 3003 citatus,
1254 2935 1283 2991 in
1315 2934 1432 2991 octavis
1457 2934 1517 2991 diei

253 3042 493 3099 circumcisionis
517 3039 634 3096 domini
658 3042 687 3097 in
713 3041 814 3113 figura
842 3041 939 3097 nostri
970 3039 1074 3097 iudicii
1106 3039 1316 3113 comparendo
1339 3046 1446 3096 contra
1467 3040 1519 3122 Ja-

254 3151 366 3205 cobum
391 3147 508 3204 dictum
533 3147 637 3217 Bolya‚
663 3146 793 3203 iudicem
825 3147 958 3204 civitatis
989 3146 1136 3219 predicte,
1159 3147 1190 3202 in
1214 3145 1302 3202 lactis
1327 3147 1467 3219 potencie
1490 3153 1520 3204 et

255 3254 382 3327 dampni
406 3269 510 3309 rerum
535 3268 625 3324 agere
655 3259 684 3308 et
716 3267 889 3325 proponere
921 3253 1084 3321 voluisset;
1113 3251 1237 3308 tandem
1268 3252 1321 3322 qui
1347 3251 1519 3324 Philippus,

253 3359 336 3416 filius
361 3359 467 3425 Mauri,
492 3360 568 3415 civis
592 3359 728 3430 predicte
752 3359 886 3415 civitatis
909 3373 979 3414 cum
1003 3357 1225 3430 procuratoriis
1248 3356 1359 3413 litteris
1381 3355 1519 3413 eiusdem

253 3466 386 3522 civitatis
410 3480 467 3537 pro
491 3464 600 3521 eodem
623 3465 739 3547 Jacobo
771 3464 957 3522 iudicialiter
987 3461 1197 3538 comparendo
1220 3477 1280 3520 non
1304 3462 1519 3535 respondebat,

253 3571 305 3627 sed
331 3572 429 3644 ipsam
454 3585 578 3627 causam
601 3571 720 3643 absque
749 3571 880 3628 alicuius
911 3570 1063 3627 evidentis
1094 3569 1225 3626 racionis
1256 3569 1466 3641 assignacione
1489 3570 1519 3626 in

255 3678 419 3734 terminum
441 3676 625 3733 ulteriorum
650 3693 706 3749 per
729 3691 784 3733 nos
808 3677 970 3749 prorogari
1002 3675 1102 3733 facere
1133 3675 1297 3745 nitebatur,
1321 3690 1380 3748 pro
1405 3689 1442 3731 eo
1465 3689 1521 3731 nos

254 3798 379 3839 causam
403 3782 587 3856 premissam
610 3782 650 3838 ad
673 3787 798 3839 octavas
822 3781 891 3839 festi
915 3782 997 3838 beati
1021 3779 1147 3853 Georgii
1175 3781 1320 3850 martiris
1343 3797 1425 3837 nunc
1447 3796 1521 3838 ven·

254 3897 338 3947 turas
363 3893 564 3961 prorogantes
588 3888 800 3945 commisimus
829 3903 865 3945 eo
897 3887 1000 3956 modo,
1024 3893 1058 3944 ut
1081 3894 1154 3944 tunc
1187 3887 1359 3960 prelibatus
1385 3887 1521 3970 Jacobus

254 3995 346 4052 iudex
371 3994 575 4067 personaliter
599 3994 649 4050 vel
673 4009 730 4067 per
754 4010 845 4051 suum
874 3994 1048 4066 legitimum
1080 4001 1315 4066 procuratorem
1338 3992 1377 4050 ad
1401 3993 1521 4050 obiecta

254 4100 384 4175 predicti
409 4101 531 4171 Reynar
555 4115 626 4155 cum
650 4099 764 4156 iudicio
788 4099 882 4156 trium
914 4114 1090 4156 marcarum
1121 4100 1210 4156 nobis
1234 4106 1263 4156 et
1287 4098 1369 4172 parti
1391 4097 1521 4154 adverse

254 4206 532 4280 persolvendarum
556 4204 742 4278 respondere
766 4212 904 4263 teneatur
927 4220 1033 4262 coram
1056 4205 1163 4273 nobis;
1187 4206 1329 4278 partibus
1353 4218 1428 4260 vero
1449 4218 1522 4261 con·

255 4311 403 4369 cordandi
428 4311 559 4368 liberam
583 4312 747 4369 annuimus
781 4310 970 4381 facultatem,
994 4310 1165 4368 dummodo
1188 4326 1245 4368 nos
1268 4310 1306 4367 de
1330 4309 1444 4367 iudicio
1468 4309 1520 4366 ha·

257 4418 320 4475 bite
344 4418 428 4490 pacis
452 4417 550 4474 velint
574 4418 769 4490 complacere
793 4417 924 4474 termino
955 4418 985 4474 in
1009 4417 1126 4474 eodem.
1150 4417 1266 4473 Datum
1288 4416 1320 4474 in
1343 4414 1520 4488 Vissegrad,

257 4533 366 4583 octavo
389 4525 439 4583 die
463 4525 586 4583 termini
609 4524 771 4599 prenotati.
795 4526 885 4583 Anno
908 4524 1026 4582 domini
1049 4521 1283 4581 MCCCLXXX.

346 4678 485 4745 Originale
500 4678 526 4728 in
539 4677 636 4728 charta
650 4681 674 4729 Α
688 4685 764 4746 tergo
777 4684 889 4745 apparet
904 4678 1061 4744 impressum
1073 4678 1144 4744 sigil.
1158 4677 1189 4728 In
1202 4677 1273 4728 arch.
1286 4678 1304 4727 l.
1317 4692 1338 4727 r.
1353 4675 1402 4726 civ.
1415 4675 1521 4741 zagrab.
