3488 5242
623 333 697 391 Doc.
723 329 795 391 260.
824 329 893 391 261.
920 366 956 376 -
979 333 1035 392 An.
1058 328 1147 411 1376.
1458 352 1519 413 249

252 530 290 587 sit
314 531 492 588 convinctus
516 546 552 588 eo
576 530 672 600 tact0;
696 545 830 603 quorum
853 530 1053 588 medietatem
1087 531 1180 588 iudici
1203 547 1302 602 cause,
1330 532 1423 589 aliam
1445 547 1520 589 vero

250 636 445 692 medietatem
471 638 553 710 parti
577 637 607 693 in
631 637 689 694 hiis
714 637 890 719 persistenti
922 637 1084 693 exsolvere
1107 643 1136 693 et
1165 635 1204 693 ad
1232 637 1417 694 solvendum
1441 638 1520 695 obli-

248 757 321 813 gare
345 749 374 799 et
398 743 436 799 sit
459 744 639 800 convinctus
664 744 776 799 harum
799 743 905 814 vigore
937 748 967 799 et
1001 743 1176 800 testimonio
1203 743 1378 800 litterarum
1403 751 1520 801 nostra·

249 862 320 903 rum
344 847 504 904 mediante.
529 848 644 905 Datum
677 848 707 905 in
741 847 896 904 dominica
928 848 1089 905 Adventus
1125 848 1250 906 domini.
1283 849 1371 906 Anno
1403 848 1520 906 domini

252 952 485 1011 MCCCLXXV.

336 1087 491 1154 Esimplici
511 1104 608 1139 coaevo
628 1094 793 1154 transumpto
819 1089 846 1139 iu
871 1090 969 1140 charta.
999 1089 1028 1140 In
1055 1089 1154 1140 archiv.
1181 1090 1256 1155 regni
1279 1091 1351 1140 CSD.
1371 1093 1428 1140 Act.
1448 1091 1516 1141 Con-

250 1180 318 1226 vent.
340 1176 439 1226 Remct.
460 1175 520 1226 fasc.
540 1177 559 1227 1.
579 1193 618 1227 nr.
639 1187 660 1235 3.

835 1339 927 1404 260.

353 1480 429 1528 Anno
452 1480 524 1537 1376,
547 1488 584 1537 15.
605 1478 742 1528 februarii.
762 1479 899 1530 Avinione.

387 1606 553 1664 Demetrius
576 1610 817 1666 transilvancnsr's
832 1611 1012 1684 praeficitur
1033 1612 1062 1666 in
1086 1612 1241 1683 anscopum
1263 1610 1380 1682 aagrcb.

339 1748 508 1821 Gregorius
530 1753 694 1825 episcopus
718 1769 826 1810 servus
849 1770 1011 1811 servorum
1028 1753 1085 1812 dei.
1102 1755 1342 1812 venerabilibus
1366 1753 1515 1811 fratribus

249 1849 438 1932 (Valentino)
462 1857 775 1928 quinqueecclesiensi
799 1863 828 1916 et
852 1854 1021 1936 (Ladislao)
1046 1861 1260 1934 vesprimiensi
1281 1860 1443 1933 episcopis,
1467 1875 1514 1916 sa·

250 1963 346 2019 lutem
370 1968 399 2018 et
420 1963 624 2035 apostolicam
648 1964 901 2022 benedictionem.
925 1966 1005 2022 Cum
1028 1982 1127 2039 nuper
1151 1966 1362 2022 venerabilem
1385 1965 1514 2023 fratrem

249 2074 389 2124 nostrum
413 2067 606 2125 Demetrium
631 2071 871 2142 zagrabiensem,
896 2072 971 2128 olim
997 2071 1272 2129 transilvanensem
1298 2072 1515 2144 episcopuma

249 2172 382 2241 vinculo,
406 2188 468 2244 quo
492 2173 591 2230 eidem
617 2175 853 2233 transilvanensi
876 2178 1014 2246 ecclesie,
1038 2177 1085 2233 cui
1105 2182 1176 2233 tunc
1197 2181 1327 2250 preerat,
1346 2176 1513 2247 tenebatur,

249 2278 287 2334 de
311 2277 442 2335 fratrum
466 2288 643 2336 nostrorum
667 2281 795 2338 consilio
820 2289 849 2339 et
874 2283 1043 2356 apostolice
1067 2283 1227 2355 potestatis
1251 2282 1443 2356 plenitudine
1459 2283 1513 2339 ab·

248 2384 412 2453 solventes
434 2385 536 2456 ipsum
565 2385 601 2441 ad
637 2387 799 2443 ecclesiam
829 2389 1068 2460 zagrabiensem,
1099 2395 1170 2444 tunc
1205 2393 1327 2461 pastore
1350 2394 1514 2458 carentem,

248 2490 428 2547 auctoritate
452 2491 622 2564 apostolica
654 2491 835 2550 duxerimus
868 2493 1122 2562 transferendum,
1148 2495 1313 2567 ipsumque
1342 2494 1443 2551 eidem
1466 2511 1514 2552 za·

249 2596 404 2667 gabriensi
428 2596 555 2654 ecclesie
588 2597 809 2670 prefecerimus
841 2600 871 2656 in
903 2601 1084 2674 episcopum
1116 2607 1146 2657 et
1173 2605 1345 2673 pastorem:
1374 2599 1436 2656 Nos
1460 2616 1514 2657 vo·

250 2702 345 2758 lentes
370 2701 508 2758 eiusdem
532 2704 670 2776 episcopi
703 2705 733 2760 in
764 2704 829 2761 illis
860 2706 1000 2779 partibus
1032 2706 1251 2763 commorantis
1279 2721 1405 2777 parcere
1426 2706 1513 2763 labo

248 2808 335 2864 ribus
358 2814 387 2864 et
410 2810 561 2880 expensis
585 2826 622 2866 ne
647 2816 775 2883 propter
799 2811 857 2867 hoc
880 2816 1008 2882 cogatur
1033 2811 1183 2868 veniendo
1207 2811 1244 2867 ad
1270 2812 1441 2868 Romanam
1462 2827 1513 2868 cu-

248 2915 326 2971 riam
352 2915 554 2987 personaliter
587 2915 738 2985 laborare,
771 2915 953 2974 fraternitati
985 2923 1085 2974 vestre
1117 2918 1296 2974 auctoritate
1324 2918 1513 2990 presentium

249 3021 472 3077 committimus
495 3027 526 3077 et
550 3020 741 3091 mandamus
766 3027 917 3093 quatenus
943 3039 998 3080 vos
1021 3024 1072 3080 vel
1096 3024 1175 3080 alter
1192 3028 1331 3080 vestrum
1347 3023 1387 3079 ab
1403 3022 1513 3080 eodem

249 3127 395 3198 episcopo
420 3132 525 3182 nostro
549 3134 578 3183 et
600 3143 728 3184 romane
760 3128 887 3186 ecclesie
918 3130 1041 3186 nomine
1071 3129 1228 3186 fidelitatis
1259 3129 1363 3185 debite
1386 3129 1513 3186 solitum

248 3233 404 3305 recipiatis
428 3234 635 3290 iuramentum
660 3235 745 3291 iuxta
769 3235 912 3306 sormam,
937 3251 1030 3307 quam
1052 3237 1111 3292 sub
1129 3235 1217 3291 bulla
1233 3242 1336 3291 nostra
1360 3235 1512 3291 mittimus

250 3339 464 3408 interclusam;
490 3339 623 3397 sormam
647 3344 752 3398 autem
775 3342 949 3412 iuramenti,
973 3341 1055 3414 quod
1073 3340 1156 3397 idem
1172 3341 1337 3414 episcopus
1353 3341 1511 3414 prestabit,

250 3446 338 3502 nobis
362 3445 400 3501 de
424 3448 520 3502 verbo
545 3446 582 3503 ad
609 3448 740 3503 verbum
765 3464 821 3521 per
852 3448 917 3504 eius
949 3453 1087 3520 patentes
1119 3447 1244 3515 litteras
1268 3461 1324 3502 suo
1348 3446 1452 3518 sigillo
1472 3447 1512 3503 si·

249 3559 356 3623 gnatas
379 3568 435 3624 per
452 3553 613 3624 proprium
632 3554 773 3610 nuntium
790 3554 971 3625 quantocius
988 3552 1142 3609 destinare
1165 3551 1285 3607 curetis.
1307 3551 1422 3608 Datum
1438 3552 1512 3609 Avi·

249 3657 345 3726 mone,
370 3657 434 3714 XV.
460 3657 599 3715 kalendis
622 3659 735 3715 marcii.
761 3660 850 3715 Anno
873 3665 968 3716 sexto,

336 3793 431 3856 Ereg.
452 3793 518 3857 orig.
540 3793 665 3859 Gregorii
688 3793 735 3850 ΧΙ,
754 3809 793 3842 an.
814 3793 860 3852 vt,
885 3809 949 3842 corn.
977 3793 1021 3842 [ol.
1049 3803 1071 3851 5.
1095 3797 1125 3843 Α.
1146 3793 1266 3842 Theiner.
1288 3793 1402 3843 Monum.
1424 3793 1511 3856 Hung.

249 3880 308 3928 hist.
330 3880 361 3929 ΙΙ.
384 3897 407 3944 p.
431 3891 485 3944 159.

841 4046 923 4110 261.

353 4184 428 4231 Anno
452 4185 524 4241 1376,
543 4198 566 4244 4.
586 4184 666 4250 Junii.
688 4186 717 4235 In
738 4184 875 4250 Viscgrad.

251 4309 410 4372 Ludovr'cus
433 4312 608 4383 ngrariue
630 4320 677 4370 etc.
702 4332 765 4380 rex,
794 4314 868 4370 cives
897 4313 1081 4383 Grccltenscs,
1104 4333 1140 4372 ne
1163 4322 1223 4386 per
1243 4315 1353 4370 lateras
1376 4313 1448 4369 bani
1468 4313 1516 4368 uel

364 4418 424 4473 eius
448 4418 576 4475 vt'cebani
597 4419 640 4475 ad
658 4421 769 4477 curium
789 4421 899 4493 regiam
921 4421 1089 4491 celarentur,
1113 4421 1214 4477 liberos
1236 4438 1293 4477 esse
1315 4419 1390 4476 dicit.

1188 4552 1280 4597 Relacio
1294 4551 1383 4596 comitis
1396 4551 1481 4596 iacobi.

335 4666 509 4724 Lodouicus
532 4667 581 4724 dei
605 4669 709 4740 gracia
731 4684 786 4727 rex
809 4670 975 4744 Hungarie,
999 4669 1135 4739 Polonie,
1162 4669 1322 4726 Dalmacie
1345 4672 1400 4726 etc.
1423 4665 1511 4725 Fide·

250 4769 372 4828 delibus
395 4773 458 4830 suis
483 4774 621 4847 capitulo
643 4773 770 4833 ecclesie
793 4777 1008 4848 zagrabiensis
1032 4776 1165 4834 salutem
1189 4780 1219 4833 et
1240 4775 1385 4848 graciam.
1412 4771 1512 4848 Signi·
