3488 5242
248 325 286 392 58
671 322 744 379 Dec.
768 318 815 397 67.
844 357 880 365 -
906 323 961 381 An.
986 318 1075 399 1287.

245 539 338 596 curiis
365 544 395 596 et
425 539 494 596 aliis
517 537 608 596 bonis
630 538 669 596 ad
694 540 950 598 sustentacionem
978 539 1190 614 predictorum
1213 539 1417 608 sacerdotum,
1441 524 1511 611 press

244 643 345 702 bende
370 645 502 715 nomine,
526 643 710 716 ordinantes,
735 649 764 702 et
786 645 964 703 huiusmodi
985 645 1197 720 prebendariis
1221 660 1273 702 seu
1298 643 1512 701 mansionariis

245 744 314 828 [per
338 745 483 828 mortem]
508 749 734 822 decedentibus,
758 751 840 824 ipsas
864 751 1037 825 prebendas
1061 757 1203 808 vacantes
1227 749 1338 806 fratres
1360 748 1455 806 nostri
1472 747 1510 805 de

244 858 382 930 capitulo
412 858 452 914 ab
486 857 575 914 inicio
604 857 800 915 contulerunt
821 874 859 914 ex
883 857 988 914 debito
1011 857 1071 914 sibi
1095 857 1160 914 iure
1183 855 1385 928 competenti;
1409 861 1439 911 et
1463 855 1506 911 in·

245 961 369 1020 terdum
393 963 581 1019 venerabilis
604 967 700 1035 pater,
725 961 868 1021 dominus
883 963 1097 1035 Thymotheus
1113 961 1286 1035 episcopus,
1303 959 1510 1033 predecessor,

244 1069 450 1141 zagrabiensis
487 1062 530 1144 (in
564 1060 746 1144 collacione)
782 1054 991 1142 predictarum
1028 1066 1258 1142 prebendarum
1293 1065 1510 1123 decedencium

244 1173 438 1231 sacerdotum
462 1189 536 1230 usus
560 1172 651 1231 fuerit
675 1174 781 1246 aliquo
805 1181 952 1249 ternpore,
976 1190 1014 1231 ex
1038 1189 1099 1246 qua
1122 1174 1220 1230 eciam
1244 1173 1414 1230 collacione
1436 1172 1510 1230 dicti

245 1279 354 1337 fratres
377 1280 473 1336 nostri
490 1279 711 1346 turbabantur;
732 1284 761 1336 et
776 1280 932 1337 interdum
950 1274 1028 1357 [ipse
1044 1278 1202 1353 prebende
1220 1294 1359 1352 possesse
1375 1272 1510 1355 fuerunt)

245 1402 301 1460 per
324 1386 498 1444 sacerdotes
515 1379 567 1463 [ab
584 1385 730 1460 episcopo
747 1379 983 1464 denominatos),
1008 1401 1141 1458 quorum
1166 1385 1263 1458 aliqui
1287 1400 1405 1457 procu,
1427 1383 1509 1456 quod

245 1491 355 1548 fratres
371 1493 467 1549 nostri
483 1493 514 1550 in
537 1493 706 1549 collacione
729 1491 920 1565 prefatarum
944 1491 1176 1565 prebendarum
1192 1491 1286 1548 nichil
1303 1491 1378 1547 iuris
1396 1490 1511 1547 habere

245 1596 434 1669 dicebantur,
462 1604 555 1670 prout
571 1597 665 1655 iidem
692 1597 865 1655 sacerdotes
889 1604 1018 1672 propter
1042 1613 1150 1654 eorum
1173 1598 1344 1655 elacionem
1364 1595 1511 1654 fratribus

244 1704 357 1760 nostris
373 1703 554 1761 insultantes
578 1697 767 1781 [frequenter
790 1697 980 1780 allegabant]
1005 1704 1088 1778 ipsos
1112 1704 1144 1761 in
1160 1719 1212 1761 eos
1228 1704 1303 1761 iuris
1319 1702 1364 1760 nil
1380 1703 1512 1774 habere;

245 1816 374 1882 propter
387 1808 470 1881 quod
486 1810 583 1867 eciam
600 1810 659 1882 ipsi
675 1809 849 1867 sacerdotes
866 1809 1013 1868 fratribus
1030 1811 1142 1868 nostris
1154 1810 1251 1867 eciam
1265 1810 1294 1867 in
1308 1810 1383 1883 ipsis
1397 1810 1510 1867 divinis

245 1916 432 1988 exequendis
456 1916 673 1989 obtemperare
704 1916 859 1974 interdum
887 1918 1108 1975 contumaciter
1130 1916 1331 1989 denegabant,
1356 1922 1450 1988 prout
1472 1931 1510 1972 ex

246 2023 385 2093 ipsorum
418 2020 551 2078 fratrum
581 2030 758 2080 nostrorum
789 2022 925 2080 veridica
953 2023 1106 2080 relacione
1135 2022 1299 2080 didicimus
1324 2030 1353 2078 et
1376 2022 1510 2094 querela.

247 2126 309 2184 Nos
333 2128 436 2199 itaque
467 2142 504 2183 ex
536 2126 640 2184 officio
670 2144 742 2185 cure
775 2130 939 2201 pastoralis
967 2129 1056 2185 nobis
1079 2128 1227 2185 divinitus
1250 2128 1416 2196 commisso
1440 2143 1510 2199 pre-

246 2233 380 2290 fatorum
405 2231 537 2290 fratrum
561 2243 738 2291 nostrorum
762 2233 1006 2304 karissimorum,
1035 2243 1066 2291 ut
1091 2241 1239 2303 tenemur,
1263 2233 1408 2291 remediis
1431 2235 1511 2291 invi·

245 2339 343 2411 gilare
375 2338 540 2411 cupientes,
574 2339 776 2412 volentesque
807 2340 947 2413 ipsorum
971 2339 1116 2397 scandala
1138 2353 1317 2409 removere;
1339 2354 1412 2396 nam
1435 2338 1511 2395 dum

247 2459 353 2501 eorum
385 2445 500 2501 honera
530 2446 710 2515 excutimus,
743 2445 819 2502 dum
850 2444 995 2502 scandala
1026 2460 1233 2515 removemus,
1265 2459 1319 2501 nos
1349 2445 1380 2501 in
1403 2459 1511 2501 eorum

247 2551 349 2622 quiete
381 2551 567 2622 quiescimus
599 2556 628 2607 et
660 2549 804 2608 fovemur
827 2552 856 2608 in
881 2567 964 2625 pace.
990 2550 1037 2608 Ad
1061 2552 1173 2608 iustam
1197 2550 1383 2625 peticionem
1406 2544 1512 2627 (igitur

247 2649 392 2730 fratrum)
415 2661 601 2725 nostrorum,
626 2664 657 2714 et
680 2657 752 2730 quia
776 2656 833 2714 fuit
858 2659 985 2730 equitati
1008 2658 1189 2731 proximum
1213 2662 1243 2713 et
1263 2671 1447 2714 conssonum
1464 2672 1512 2713 ra·

247 2761 336 2831 cioni,
359 2761 517 2818 voluimus
541 2769 571 2819 et
594 2762 787 2820 decrevimus
811 2764 842 2820 in
863 2764 956 2837 pleno
972 2765 1108 2837 capitulo
1124 2778 1257 2820 unacum
1273 2764 1348 2835 ipsis
1365 2761 1512 2819 fratribus

246 2870 366 2938 nostris.
399 2874 432 2925 ut
456 2868 608 2941 deinceps,
638 2870 717 2926 sicut
748 2869 835 2942 prius
862 2870 909 2927 usi
941 2869 1064 2926 fuerunt
1087 2870 1117 2926 in
1142 2869 1311 2925 collacione
1334 2862 1512 2945 (dictarum)

246 2974 477 3047 prebendarum
513 2981 664 3049 perpetuo
698 2985 728 3033 et
758 2976 855 3033 libere
890 2981 1015 3032 utantur
1047 2975 1140 3048 pleno
1171 2975 1245 3045 iure,
1277 2976 1413 3032 maxime
1440 2989 1512 3031 cum

248 3078 427 3138 huiusmodi
450 3080 589 3138 redditus
613 3080 870 3154 prebendaliales,
894 3087 987 3154 prout
1011 3087 1057 3137 est
1080 3085 1261 3154 pretactum,
1285 3079 1324 3136 de
1346 3080 1436 3137 bonis
1452 3079 1513 3136 fra·

248 3190 330 3240 trum
355 3193 533 3243 nostrorum
557 3187 774 3244 canonicorum
798 3188 983 3259 processisse
1007 3181 1048 3265 (et
1065 3187 1242 3261 provenisse
1258 3178 1397 3261 omnino)
1412 3186 1512 3243 dinos-

250 3297 374 3361 cantur;
405 3299 434 3349 et
466 3291 548 3363 quod
581 3292 759 3350 huiusmodi
789 3293 947 3366 prebende
977 3293 1097 3351 nonnisi
1124 3293 1264 3366 personis
1287 3293 1459 3349 constitutis
1483 3293 1512 3349 in

248 3396 434 3468 sacerdocio
465 3412 526 3455 non
558 3404 660 3455 tamen
688 3399 849 3470 canonicis,
879 3404 908 3456 et
931 3400 961 3456 in
985 3399 1113 3456 ecclesia
1136 3400 1278 3456 continue
1300 3398 1435 3456 residere
1458 3413 1512 3455 vo-

249 3500 385 3558 lentibus
415 3517 473 3575 per
504 3504 674 3577 capitulum
706 3511 736 3561 et
766 3499 834 3581 (per
864 3505 988 3562 nullum
1010 3497 1120 3580 alium)
1144 3504 1346 3562 conferantur.
1371 3503 1512 3576 Quorum

250 3610 347 3665 eciam
371 3608 649 3681 prebendariorum
669 3626 722 3666 seu
739 3612 1017 3668 mansionariorum
1034 3611 1238 3681 sacerdotum,
1256 3612 1334 3668 sicut
1350 3611 1512 3681 instituci0,

249 3719 281 3771 ut
304 3715 506 3788 prediximus,
530 3716 573 3772 sic
596 3721 626 3772 et
641 3715 803 3773 destitucio
819 3716 857 3773 ad
874 3717 1045 3790 capitulum
1062 3718 1153 3790 plene
1168 3717 1327 3790 pertineat,
1344 3718 1370 3775 si
1387 3716 1466 3773 forte
1482 3718 1512 3773 in

248 3820 407 3877 sacrificiis
429 3819 507 3877 adeo
531 3806 694 3878 existerent
719 3823 917 3894 negligentes,
941 3823 992 3878 vel
1012 3823 1088 3881 alias
1105 3823 1244 3897 ipsorum
1261 3838 1411 3892 excessus,
1429 3822 1512 3895 quod

248 3942 308 3984 non
333 3932 488 4000 optamus,
520 3928 660 4000 ipsorum
692 3930 878 4002 protervitas
910 3937 1087 3987 mereretur.
1111 3930 1148 3986 Et
1170 3935 1203 3986 ut
1226 3930 1282 3986 hec
1304 3934 1408 3986 nostra
1431 3929 1512 3986 ordi·

248 4033 336 4088 nacio
367 4047 421 4088 seu
453 4031 611 4089 decretum
641 4035 819 4090 inconcussa
850 4036 1018 4093 stabilitate
1049 4052 1103 4092 seu
1133 4044 1282 4109 perpetua
1312 4035 1459 4092 firmitate
1482 4036 1511 4091 in

249 4144 409 4211 posterum
433 4138 624 4196 inviolabilis
648 4148 832 4213 perseveret,
856 4152 1014 4213 presentes
1038 4147 1157 4199 nostras
1179 4142 1297 4199 litteras
1317 4141 1427 4199 exinde
1443 4157 1513 4198 con·

249 4243 397 4322 cessimus
428 4243 524 4315 sigilli
547 4245 644 4301 nostri
673 4247 817 4303 autentici
840 4247 1010 4304 munimine
1034 4249 1201 4304 roboratas.
1226 4246 1340 4304 Datum
1365 4246 1513 4319 Zagrabie

252 4349 282 4405 in
315 4349 432 4405 octavis
463 4351 559 4406 sancti
590 4350 759 4421 Mychaelis
790 4352 974 4424 archangeli.
1005 4355 1094 4410 Anno
1125 4352 1242 4410 domini
1270 4353 1439 4410 millesimo
1463 4352 1513 4409 CC

249 4455 458 4526 octoagesimo
481 4457 622 4528 septimo

337 4587 476 4653 Originale
489 4589 516 4638 in
528 4590 687 4653 quibusdam
699 4593 765 4643 locis
778 4594 905 4651 attritum,
925 4595 1013 4659 (cuius
1026 4597 1131 4645 lacunas
1144 4595 1348 4661 supplevimus),
1361 4601 1513 4645 asservatur

251 4676 276 4725 in
295 4676 405 4727 archivo
429 4693 486 4726 ven.
516 4676 593 4744 capit.
623 4681 726 4745 zagrab.
754 4680 814 4731 fasc.
839 4693 880 4745 92.
906 4698 944 4733 nr.
969 4692 1011 4744 47.
1034 4684 1105 4733 Zona
1123 4683 1222 4733 sericea
1241 4685 1362 4733 caerulea
1383 4685 1514 4748 dependet

250 4764 348 4827 absque
366 4763 465 4830 sigillo.
485 4764 598 4816 Farlatti
617 4768 634 4816 l.
653 4782 674 4818 c.
694 4784 718 4834 p.
737 4768 795 4828 383.
814 4769 888 4836 Joan.
907 4769 1016 4820 Tkaldic
1034 4773 1051 4821 l.
1071 4785 1092 4820 c.
1112 4786 1137 4836 p.
1157 4780 1215 4834 219.
