3488 5242
734 366 920 439 Argumenta.

209 470 352 477 -.-——
384 472 404 477 -
435 470 685 478 -...-.--...-
716 470 758 475 .-
801 468 914 474 --.-
953 467 1026 473 —--..

203 654 261 706 415.
286 650 360 695 Anno
383 654 456 707 1399.
480 654 519 698 17.
539 644 662 710 Augusti.
682 645 813 709 Johmnes
832 648 924 694 cantor
943 644 1006 692 eccl.
1025 642 1129 704 zagrab.
1150 647 1241 691 contra
1260 641 1359 705 episco-

282 749 345 798 pum
364 732 548 782 Eberhardum
567 733 600 781 de
619 742 705 781 castro
723 733 836 780 Medved
855 730 908 781 sibi
927 736 952 781 et
971 729 1088 780 familiae
1106 743 1168 778 suae
1187 743 1201 778 a
1222 745 1283 791 rege
1302 744 1361 778 con·

283 822 379 870 donato
398 826 561 887 protestatur
567 842 1356 861 ············································
1415 824 1469 875 400

202 908 263 968 416.
283 911 358 958 Annn
381 917 455 971 1399,
475 918 516 962 27.
535 908 698 973 septembri&
718 907 748 957 In
766 907 895 958 Dombm.
914 907 1084 956 Eberhardus
1103 907 1182 970 episc.
1196 906 1302 969 zagrab.
1316 920 1360 953 no-

282 995 384 1045 bilibus
403 996 483 1045 castri
503 996 622 1053 Medved,
641 1003 671 1046 nt
691 1010 749 1045 cum
768 995 887 1059 capitulo
905 995 1008 1045 ratione
1022 994 1183 1045 decimarum
1197 994 1360 1051 conveniant,

282 1085 396 1134 mandat.
405 1109 1356 1123 ······················································
1415 1092 1464 1143 401

202 1179 262 1232 417.
282 1175 357 1221 Anno
379 1181 453 1235 1399.
477 1173 516 1221 16.
538 1171 663 1224 octobris.
692 1172 818 1221 Nicolaus
837 1173 870 1221 de
889 1173 990 1221 Zalnuk
1010 1186 1100 1221 coram
1116 1177 1245 1221 conventu
1273 1185 1360 1221 mona·

283 1259 355 1308 sterii
383 1260 571 1317 varadinensiz,
600 1260 702 1310 nomine
734 1260 845 1326 capituli
864 1261 928 1310 eccl.
948 1261 1054 1323 zagrab.
1083 1261 1115 1309 de
1143 1270 1229 1309 castro
1249 1260 1361 1309 Medved

282 1359 311 1394 ac
331 1347 470 1397 medietate
489 1348 584 1398 tributi
604 1348 630 1398 in
649 1354 729 1413 portu
748 1349 831 1399 Savae
849 1364 948 1398 necnon
968 1349 1048 1399 villae
1072 1350 1199 1399 Slanovec
1225 1348 1289 1398 filiis
1307 1349 1359 1397 Ru-

283 1433 375 1498 dolpbi
396 1436 428 1483 de
447 1437 534 1485 Alben
552 1451 567 1485 a
586 1451 648 1499 rege
667 1436 778 1493 donatis,
797 1435 956 1486 contradicit
975 1462 1354 1475 ······················
1414 1444 1464 1496 401

283 1522 479 1587 Necrolngium,
498 1525 701 1590 sepulchrorum
721 1524 848 1573 memoria
867 1539 896 1573 ac
914 1523 1052 1589 epitaphia
1064 1551 1354 1564 ·················
1414 1532 1465 1584 403

284 1611 444 1660 Kalendaria
463 1613 588 1661 ecclesiae
607 1612 785 1676 zagrabiensis
803 1627 869 1661 saec.
890 1612 967 1663 XIII.
987 1622 1013 1663 et
1033 1613 1109 1663 XIV.
1117 1639 1354 1651 ··············
1412 1621 1463 1673 411

282 1699 437 1749 Afferuntur
456 1716 494 1759 ea,
516 1715 630 1764 quorum
648 1701 791 1766 scriptores
811 1700 899 1751 coaevi
920 1700 1080 1751 mentionem
1099 1700 1199 1751 faciunt
1206 1728 1354 1739 ·········
1413 1708 1464 1761 437

282 1786 364 1836 Index
384 1803 562 1852 personarum.
582 1792 702 1839 locorum
721 1796 746 1838 et
766 1803 853 1839 rerum
867 1814 1351 1830 ···························
1410 1791 1458 1850 461

679 2335 989 2518 szss
