3488 5242
682 343 754 400 Duc.
779 357 846 419 rou.
874 376 909 384 -
936 342 992 399 An.
1016 354 1101 418 1315.
1428 301 1433 310 υ
1478 344 1517 411 80

256 542 304 598 vir
330 541 423 598 irater
446 542 608 623 Jolrannes,
640 541 840 614 provincialis
870 541 987 598 ordinis
1020 541 1259 611 Predieatorum,
1283 556 1400 598 necnon
1424 539 1519 599 irater

255 647 446 716 Benedictus,
472 648 557 720 prior
581 648 706 704 claustri
732 648 812 704 beati
837 647 955 704 Nicolai
979 648 1009 704 in
1033 646 1193 719 Zagrabia,
1209 663 1280 704 curn
1298 648 1519 721 procuratoriis

255 754 365 810 litteris
397 753 524 826 capituli
556 754 650 809 nostri
683 751 821 826 predicti,
846 768 922 810 onus
945 762 974 809 et
997 753 1178 824 gravamina
1202 753 1329 810 claustri
1356 754 1520 811 memorati

253 868 283 917 el
307 875 362 932 per·
386 875 574 931 consequens
599 861 813 917 universorum
838 858 969 916 fratrum
1000 858 1117 915 ordinis
1144 859 1285 931 ipsorum
1312 859 1342 916 in
1374 874 1406 915 se
1436 859 1520 932 ipsos

256 971 511 1038 assumpmenles.
537 965 741 1038 personaliter
765 970 900 1022 nostram
926 965 1082 1021 venientes
1112 965 1142 1021 in
1167 964 1367 1036 presenciam,
1390 963 1520 1022 confessi

254 1077 323 1129 sunt
354 1071 479 1128 oraculo
511 1072 582 1128 vive
614 1071 697 1127 vocis
734 1072 763 1127 in
789 1071 868 1128 lrune
896 1069 1034 1139 modum,
1058 1069 1140 1142 quod
1166 1070 1226 1143 ipsi
1250 1085 1308 1142 pro
1332 1068 1519 1142 quibusdam

254 1180 392 1251 ipsorum
427 1177 658 1234 necessitatibus
690 1177 773 1250 ipsos
804 1176 985 1250 permaxine
1016 1174 1055 1231 ad
1086 1190 1213 1247 presens
1245 1175 1426 1247 urgentibus
1456 1176 1520 1233 evi·

255 1282 363 1349 landis,
388 1283 473 1355 prius
496 1283 575 1338 inter
599 1298 631 1338 se
655 1290 775 1339 matura
807 1282 891 1338 omni
916 1280 1143 1338 deliberacione
1168 1280 1339 1354 prehabita,
1363 1280 1519 1353 quandam

255 1389 477 1461 possessionem
503 1389 641 1460 ipsorum
668 1387 770 1444 lllizna
790 1393 940 1458 vocatam,
964 1402 1036 1444 cum
1060 1387 1218 1444 montibus
1240 1386 1377 1459 Warheg
1394 1387 1519 1455 voeatis,

254 1511 290 1551 ex
323 1494 491 1550 donacione
523 1492 621 1551 felicis
656 1494 805 1550 memorie
832 1493 950 1551 domini
989 1492 1060 1550 Bele
1093 1491 1225 1549 condam
1262 1492 1345 1565 regis
1375 1492 1519 1565 Vngarie,

256 1610 287 1657 ut
311 1601 432 1671 dicitur,
464 1600 540 1672 ipsis
564 1601 593 1657 in
618 1604 799 1673 perpetuam
824 1600 1026 1657 elemosinam
1051 1598 1144 1657 fuisse
1167 1598 1323 1668 collatam,
1348 1599 1379 1656 in
1408 1599 1520 1656 tenutis

256 1707 347 1763 castri
379 1705 498 1763 lledwe
528 1707 618 1762 sitam
651 1711 680 1761 et
711 1705 900 1774 existentem,
930 1704 1065 1777 demptis
1097 1703 1285 1776 quibusdam
1314 1703 1430 1777 prediis
1452 1704 1518 1762 sive

255 1814 343 1869 terris
374 1811 555 1873 arabilibus,
584 1811 728 1868 videlicet
759 1809 941 1868 Cratblridol
973 1817 1003 1868 et
1034 1811 1136 1868 Lonca
1162 1811 1286 1879 vocatis,
1310 1811 1341 1868 in
1364 1811 1520 1868 territorio

255 1919 391 1991 predicte
415 1918 615 1991 possessionis
640 1917 752 1989 Blyzna
776 1917 888 1974 habitis
904 1922 933 1974 et
952 1918 1117 1987 existentis,
1134 1916 1258 1990 egregio
1281 1917 1350 1974 viro
1372 1916 1521 1988 magistro

256 2023 395 2080 Renoldo
426 2023 464 2080 de
496 2023 631 2095 lllywar.
665 2039 721 2096 pro
753 2027 824 2079 tunc
858 1998 1024 2096 capetaneo
1047 2023 1139 2080 castri
1164 2022 1283 2080 Medwe
1306 2022 1436 2096 predicti
1461 2037 1520 2095 pro

254 2129 392 2187 ducentis
415 2135 444 2186 et
467 2130 660 2203 septuaginta
684 2145 738 2186 sex
762 2128 882 2186 llorenis
907 2129 976 2202 puri
1000 2130 1066 2186 auri
1091 2129 1285 2201 ungaricalis
1310 2128 1376 2186 veri
1399 2133 1429 2185 et
1446 2129 1517 2185 iusti

256 2235 408 2309 ponderis,
441 2237 540 2308 plene,
575 2241 605 2291 ut
634 2235 777 2293 dixerunt
802 2235 911 2292 fratres
934 2235 1064 2310 predicti
1088 2237 1128 2293 ab
1152 2235 1260 2293 eodem
1286 2236 1434 2308 magistro
1461 2236 1519 2294 Re·

255 2341 349 2398 noldo
373 2341 485 2398 habitis
509 2349 536 2398 et
562 2342 701 2414 receptis,
726 2341 848 2414 pignori
871 2341 1069 2413 obligassent,
1094 2343 1148 2399 tali
1171 2341 1370 2413 obligaminis
1394 2342 1520 2399 vinculo

254 2448 423 2513 interserta,
449 2447 529 2519 quod
556 2449 580 2504 si
613 2447 691 2504 inira
723 2446 886 2504 annualem
920 2447 1147 2504 revolucionem
1173 2448 1271 2520 ipsam
1294 2446 1518 2521 possessionem

256 2553 367 2624 Blyzna
391 2553 431 2609 ab
454 2553 562 2610 eodem
587 2553 735 2625 magistro
763 2551 904 2610 Renoldo
927 2569 999 2626 sepe
1023 2554 1181 2611 nominato
1204 2553 1355 2610 redimere
1372 2569 1431 2610 non
1449 2568 1519 2626 pos·

254 2666 318 2715 sent
344 2658 392 2715 vel
418 2674 476 2716 non
501 2666 650 2729 curarent,
683 2676 719 2716 ex
752 2666 823 2715 tunc
847 2658 985 2731 predicta
1009 2660 1161 2732 possessio
1185 2659 1298 2731 Blyzna
1329 2658 1429 2716 eidem
1455 2675 1519 2717 ma-

254 2765 350 2835 gistro
375 2764 522 2823 Renoldo
547 2766 706 2839 capitaneo
730 2781 802 2838 sepe
823 2763 913 2827 dicto.
932 2781 989 2838 pro
1004 2766 1119 2823 eisdem
1137 2766 1274 2839 pecuniis
1291 2782 1347 2839 per
1363 2765 1519 2839 predictos

254 2870 338 2927 viros
361 2871 530 2941 religiosos.
557 2871 665 2928 iratres
691 2870 832 2928 videlicet
856 2871 1028 2953 johannem
1052 2878 1081 2928 et
1099 2870 1306 2941 Benedictum,
1328 2879 1361 2929 ut
1378 2871 1520 2930 dixerant

254 2976 294 3031 ab
328 2976 437 3032 eodem
470 2978 618 3048 magistro
650 2976 789 3034 Renoldo
818 2979 950 3051 receptis
982 2985 1010 3034 et
1044 2977 1180 3050 plenarie
1205 2977 1327 3047 habitis,
1349 2978 1417 3051 ipso
1440 2993 1520 3035 anno

255 3083 405 3149 revoluto.
430 3082 459 3138 in
486 3083 548 3139 vim
575 3084 795 3155 perpetuitatis.
829 3085 912 3141 omni
936 3098 973 3140 eo
996 3085 1070 3144 iure.
1094 3099 1155 3156 quo
1180 3101 1235 3157 per
1259 3083 1383 3141 eosdem
1410 3083 1519 3142 iratres

258 3187 466 3244 Predicatores
498 3194 577 3244 tenta
610 3196 639 3245 el
664 3203 802 3262 possessa
829 3188 942 3249 luisset.
971 3190 1088 3261 absque
1112 3190 1194 3246 omni
1220 3189 1446 3247 contraditione
1469 3188 1520 3247 de-

255 3293 402 3350 volvatur
428 3295 492 3350 iure
518 3304 667 3367 perpetuo
691 3299 719 3350 et
744 3295 997 3365 irrevocabiliter,
1025 3295 1134 3352 harum
1159 3300 1335 3351 nostrarum
1360 3295 1467 3366 vigore
1490 3300 1519 3351 et

255 3401 430 3456 testimonio
457 3400 614 3456 literarum
633 3400 793 3457 mediante.
810 3401 924 3458 Datum
943 3400 1018 3458 l'eria
1034 3406 1144 3473 quarta
1160 3401 1303 3474 proxima
1318 3405 1388 3457 ante
1405 3399 1518 3457 festum

256 3506 452 3562 sacratissimi
469 3507 608 3578 corporis
624 3505 747 3562 l'lrristi.
766 3509 854 3563 Anno
870 3507 986 3563 domini
1005 3507 1033 3562 ll
1050 3506 1264 3563 trecentesimo
1281 3504 1518 3578 quintodecimo.

344 3659 363 3707 E
393 3668 556 3724 transumpto
586 3659 697 3724 capituti
726 3660 904 3724 zagrabiensis
932 3661 964 3708 de
983 3675 1050 3709 anno
1076 3668 1148 3717 1370.
1170 3659 1198 3709 In
1219 3657 1328 3708 archivo
1348 3658 1422 3722 regni
1443 3659 1516 3709 (sb.

257 3751 310 3796 Act.
331 3756 448 3796 convent.
470 3748 631 3797 Remctensis
651 3746 711 3797 false.
735 3758 754 3797 1.
776 3764 813 3798 nr.
835 3759 856 3806 3.

846 4032 935 4099 104.

360 4193 435 4239 rinno
458 4199 530 4248 1315.
551 4201 590 4251 29.
611 4189 774 4255 septembris.
795 4190 948 4256 Zagrabiae.

255 4337 305 4391 Fr.
340 4336 519 4407 allegantium·
549 4338 694 4408 minumus
725 4335 919 4404 zrrrrrrrbicusis
941 4336 974 4391 de
994 4335 1148 4392 redditibus
1178 4337 1290 4392 insulae
1311 4354 1332 4391 s.
1350 4335 1461 4411 Jocnbi
1480 4335 1523 4391 ‹rd

256 4441 363 4497 Surum
386 4443 465 4503 sdur.
488 4459 604 4498 rausum
628 4444 703 4498 iidrr
717 4442 832 4515 fraires
855 4442 965 4498 ordinis
994 4442 1176 4498 cislerciensis
1199 4450 1226 4498 rt
1255 4442 1391 4498 rreoitirrles
1414 4459 1518 4511 arrera-

765 4545 873 4607 irenses
895 4549 1011 4606 dirimit.

344 4691 406 4748 Nos
432 4690 525 4749 irater
549 4694 736 4764 Augustinus
760 4693 959 4750 miseracione
983 4691 1089 4749 divina
1112 4691 1276 4765 episcopus
1303 4688 1518 4763 zagrabiensis.

256 4797 471 4870 significamus
495 4799 608 4869 quibus
631 4797 755 4870 expedit
779 4798 938 4869 universis,
968 4798 1117 4856 memorie
1151 4795 1411 4867 commendantes,
1434 4794 1518 4868 quod
