3488 5242
259 325 318 398 13⁶
525 321 870 400 Doc.152.153.154.
899 355 934 363 -
960 321 1015 378 An.
1041 333 1250 397 ¹329-1331·

850 531 930 598 152.

366 676 442 723 Anno
464 682 539 736 1329,
561 682 599 732 13.
619 673 777 723 novembris.
796 673 889 723 Albae.

256 819 449 876 Immunitatis
464 820 653 892 priuilegium
676 838 696 875 α
719 819 832 876 tributis
858 826 943 892 atque
966 819 1106 874 tricesima
1129 817 1237 874 ciuibus
1267 816 1475 875 Greclrcnsibus
1502 836 1522 873 a

440 925 515 981 Belo
540 925 562 982 Ι
566 925 595 981 V.
619 943 787 995 concessum,
816 926 973 999 capitulum
996 924 1108 981 albense
1130 924 1334 981 transsummit.

342 1067 406 1125 Nos
429 1068 601 1142 capitulum
623 1068 751 1125 ecclesie
774 1069 916 1126 albensis.
946 1068 1094 1124 Memorie
1123 1066 1381 1137 commendantes,
1406 1067 1522 1140 signifi-

254 1189 369 1244 camuS,
393 1174 507 1246 quibus
526 1174 651 1248 expedit
674 1175 868 1248 presencium
884 1191 940 1248 per
955 1179 1094 1231 tenorem
1113 1173 1278 1230 universis:
1300 1173 1383 1245 quod
1400 1175 1521 1231 Marcus

255 1279 381 1336 villicus
404 1285 434 1336 et
456 1280 581 1352 Mycula
604 1279 770 1351 aurifaber,
793 1281 876 1336 cives
899 1278 1078 1349 Grecenses,
1110 1285 1172 1335 tam
1189 1293 1253 1349 suo,
1278 1294 1372 1351 quarn
1397 1280 1520 1337 nomine

255 1383 334 1441 dicte
357 1385 490 1442 civitatis
512 1385 552 1442 ad
576 1391 714 1443 nostram
737 1385 940 1459 personaliter
955 1384 1134 1442 accedentes
1150 1385 1350 1459 presenciam,
1374 1385 1521 1442 exhibue-

254 1496 325 1547 runt
348 1491 438 1548 nobis
461 1491 579 1548 litteras
602 1490 815 1564 privilegiales
838 1491 1026 1549 serenissimi
1048 1491 1206 1564 principis,
1230 1492 1280 1563 pie
1304 1491 1452 1548 memorie
1468 1490 1521 1548 do·

254 1597 331 1653 mini
354 1594 435 1666 Bele,
458 1597 539 1668 regis
571 1596 737 1668 Hungarie,
768 1602 906 1668 petentes
935 1611 991 1653 nos
1024 1611 1094 1653 cum
1123 1596 1278 1665 instancia,
1308 1602 1342 1654 ut
1365 1612 1416 1653 eas
1441 1602 1521 1654 tran·

256 1702 371 1759 summi
394 1709 424 1759 et
447 1703 609 1760 transcribi
634 1701 814 1764 faceremus,
830 1704 988 1776 sigillique
1004 1704 1100 1761 nostri
1116 1703 1315 1777 apposicione
1340 1703 1520 1786 consignari.

255 1806 397 1880 Quarum
420 1816 508 1865 tenor
540 1809 611 1866 talis
642 1815 702 1866 est:
736 1802 809 1887 (vid.
833 1825 877 1866 nr.
909 1824 957 1877 50.
990 1808 1028 1866 de
1058 1824 1138 1866 anno
1165 1807 1256 1878 1267,
1283 1822 1330 1881 23.
1353 1800 1521 1884 februarii).

256 1913 319 1971 Nos
343 1915 437 1987 igitur
459 1914 604 1988 precibus
625 1913 820 1986 prefatorum
850 1915 968 1972 civium
1000 1915 1087 1972 iustis
1118 1919 1148 1972 et
1175 1914 1334 1987 condignis
1358 1914 1522 1986 diligenter

254 2021 490 2092 acquiescentes,
514 2007 597 2094 ipsas
620 2020 739 2077 litteras
763 2020 880 2078 domini
904 2020 975 2078 Bele
998 2021 1079 2092 regis
1106 2021 1324 2094 privilegiales,
1347 2035 1408 2077 non
1431 2021 1521 2076 abra-

254 2139 311 2196 saS,
335 2140 395 2183 non
420 2125 612 2196 cancellatas,
636 2126 743 2183 necin
767 2127 872 2198 aliqua
896 2127 943 2184 sui
968 2133 1055 2199 parte
1079 2127 1207 2184 viciatas
1230 2125 1267 2182 de
1284 2126 1381 2182 verbo
1397 2125 1435 2182 ad
1453 2141 1521 2182 ver-

255 2232 332 2287 bum
355 2231 550 2303 presentibus
575 2232 737 2289 transcribi
761 2238 790 2288 et
807 2232 1016 2304 transumpmi
1031 2231 1169 2301 lecimus,
1186 2231 1409 2304 pendentisque
1425 2231 1520 2302 sigilli

253 2337 350 2394 nostri
373 2337 560 2410 appensione
584 2338 777 2394 communiri.
809 2336 923 2394 Datum
956 2337 1090 2395 secunda
1121 2336 1198 2395 feria
1219 2338 1362 2411 proxima
1386 2344 1455 2410 post
1479 2336 1520 2395 f-

203 2509 205 2514 ,
254 2447 336 2499 stum
358 2443 441 2499 beati
464 2442 588 2499 Martini
610 2441 800 2500 confessoris.
824 2442 915 2500 Anno
939 2442 1057 2500 domini
1080 2444 1250 2500 millesimo
1273 2442 1410 2500 CCCXX
1433 2458 1520 2500 nono.

344 2576 484 2641 Originale
503 2576 529 2626 in
546 2573 706 2634 membrana,
734 2577 854 2644 sigillum
881 2579 970 2644 periit,
998 2578 1097 2628 sericea
1120 2593 1212 2629 crocea
1239 2593 1303 2628 zona
1331 2580 1470 2644 appendet.
1489 2578 1520 2628 In

255 2664 364 2716 archivo
383 2664 429 2714 lib.
449 2679 504 2730 reg.
525 2664 596 2715 civit.
615 2666 719 2731 zagrab.

849 2899 930 2965 153.

363 3039 438 3086 Anno
460 3046 534 3096 1330,
556 3047 576 3087 1.
597 3039 750 3089 decembris.
770 3039 907 3089 Avinione.

341 3167 498 3239 Hugolino
521 3168 560 3224 de
583 3169 746 3241 Placentia,
770 3186 788 3226 a
811 3169 956 3243 pontifice
979 3171 1117 3252 Johanne
1146 3166 1239 3226 XXII.
1271 3170 1453 3243 proveditur
1482 3170 1521 3226 de

256 3273 435 3329 canonicatu
457 3279 486 3329 et
508 3274 686 3345 praebenda
717 3275 747 3332 in
779 3275 907 3332 ecclesia
937 3275 1144 3346 zagrabiensi;
1175 3290 1210 3330 ac
1234 3275 1412 3347 praeposito
1436 3275 1520 3332 Titu-

256 3379 342 3448 lensi,
366 3378 535 3436 colocensis
558 3378 714 3447 dioecesis,
731 3387 761 3438 ct
782 3380 999 3437 archidiacono
1023 3379 1061 3435 de
1085 3380 1268 3449 Kamarcha,
1291 3381 1412 3451 zagrab.
1438 3380 1520 3437 dioe-

257 3483 332 3540 cesis
355 3499 390 3540 ac
414 3485 674 3557 archipresbitero
697 3485 906 3555 Modoetiensi,
931 3485 1167 3542 mediolanensis
1184 3485 1331 3542 dioecesis
1346 3486 1519 3547 mandatur.

254 3594 288 3646 ut
311 3587 468 3663 praedicto
492 3590 650 3663 Hugolino
682 3591 799 3649 dictum
830 3592 1042 3649 canonicatum
1074 3597 1103 3646 et
1131 3590 1342 3664 praebendam
1363 3590 1520 3648 conferen-

254 3693 329 3751 dum
353 3701 466 3753 curent.

342 3829 438 3895 Ereg.
458 3831 525 3897 orig.
544 3831 671 3896 Johannis
690 3831 783 3889 XXII,
808 3846 847 3881 an.
874 3831 947 3881 XIV.
975 3834 1004 3880 Α.
1030 3831 1152 3880 Theincr.
1178 3831 1247 3881 Mon.
1273 3833 1362 3896 Hung.
1382 3831 1441 3881 hist.
1463 3841 1479 3882 t.
1500 3833 1517 3882 Ι.

254 3930 279 3981 p.
299 3916 357 3975 526.

846 4147 928 4213 154.

360 4287 435 4335 Anno
456 4295 530 4345 1331,
550 4286 573 4336 o.
591 4287 713 4351 januarii.
733 4287 871 4337 Avinione.

342 4430 432 4488 Petro
463 4431 588 4505 Georgii
618 4434 657 4491 de
692 4434 881 4508 Caproncha,
918 4437 1062 4493 canonico
1098 4437 1286 4508 zagrabiensi
1320 4453 1337 4492 a
1374 4438 1518 4510 pontifice

253 4536 370 4617 Joanne
393 4537 495 4610 XXII,
520 4555 557 4596 ex
580 4539 822 4598 consideratione
846 4541 950 4598 Caroli
974 4542 1055 4614 regis
1081 4542 1256 4614 Hungariae
1282 4542 1464 4615 providetur
1480 4543 1519 4599 dc

255 4641 433 4698 canonicatu
456 4644 663 4716 zagrabiensis
686 4646 832 4703 ecclesiae
855 4652 884 4702 et
907 4645 945 4703 de
976 4646 1154 4720 praebenda
1177 4654 1331 4717 vacatura,
1355 4663 1389 4704 ac
1412 4649 1519 4705 abbati

254 4761 276 4802 s.
301 4746 424 4819 Mariae,
449 4747 514 4806 ord.
538 4749 748 4818 cisterciensis,
772 4749 811 4808 de
834 4750 992 4825 Zagrabia,
1017 4758 1047 4810 et
1069 4753 1228 4827 preposito
1252 4769 1274 4811 s.
1298 4752 1458 4811 Laurencii
1481 4752 1520 4811 de
