3488 5242
640 356 712 412 Boc.
737 369 806 430 250.
833 389 870 398 —
895 357 950 413 An.
975 354 1065 433 1369.
1421 375 1479 433 235

214 459 425 467 ——m--a-a
441 462 703 473 ——q—--
719 462 1101 468 --—-—-—--—-—--—-—-
1155 464 1477 472 --—-——----—-——-

806 548 894 614 250.

305 690 379 737 Anno
402 689 475 750 1369,
496 700 518 736 2.
538 688 618 754 Junii.
639 688 668 738 In
689 688 833 738 Vereuche.

213 818 378 874 Lualovicus
403 818 578 889 Hrurgnriae
601 825 647 874 etc.
672 837 726 874 rex
748 818 855 874 civibus
884 818 1102 887 Grccltcnsibus,
1125 820 1208 887 burin,
1231 839 1305 893 quae
1329 822 1484 878 France'sco

214 923 416 979 tricesr'matore
439 924 526 979 occiso
557 931 772 996 occupaverunt,
803 931 837 980 ut
857 923 1001 980 Precltocio
1023 932 1051 981 et
1072 925 1160 982 l'clrn
1183 925 1313 991 reddunt,
1329 928 1481 1000 praect'pit.

303 1083 476 1141 Lodouicus
500 1084 548 1142 dei
572 1087 675 1159 gracia
699 1102 753 1143 rex
776 1086 941 1158 Hungarie.
971 1085 1130 1143 Fidelibus
1154 1088 1216 1144 suis
1251 1088 1353 1158 iudici,
1378 1089 1484 1145 iuratis

214 1199 243 1247 et
267 1190 418 1247 universis
442 1190 564 1248 civibus
587 1208 623 1248 ac
646 1192 822 1265 hospitibus
853 1191 985 1249 civitatis
1016 1191 1178 1250 Greeensis
1200 1192 1238 1250 de
1262 1193 1413 1266 Zagrabia
1436 1210 1483 1251 sa·

216 1297 312 1352 lutem
336 1301 365 1352 et
388 1297 532 1368 graciam.
558 1296 667 1354 Nostre
690 1304 719 1354 et
743 1297 872 1370 reginali
893 1298 1115 1368 maiestatibuS,
1132 1299 1304 1356 Puchocius
1320 1307 1350 1357 et
1366 1301 1482 1371 Petrus,

214 1402 336 1472 Gallici,
360 1403 448 1474 gravi
472 1403 654 1460 detexerunt
677 1403 735 1460 sub
764 1403 891 1475 querela
914 1409 944 1460 et
968 1419 1075 1460 eorum
1101 1404 1333 1462 subvocandam
1350 1421 1482 1479 conque·

214 1509 325 1564 stivam
361 1508 545 1565 relacionem
576 1509 688 1566 litteris
718 1510 866 1582 primarie
891 1510 1048 1582 magnifici
1071 1510 1131 1567 viri
1157 1511 1237 1568 Petri
1261 1510 1371 1583 Zudar,
1396 1513 1482 1584 regni

214 1614 376 1671 Sclanonie
401 1616 481 1684 bani,
505 1621 707 1687 extremoque
739 1616 866 1688 capituli
894 1616 1103 1688 zagrabiensis
1126 1616 1304 1674 efficacibus
1326 1618 1482 1691 approba-

213 1728 292 1791 runt,
310 1721 392 1793 quod
410 1737 480 1778 cum
498 1722 527 1778 in
545 1720 595 1778 die
611 1737 684 1778 cene
700 1720 826 1792 domini,
840 1722 901 1778 iam
918 1722 1034 1794 elapso,
1052 1722 1131 1779 inter
1142 1723 1337 1780 Franciscum
1351 1724 1483 1781 condam

215 1828 469 1884 tricesimatorem
493 1834 522 1883 et
547 1828 650 1900 ipsum
674 1827 808 1897 Petrum,
832 1826 979 1898 Gallicos,
1003 1826 1114 1885 eodem
1139 1829 1300 1886 Francisco
1318 1829 1482 1886 suscitante

214 1941 244 1990 et
280 1942 423 1991 movente
459 1933 595 2006 quedam
627 1933 785 1990 contencio
813 1938 842 1990 et
865 1932 981 1991 sedicio
1011 1935 1106 1991 vestri
1137 1935 1167 1991 in
1201 1933 1303 1991 medio
1334 1936 1482 1992 ventilata

216 2039 373 2109 extitisset,
406 2038 534 2111 quidam
558 2041 651 2096 homo
683 2040 871 2097 Laurencius
893 2040 1026 2111 nomine,
1050 2041 1174 2112 iobagio
1197 2040 1338 2112 magistri
1362 2041 1481 2098 Nicolai

213 2143 325 2215 Sciant,
355 2146 419 2202 vini
454 2146 570 2202 insania
600 2145 739 2214 infectus,
772 2144 810 2202 de
840 2144 944 2203 medio
975 2147 1110 2204 aliorum
1134 2147 1304 2218 hominurn,
1329 2148 1382 2219 qui
1407 2148 1482 2205 inibi

214 2258 284 2308 tunc
319 2257 460 2324 pretextu
492 2252 687 2309 amiracionis
718 2252 816 2325 ipsius
843 2268 953 2324 guerre
986 2253 1219 2323 concurrissent,
1252 2259 1378 2326 repente
1410 2269 1482 2326 pro·

215 2356 354 2428 siliend0,
379 2358 481 2431 ipsunt
505 2359 702 2414 Franciscum
726 2360 757 2415 in
781 2364 868 2430 tergo
899 2358 985 2416 letali
1017 2360 1133 2416 wlnere
1156 2359 1330 2429 sauciasset,
1353 2377 1409 2433 per
1432 2376 1483 2416 ne·

215 2463 328 2520 minem
354 2463 392 2520 ad
417 2463 448 2521 id
473 2464 587 2536 petitus
611 2469 641 2520 et
664 2464 817 2533 choactus,
841 2464 895 2521 sed
919 2465 1047 2537 propria
1070 2464 1232 2521 dumtaxat
1256 2466 1333 2522 meri
1348 2482 1402 2522 seu
1418 2466 1482 2523 vini

212 2569 298 2626 rabie
330 2585 482 2626 venenosa
522 2570 698 2639 concitatus,
730 2586 787 2643 per
817 2569 900 2642 quod
933 2571 1034 2627 winus
1073 2570 1197 2627 tandem
1229 2574 1299 2644 post
1329 2571 1481 2643 pusillum

213 2682 336 2749 tempus
360 2676 442 2733 idern
466 2677 658 2746 FranciscuS,
682 2692 720 2733 ex
744 2682 832 2749 parte
856 2676 929 2734 dicti
954 2677 1035 2733 Petri
1059 2692 1115 2749 per
1137 2677 1241 2734 omnia
1266 2677 1403 2747 intactus
1420 2678 1483 2751 spl-

212 2783 307 2840 ritum
340 2783 507 2851 exalasset;
538 2790 715 2853 asserentes,
746 2787 779 2839 ut
812 2798 868 2839 vos
900 2783 1045 2840 universa
1069 2783 1150 2839 bona
1174 2783 1314 2855 ipsorum
1339 2782 1482 2840 Puchocii

213 2898 243 2945 et
267 2889 357 2960 Petri,
382 2888 586 2960 Gallicorum,
611 2888 802 2945 familiarum
827 2896 1012 2960 nostrorum,
1038 2894 1102 2945 tam
1126 2889 1256 2946 mobilia
1273 2903 1367 2961 quam
1384 2889 1481 2945 eciam

215 2996 399 3065 immobilia,
423 2996 517 3052 vestri
539 2996 568 3052 in
593 2995 696 3052 medio
720 2996 833 3065 habita,
858 2995 980 3052 racione
1003 2995 1086 3052 necis
1102 3011 1156 3051 seu
1173 2996 1282 3052 mortis
1299 2994 1372 3053 dicti
1389 2996 1482 3052 Fran·

213 3102 284 3158 cisci
310 3102 523 3170 abstulissetis
549 3100 656 3157 eadem
682 3117 739 3173 pro
763 3101 853 3157 vobis
878 3100 1041 3157 vendicare
1064 3101 1241 3157 mollientes
1264 3106 1294 3157 et
1310 3106 1482 3172 satagentes

214 3214 278 3264 toto
304 3208 380 3265 nisu.
406 3207 493 3265 Unde
517 3224 588 3264 cum
611 3207 721 3264 exinde
745 3207 832 3264 nulla
855 3207 1058 3264 determinata
1082 3207 1196 3264 veritas
1218 3206 1272 3263 sed
1295 3207 1401 3278 ingens
1417 3222 1482 3262 am-

215 3314 347 3384 biguitas
381 3313 445 3371 fore
477 3320 644 3384 censeatur,
676 3316 717 3371 ob
749 3314 869 3386 hocque
900 3313 1034 3370 velimus
1061 3328 1192 3370 unacum
1217 3311 1343 3369 domina
1367 3312 1480 3384 regina,

212 3421 358 3490 genitrice
393 3428 497 3477 nostra
529 3427 558 3477 et
591 3421 760 3477 baronibus
791 3419 904 3476 nostris
934 3434 1027 3490 super
1058 3418 1116 3474 hiis
1140 3417 1323 3489 deliberare,
1347 3417 1480 3474 evidenti

213 3532 241 3582 et
265 3527 455 3583 incumbenti
479 3526 517 3583 de
541 3526 656 3583 eisdem
688 3525 873 3583 documento
906 3529 995 3581 antea
1018 3524 1180 3580 cerciorari
1202 3524 1356 3593 volumus,
1381 3522 1481 3580 fideli-

213 3633 329 3703 tatique
352 3638 453 3688 vestre
485 3632 661 3688 firmissime
691 3631 848 3702 edicimus
880 3637 1030 3703 quatenus
1053 3628 1157 3685 statim
1182 3628 1255 3685 visis
1285 3628 1481 3701 presentibus

212 3738 316 3793 omnia
339 3744 368 3794 et
392 3738 530 3810 quelibet
554 3737 707 3794 dictorum
734 3737 877 3794 Puchocii
901 3743 930 3793 et
948 3736 1038 3805 Petri,
1056 3733 1259 3803 Gallicorum,
1277 3732 1479 3790 familiarium

212 3850 398 3914 nostrorum,
422 3846 502 3901 bona
529 3850 591 3901 tam
616 3845 745 3901 mobilia
768 3860 861 3916 quam
886 3842 1062 3901 immobilia
1090 3841 1201 3913 quovis
1225 3840 1349 3896 nomine
1372 3840 1480 3912 appel-

213 3951 283 4021 lata,
316 3967 372 4023 per
403 3967 458 4007 vos
490 3957 633 4024 pretextu
665 3951 897 4023 premissorum,
930 3949 970 4004 ab
999 3946 1116 4004 eisdem
1146 3946 1260 4015 ablata,
1285 3944 1480 4018 presentibus

214 4058 362 4127 magistro
385 4058 511 4139 jacobe,
547 4057 612 4113 tilio
638 4057 718 4113 Petri
742 4056 780 4112 de
808 4055 988 4127 Noginclral
1020 4052 1089 4110 aule
1113 4051 1260 4123 reginalis
1282 4049 1401 4125 juvene,
1426 4050 1480 4106 ho-

213 4163 294 4219 mine
319 4168 423 4219 nostro
447 4163 582 4235 speciali,
616 4163 772 4234 signanter
802 4161 840 4218 ad
866 4161 897 4218 id
925 4160 1075 4217 destinato
1098 4163 1128 4214 et
1151 4156 1327 4213 testimonio
1352 4153 1479 4228 capituli

212 4269 427 4339 zagrabiensiS,
453 4268 535 4340 quod
561 4286 616 4340 per
640 4270 743 4341 ipsum
766 4268 805 4325 ad
830 4267 860 4324 id
884 4266 1049 4323 transmitti
1073 4263 1217 4320 iubemus
1241 4278 1296 4335 per
1312 4264 1478 4334 presentes

213 4374 302 4431 dictis
326 4375 465 4443 Gallicis,
491 4373 697 4430 familiaribus
721 4373 842 4443 nostris
863 4373 927 4429 sine
951 4371 1036 4428 omni
1059 4383 1155 4438 mora,
1172 4383 1280 4424 recusa
1295 4372 1325 4424 et
1341 4365 1479 4438 dampno

211 4482 371 4537 restituere
395 4487 424 4537 et
448 4482 603 4553 resignare
631 4481 715 4536 omni
747 4494 818 4536 cum
849 4479 959 4535 effectu
988 4475 1145 4543 debeatis;
1178 4473 1216 4531 de
1248 4471 1392 4545 dampnis
1423 4486 1480 4544 per

211 4601 268 4642 vos
292 4587 367 4659 ipsis
392 4588 547 4644 immerito
571 4587 665 4644 illatis
689 4585 805 4642 eisdem
831 4582 1060 4653 satisfacientes,
1083 4597 1138 4637 nec
1163 4578 1288 4636 eosdem
1309 4577 1478 4634 familiares

211 4698 332 4749 nostros
367 4693 554 4751 Puchocium
577 4699 606 4750 et
632 4692 754 4749 Petrum
779 4690 883 4748 medio
907 4694 1056 4760 ternpore,
1087 4700 1249 4759 quousque
1271 4699 1335 4755 nos,
1359 4688 1392 4740 ut
1416 4697 1480 4739 me·

213 4799 367 4870 minimus,
401 4814 495 4872 super
525 4798 694 4872 pretaxatis
730 4795 982 4864 deliberabimus,
1014 4791 1165 4866 impedire
1196 4789 1333 4847 audeatis
1357 4788 1387 4846 in
1411 4803 1480 4861 per·
