3488 5242
272 336 332 396 174
379 273 380 276 ¹
683 320 758 379 Doc.
783 331 850 397 197.
878 355 914 363 -—
940 320 996 380 An.
1021 336 1110 399 1344.
1140 376 1143 381 ,

270 423 1272 434 —-—-—.—--————-—-————-—--——-
1284 428 1529 435 -..——.—

265 515 397 589 Quando
419 525 525 576 autern
548 535 586 576 ex
609 536 701 578 causa
732 521 838 593 aliqua
868 521 1049 578 citacionem
1078 536 1172 578 unam
1202 537 1260 594 pro
1284 522 1364 578 trina
1386 521 1529 595 perhem-

262 604 399 697 ptoriam
422 625 583 697 contigerit
609 627 755 695 emanari‚
773 633 844 684 tunc
860 625 1103 700 condempnacio
1131 641 1200 683 eam
1224 633 1370 699 sequatur
1393 627 1468 685 acsi
1486 633 1532 683 ter

266 727 373 786 suisset
396 730 464 802 quis
488 731 605 788 citatus.
630 731 662 788 ln
688 733 795 789 ceteris
820 748 893 789 vero
922 731 1118 789 iudicialibus
1150 732 1345 805 processibus
1370 732 1400 789 in
1423 732 1531 788 huius-

266 834 350 892 modi
374 836 710 910 condempnacionibus
733 844 872 894 servetur
898 837 972 909 quid
997 838 1072 894 iuris
1096 842 1140 894 est
1166 838 1214 893 vel
1232 836 1459 894 consvetudinis
1475 853 1530 910 ap-

267 942 404 1014 probate.
428 942 465 998 Et
489 950 521 999 ut
546 958 691 1016 processu
715 950 894 1017 temporum
918 944 977 1015 ipsi
992 943 1089 1000 nostri
1105 944 1188 1000 cives
1205 944 1269 999 sive
1294 943 1430 1014 hospites
1447 943 1532 1015 quie·

265 1047 330 1104 cius
343 1049 465 1105 valeant
481 1064 672 1123 permanere,
690 1051 790 1107 curias
807 1066 859 1106 eos
876 1049 926 1106 vel
944 1047 1055 1106 fundos
1071 1050 1227 1105 curiarum
1245 1050 1391 1105 volumus
1407 1048 1532 1120 equales

266 1153 381 1210 habere
405 1155 435 1210 in
461 1154 621 1212 latitudine
644 1157 764 1226 saltem,
789 1155 933 1212 videlicet
956 1154 1081 1226 triginta
1104 1153 1238 1211 duorum
1263 1153 1462 1211 brachiorum
1480 1154 1531 1210 sil-

267 1260 425 1330 vestrium,
450 1260 611 1334 longitudo
635 1267 739 1320 autem
762 1277 869 1318 earum
893 1277 930 1318 ex
954 1267 1084 1332 utraque
1108 1267 1195 1334 parte
1219 1260 1305 1316 vicus
1329 1258 1530 1332 protendatur

265 1380 363 1437 usque
384 1365 514 1424 fluvium
537 1368 603 1424 sive
628 1368 731 1425 rivum
754 1367 814 1424 sibi
837 1366 1028 1424 adiacentem
1052 1366 1090 1423 de
1113 1372 1205 1423 retro.
1236 1365 1390 1423 Volumus
1418 1371 1529 1435 autern,

266 1477 299 1527 ut
323 1472 381 1544 ipsi
405 1473 488 1530 cives
511 1475 576 1530 sive
599 1474 737 1547 hospites
759 1489 815 1531 nos
839 1479 1059 1546 recognoscant
1084 1488 1141 1547 pro
1164 1474 1228 1530 suis
1251 1472 1386 1530 dominis
1409 1478 1531 1529 natura-

266 1576 349 1633 libus
372 1584 402 1635 et
424 1579 514 1636 nobis
538 1584 698 1636 teneantur
720 1580 861 1636 assistere
884 1595 1009 1653 semper
1033 1595 1103 1638 cum
1125 1579 1225 1637 solida
1249 1578 1398 1636 fidelitate
1423 1592 1530 1635 omnes

265 1686 295 1739 et
315 1683 430 1755 singuli
452 1699 523 1742 eum
547 1685 610 1741 suis
633 1685 792 1757 inquilinis
821 1690 852 1741 et
882 1685 1108 1758 pertinentibus
1132 1686 1170 1743 ad
1195 1685 1327 1743 eosdem.
1350 1685 1385 1742 In
1408 1685 1530 1757 signum

266 1793 369 1846 autern
393 1791 614 1863 recognicionis
645 1790 773 1848 dominii
805 1791 901 1847 nostri
933 1792 1125 1865 temporalis,
1157 1793 1343 1849 tenebuntur
1365 1791 1455 1848 nobis
1479 1808 1531 1850 an·
1602 1815 1603 1818 ¹

266 1896 383 1952 nuatim
408 1896 439 1953 in
463 1895 540 1954 festo
564 1897 646 1954 beati
670 1896 793 1954 Martini
817 1895 1010 1968 confessoris,
1034 1898 1072 1955 de
1096 1899 1268 1968 novembri,
1285 1899 1400 1971 singuli
1416 1897 1454 1954 de
1470 1899 1531 1955 sin·

266 2001 348 2072 gulis
372 2002 464 2059 curiis
488 2003 614 2074 integris
637 2003 759 2060 solvere
783 2001 986 2076 quadraginta
1010 2003 1152 2062 denarios
1169 2004 1295 2061 banales
1311 2005 1408 2061 bonos
1425 2011 1454 2060 et
1470 2005 1529 2060 tria

267 2122 395 2164 munera
419 2107 498 2165 inira
521 2124 644 2177 annum,
668 2107 707 2166 ad
732 2107 844 2166 festum
874 2109 1019 2168 videlicet
1050 2111 1218 2168 nativitatis
1246 2110 1362 2168 domini
1399 2111 1530 2183 quilibet

266 2229 360 2270 unum
385 2229 535 2287 caponem
559 2215 685 2286 bonurn,
709 2220 841 2287 quatuor
864 2231 957 2288 panes
980 2221 1010 2272 et
1033 2230 1092 2272 ova
1115 2215 1230 2273 decem.
1257 2217 1343 2280 item.
1360 2215 1399 2273 ad
1416 2215 1527 2274 festum

264 2321 499 2377 resurreccionis
522 2319 640 2378 domini
664 2327 796 2394 quatuor
828 2337 930 2395 panes,
962 2338 1058 2379 unum
1088 2338 1221 2391 caseum,
1251 2338 1310 2380 ova
1341 2321 1527 2395 quindecim.

264 2425 343 2483 Item
365 2425 404 2483 ad
428 2426 541 2484 festum
563 2428 646 2485 beati
670 2429 750 2500 regis
773 2426 920 2502 Stephani
944 2426 1020 2484 duas
1043 2427 1175 2499 gallinas
1198 2428 1264 2485 sive
1288 2428 1393 2501 pullos
1422 2429 1527 2497 bonos¹

265 2546 360 2604 panes
382 2539 516 2606 quatuor
545 2539 575 2590 et
605 2549 665 2591 ova
688 2532 811 2601 decem;
842 2534 955 2607 quibus
986 2534 1119 2591 contenti
1149 2549 1308 2606 nunquam
1340 2535 1380 2591 ab
1412 2535 1455 2590 eis
1479 2534 1530 2590 vel

264 2654 372 2696 eorum
395 2640 552 2712 aliquibus
575 2640 769 2712 requiremus
793 2640 929 2712 amplius
945 2640 1111 2696 solucionis
1127 2638 1357 2708 ordinarie‚‘sed
1375 2654 1427 2696 eos
1443 2654 1527 2696 com-

264 2747 378 2802 morari
402 2745 442 2802 ad
465 2747 615 2803 honorem
639 2745 688 2802 dei
719 2755 749 2802 et
779 2746 860 2803 beati
892 2747 972 2817 regis
1003 2744 1151 2818 Stephani
1183 2746 1212 2802 in
1243 2761 1298 2802 sua
1332 2745 1473 2802 libertate
1498 2752 1528 2801 et

265 2850 362 2908 libere
386 2851 608 2924 permittemus.
633 2852 665 2908 ln
690 2866 822 2924 quorum
848 2852 1072 2923 premissorum
1096 2852 1235 2907 omnium
1258 2851 1356 2907 robur
1379 2861 1409 2907 et
1432 2851 1530 2907 firmi·

265 2961 360 3013 tatem
384 2957 579 3029 presentibus
602 2956 743 3028 sigillum
767 2963 908 3014 nostrum
929 2956 1076 3014 duximus
1099 2956 1326 3030 apponendum.
1358 2957 1472 3014 Datum
1498 2958 1528 3013 in

265 3063 397 3120 crastino
414 3061 483 3120 festi
500 3063 669 3120 nativitatis
686 3062 845 3120 benedicte
862 3062 989 3135 virginis
1003 3063 1106 3120 Marie.
1126 3065 1212 3120 Anno
1229 3063 1345 3119 domini
1364 3061 1529 3119 MCCCXL

265 3176 383 3241 quarto.

354 3303 494 3369 Originale
507 3303 545 3352 <in
575 3305 733 3360 membrana,
758 3304 878 3371 sigillum
898 3305 1019 3369 deperiit.
1041 3305 1114 3354 Olim
1128 3306 1284 3355 servabatur
1297 3305 1323 3353 in
1337 3304 1445 3354 archivo
1460 3321 1528 3354 com-

265 3391 350 3441 munis
369 3392 459 3442 Novae
478 3393 566 3445 villae.
587 3409 653 3442 nunc
673 3401 759 3443 autem
779 3395 805 3443 in
824 3395 894 3443 arch,
916 3393 961 3442 lib.
982 3410 1036 3458 reg.
1063 3393 1133 3443 civit.
1161 3397 1265 3459 zagrab.
1294 3396 1385 3459 Joann,
1412 3393 1528 3443 Tkaldic',

264 3480 333 3530 Mon.
354 3479 414 3530 hist.
434 3481 511 3545 episc.
533 3482 636 3547 zngrab.
657 3481 690 3530 II.
709 3498 733 3546 p.
758 3491 813 3543 145.

856 3730 939 3797 197.

370 3871 445 3918 Anno
468 3878 541 3929 1344,
565 3879 601 3918 ll.
620 3870 779 3919 novembris.
799 3869 951 3933 Zagrabiae.

263 3995 405 4053 Mcolaus
426 3998 511 4054 totius
536 3996 693 4054 Sluooniae
715 3998 815 4066 burrus,
846 3999 891 4054 ius
913 4005 942 4054 et
962 3998 1072 4054 lumem
1099 4016 1227 4054 currente
1250 3998 1372 4063 brevialis,
1394 3999 1521 4053 cornibus

262 4103 346 4174 regm'
367 4102 504 4159 nobilibus
530 4105 711 4176 congregatis
741 4104 830 4176 iisque
859 4104 1098 4171 conscendentibus,
1122 4104 1236 4180 jacobo
1269 4106 1326 4160 rivi
1362 4104 1527 4169 Grerluvrsr',

489 4223 558 4285 300
581 4211 686 4266 rnurcr's
708 4209 892 4266 ‹leuariumm
915 4217 1041 4266 monetae
1063 4210 1186 4279 barralis,
1213 4211 1294 4266 liunt.

349 4352 413 4409 Nos
435 4353 580 4410 Nicolaus
604 4355 703 4411 banus
728 4355 825 4411 tocius
849 4352 1018 4411 Sclauonie.
1043 4355 1191 4411 Memorie
1213 4354 1462 4411 commendantes
1486 4361 1527 4410 te·

262 4471 334 4513 nore
368 4460 563 4531 presencium
597 4459 807 4531 significamus
843 4461 955 4532 quibus
991 4460 1116 4533 expedit
1150 4461 1310 4529 universis,
1353 4461 1435 4532 quod
1473 4477 1527 4518 nos

261 4563 487 4622 considerantes
510 4572 539 4622 et
562 4566 753 4623 attendentes
782 4564 961 4623 devocionis
984 4567 1100 4623 sincere
1124 4567 1198 4623 item
1224 4574 1253 4624 et
1277 4565 1434 4623 fidelitatis
1457 4584 1528 4624 con·

261 4669 410 4726 stanciam
440 4669 559 4753 Jacobi,
580 4669 638 4729 filii
665 4669 797 4742 Vliardi.
822 4672 901 4729 civis
924 4671 962 4728 de
986 4672 1110 4729 civitate
1134 4671 1288 4740 Greceusi‚
1313 4671 1441 4738 Nicolai‚
1464 4672 1521 4729 filii

261 4769 357 4844 Pauli,
381 4774 485 4846 Zuetk‚
509 4775 567 4833 filii
590 4775 724 4847 Staulen,
747 4778 863 4835 civium
892 4776 931 4835 de
961 4778 1156 4853 Kapruncha‚
1187 4779 1326 4850 magistri
1350 4778 1517 4852 Raphaelis
