3488 5242
237 364 296 424 ara
656 345 732 403 Dor.
756 339 826 420 236.
851 376 888 385 —
905 342 963 402 An.
988 339 1076 420 1356.

236 548 302 621 ipse
325 545 493 602 devocione
521 542 632 600 ductus
663 541 800 616 speciali,
834 540 943 599 volens
973 541 1099 599 celestia
1122 539 1294 614 preponere
1317 541 1447 598 terrenis
1473 545 1503 598 et

236 656 387 725 perpetuo
410 648 559 706 duratura
582 647 714 720 caducis,
738 647 835 705 altare
859 647 890 704 in
909 648 1025 704 honore
1049 647 1138 704 beate
1155 647 1249 704 Marie
1272 646 1452 719 Magdalene
1469 647 1499 703 in
1586 719 1588 722 Ι

237 757 376 831 predicta
398 755 526 813 ecclesia
548 754 739 827 zagrabiensi
764 754 900 812 construi
924 751 1024 811 facere
1047 760 1077 810 et
1100 751 1236 825 quadam
1258 767 1314 810 sua
1335 752 1502 825 possessio-

237 864 323 921 naria
346 863 492 936 porcione
515 861 660 934 empticia
683 860 770 932 olym
806 858 976 931 Cychorya,
1000 875 1081 917 nunc
1103 873 1178 916 vero
1209 859 1360 916 Petrouch
1384 865 1502 928 vocata,

237 971 269 1028 in
292 969 440 1027 comitatu
463 967 653 1040 zagrabiensi
677 967 708 1024 in
732 966 888 1024 vicinitate
920 965 1121 1039 possessionis
1152 963 1308 1037 Stephani,
1333 963 1392 1021 filii
1414 965 1504 1034 Luce,

238 1075 353 1144 habita,
377 1090 472 1148 quam
496 1075 563 1148 ipse
589 1073 669 1130 iusto
693 1073 769 1130 iuris
788 1073 880 1130 titulo
903 1087 922 1129 a
944 1072 1112 1129 iuventutis
1135 1086 1189 1128 sue
1213 1077 1352 1144 tempore
1377 1069 1506 1144 pacifice

237 1181 410 1239 obtinuisse
433 1178 644 1237 dinosceretur
667 1185 697 1234 et
721 1176 902 1251 possedisse,
918 1192 976 1251 pro
992 1193 1049 1234 usu
1064 1177 1154 1234 unius
1171 1175 1339 1234 sacerdotis
1362 1175 1503 1249 predicto

238 1286 329 1359 altari
353 1286 442 1342 beate
465 1269 561 1342 Marie
584 1282 766 1356 Magdalene
788 1283 1042 1341 amministrantis
1066 1281 1183 1339 dictum
1206 1283 1303 1339 altare
1324 1281 1431 1339 dotare
1448 1283 1506 1339 nit·

192 1368 195 1372 .
239 1398 376 1461 teretur;
396 1391 466 1448 ideo
489 1405 545 1448 nos
568 1389 607 1447 de
630 1390 743 1463 pietate
773 1389 870 1461 regali
901 1389 941 1446 ad
970 1387 1002 1446 id
1037 1387 1212 1445 faciendum
1242 1388 1343 1446 eidem
1365 1393 1506 1445 nostrum

239 1500 362 1571 regium
385 1511 569 1554 consensum
592 1496 724 1570 prebere
747 1495 947 1567 dignaremur
976 1501 1006 1552 et
1036 1510 1203 1552 assensum.
1227 1494 1291 1552 Nos
1315 1495 1426 1567 itaque,
1452 1495 1505 1567 qui

241 1622 279 1662 ex
303 1606 406 1662 innata
428 1603 527 1675 regali
551 1602 734 1660 affabilitate
757 1617 816 1676 pro
839 1601 978 1659 comodis
1001 1607 1104 1659 sancte
1127 1602 1254 1659 ecclesie
1271 1607 1301 1659 et
1318 1602 1505 1659 servitorum

242 1711 381 1769 eiusdem
403 1709 618 1784 ampliacione,
642 1724 698 1781 per
722 1723 816 1781 quam
843 1723 932 1781 reges
961 1714 1091 1780 regnant
1114 1714 1144 1765 et
1167 1709 1352 1766 sublimium
1375 1708 1507 1780 imperia

241 1818 371 1876 dilacius
404 1815 618 1885 extenduntur,
650 1813 783 1889 provida
812 1815 1090 1888 circumspeccione
1120 1815 1247 1872 intuitus
1281 1814 1375 1871 nostri
1399 1813 1506 1871 oculos

242 1929 420 1981 convertere
444 1921 603 1991 debemus,
626 1919 877 1992 attendentesque
908 1920 1133 1993 supplicacioni
1156 1919 1268 1993 prefati
1295 1920 1435 1992 Dyonisii
1459 1935 1508 1976 ar·

242 2029 424 2100 chydiaconi
449 2027 515 2085 fore
538 2028 653 2084 iustam
682 2031 712 2083 et
742 2026 910 2096 salubrem,
941 2027 1092 2099 premissa
1123 2041 1177 2083 sua
1200 2027 1352 2099 peticione
1376 2027 1508 2098 benigne

243 2135 387 2192 exaudita
409 2139 440 2191 et
463 2133 605 2203 admissa,
629 2131 768 2206 predicte
783 2148 837 2190 sue
858 2133 1097 2205 possessionarie
1114 2132 1275 2190 donacioni
1300 2140 1329 2191 et
1354 2134 1508 2191 dotacioni

243 2240 316 2298 dicti
339 2240 446 2297 altaris
469 2244 610 2296 nostrum
632 2238 752 2309 regium
776 2253 959 2295 consensum
983 2238 1151 2310 prebemus
1174 2244 1203 2295 et
1219 2253 1387 2308 assensum,
1404 2238 1507 2296 dando

243 2347 344 2404 eidem
368 2345 450 2403 dicto
473 2345 601 2402 domino
623 2343 774 2416 Dyonisio
796 2343 1023 2415 archydiacono
1047 2344 1218 2417 predictam
1235 2345 1507 2419 possessionariam

243 2467 333 2509 suam
356 2452 535 2525 porcionem
560 2450 640 2508 iusto
670 2450 840 2523 empcionis
872 2449 963 2507 titulo
994 2450 1098 2522 ipsum
1129 2451 1365 2521 contingentem,
1390 2451 1508 2507 tamin

245 2559 308 2616 vita
331 2572 426 2630 quam
448 2557 479 2613 in
503 2560 603 2613 morte
626 2555 709 2612 dicto
741 2555 833 2612 altari
862 2555 952 2613 beate
985 2556 1080 2612 Marie
1111 2556 1292 2628 Magdalene
1315 2557 1345 2614 in
1370 2556 1509 2629 predicta

245 2664 373 2721 ecclesia
394 2662 587 2741 zagrabiensi
613 2660 826 2732 construendo,
858 2676 917 2735 pro
948 2677 1003 2718 usu
1035 2662 1125 2719 unius
1157 2662 1324 2720 sacerdotis
1347 2663 1376 2720 in
1401 2662 1508 2720 eadem

245 2769 290 2842 ad⁴
308 2768 435 2826 laudem
458 2773 488 2825 et
510 2767 645 2840 gloriam
668 2766 767 2825 divini
789 2767 925 2825 numinis
949 2782 984 2825 ac
1015 2767 1238 2839 gloriosissime
1262 2769 1390 2840 virginis
1414 2770 1510 2826 Marie

245 2875 384 2932 eiusdem
418 2874 575 2946 genitricis
606 2888 678 2946 prov
693 2879 798 2931 nostra
827 2879 858 2931 et
885 2874 956 2948 ,eius
991 2874 1090 2932 salute
1121 2875 1263 2947 perpetui
1298 2877 1509 2946 ministrantis,

246 2981 330 3037 omni
354 2995 389 3037 ea
412 2979 592 3036 condicione
623 2985 653 3036 et
684 2979 827 3037 libertate
858 2995 919 3052 qua
951 2979 1011 3037 alie
1040 2980 1248 3053 possessiones
1279 2981 1360 3039 dicte
1383 2982 1511 3038 ecclesie

246 3086 450 3160 possidentur,
475 3085 577 3155 dandi,
601 3084 736 3142 donandi
758 3093 787 3143 et
811 3087 934 3158 legandi
960 3102 995 3143 ac
1023 3085 1139 3144 dictum
1168 3087 1265 3144 altare
1293 3088 1418 3145 dotandi
1444 3088 1510 3162 ple·

246 3207 317 3248 nam
353 3199 382 3249 et
413 3192 589 3249 absolutam
614 3190 791 3249 facultatem
823 3194 974 3265 presentis
1006 3193 1113 3266 scripti
1141 3194 1313 3265 patrocinio
1345 3194 1510 3251 mediante.

247 3296 363 3354 Datum
387 3314 443 3370 per
467 3313 575 3354 manns
599 3298 787 3355 venerabilis
810 3299 841 3356 in
865 3298 989 3355 Christo
1019 3300 1116 3372 patris
1147 3298 1265 3356 domini
1295 3299 1420 3367 Nicolai‚
1443 3316 1512 3372 pre·

248 3403 342 3459 missa
367 3409 396 3460 et
419 3404 589 3476 apostolica
613 3405 715 3475 gracia
740 3404 878 3479 episcopi
908 3405 1124 3475 zagrabiensis
1155 3406 1225 3462 aule
1249 3411 1351 3462 nostre
1375 3406 1512 3462 vicecan-

248 3507 376 3578 cellarii,
401 3508 505 3565 dilecti
529 3516 559 3565 et
582 3507 684 3565 fidelis
706 3511 811 3567 nostri.
837 3512 925 3568 Anno
956 3509 1074 3567 domini
1106 3510 1274 3567 millesimo
1298 3512 1511 3568 trecentesimo

249 3617 506 3687 quinquagesimo
530 3622 632 3684 sext0;
658 3614 842 3673 duodecimo
864 3616 1012 3674 kalendas
1035 3618 1148 3674 mensis
1171 3618 1262 3698 Junii.
1287 3617 1383 3688 Regni
1407 3622 1510 3673 autem

249 3722 345 3778 nostri
369 3736 448 3779 anno
471 3720 709 3793 quintodecimo,
734 3722 974 3779 Venerabilibus
997 3722 1027 3780 in
1051 3722 1175 3779 Christo
1199 3722 1348 3794 patribus,
1371 3721 1512 3792 dominis,

250 3826 379 3884 Nicolao
409 3828 613 3898 strigoniensi,
637 3828 758 3899 locique
782 3827 920 3885 eiusdem
944 3829 1056 3885 comite
1084 3834 1241 3900 perpetuo.
1265 3829 1418 3885 colocensi
1440 3829 1512 3886 sede

250 3939 386 4003 vacante,
410 3939 440 3988 et
463 3932 591 4004 ngino
615 3932 790 4006 spalatensi,
814 3935 1054 4007 archiepiscopis
1062 3952 1070 4002 ;
1094 3933 1223 3991 Nicolao
1245 3935 1386 4007 agriensi,
1402 3935 1513 3991 Deme·

250 4038 310 4094 trio
333 4036 525 4106 waradiensi,
550 4038 739 4096 transilvana
771 4039 843 4097 sede
873 4040 1017 4097 similiter
1048 4047 1183 4109 vacante,
1214 4040 1341 4097 Nicolao
1364 4041 1515 4113 quinque-

250 4143 434 4212 echesiensi‚
457 4143 596 4225 Johanne
619 4145 853 4218 vesprimiensi,
877 4146 1049 4203 Coiomano
1078 4144 1233 4221 jauriensi,
1264 4147 1424 4218 Mycbaele
1453 4163 1514 4204 wa-

251 4249 375 4318 chiensi‚
407 4248 528 4305 Thoma
555 4249 760 4321 chanadiensi,
792 4251 883 4309 Petro
914 4252 1067 4321 boznensi,
1100 4250 1257 4321 fratribus,
1293 4251 1413 4308 Thoma
1447 4253 1514 4310 siri-

252 4355 369 4424 miensi,
393 4353 550 4427 Stephano
578 4356 714 4414 nitriensi
746 4364 776 4414 et
809 4357 912 4415 Blasio
944 4359 1104 4430 tynniensi‚
1127 4359 1327 4415 ecclesiarum
1353 4359 1515 4431 episcopis,

252 4461 396 4518 ecclesias
409 4460 458 4517 dei
473 4461 604 4518 feliciter
620 4463 872 4534 gubernantibus.
889 4464 1060 4535 Magnificis
1075 4465 1242 4521 baronibus
1256 4464 1384 4521 Nicolao
1401 4464 1513 4531 Konth,

253 4567 340 4639 regni
361 4568 459 4625 nostri
481 4569 620 4642 palatino
643 4576 673 4626 et
696 4569 795 4626 iudice
827 4570 1045 4640 Comanorum,
1069 4569 1194 4627 Andrea
1218 4570 1370 4642 woyvoda
1394 4571 1516 4628 transil-

253 4687 333 4730 vano
354 4677 385 4730 et
407 4674 520 4731 comite
543 4674 582 4731 de
604 4674 718 4745 Zonulr,
742 4673 860 4747 Cylrow
891 4677 1040 4748 magistro
1071 4677 1300 4734 tavarnicorum
1329 4682 1515 4744 nostrorum,

253 4777 381 4837 Nicolao
403 4778 442 4836 de
465 4778 571 4852 Zeech,
594 4780 694 4839 iudice
716 4783 801 4840 curie
828 4789 932 4841 nostre
960 4789 989 4841 et
1020 4784 1132 4843 comite
1165 4781 1204 4843 de
1228 4782 1362 4852 Turucb,
1386 4782 1515 4840 Nicolao
