<?xml version="1.0" encoding="UTF-8"?>
<!DOCTYPE html PUBLIC "-//W3C//DTD XHTML 1.0 Transitional//EN"
    "http://www.w3.org/TR/xhtml1/DTD/xhtml1-transitional.dtd">
<html xmlns="http://www.w3.org/1999/xhtml" xml:lang="en" lang="en">
 <head>
  <title>
</title>
<meta http-equiv="Content-Type" content="text/html;charset=utf-8" />
  <meta name='ocr-system' content='tesseract 3.04.00' />
  <meta name='ocr-capabilities' content='ocr_page ocr_carea ocr_par ocr_line ocrx_word'/>
</head>
<body>
  <div class='ocr_page' id='page_1' title='image "./monumentahistor11laszgoog_0332.png"; bbox 0 0 3488 5242; ppageno 0'>
   <div class='ocr_carea' id='block_1_1' title="bbox 678 312 1518 390">
    <p class='ocr_par' dir='ltr' id='par_1_1' title="bbox 678 312 1518 390">
     <span class='ocr_line' id='line_1_1' title="bbox 678 312 1518 390; baseline -0.002 -20"><span class='ocrx_word' id='word_1_1' title='bbox 678 313 750 370; x_wconf 72' lang='lat' dir='ltr'><strong>Dec.</strong></span> <span class='ocrx_word' id='word_1_2' title='bbox 775 326 839 389; x_wconf 77' lang='lat'><strong>113.</strong></span> <span class='ocrx_word' id='word_1_3' title='bbox 866 345 903 354; x_wconf 89' lang='lat'><em>-</em></span> <span class='ocrx_word' id='word_1_4' title='bbox 929 312 1095 389; x_wconf 78' lang='lat' dir='ltr'><strong>An.1321.</strong></span> <span class='ocrx_word' id='word_1_5' title='bbox 1478 328 1518 390; x_wconf 73' lang='lat'><strong>97</strong></span> 
     </span>
    </p>
   </div>
   <div class='ocr_carea' id='block_1_2' title="bbox 257 418 888 428">
    <p class='ocr_par' dir='ltr' id='par_1_2' title="bbox 257 418 888 428">
     <span class='ocr_line' id='line_1_2' title="bbox 257 418 888 428; baseline -0.006 0"><span class='ocrx_word' id='word_1_6' title='bbox 257 420 598 428; x_wconf 71' lang='lat'><strong>———.—-—-</strong></span> <span class='ocrx_word' id='word_1_7' title='bbox 614 420 804 425; x_wconf 80' lang='lat'>-...—...--—</span> <span class='ocrx_word' id='word_1_8' title='bbox 818 418 888 425; x_wconf 62' lang='grc' dir='ltr'><strong>-ο-</strong></span> 
     </span>
    </p>
   </div>
   <div class='ocr_carea' id='block_1_3' title="bbox 254 510 1521 887">
    <p class='ocr_par' dir='ltr' id='par_1_3' title="bbox 254 510 1521 887">
     <span class='ocr_line' id='line_1_3' title="bbox 254 510 1521 596; baseline -0.002 -26"><span class='ocrx_word' id='word_1_9' title='bbox 254 513 392 596; x_wconf 88' lang='lat' dir='ltr'><strong>Johannc</strong></span> <span class='ocrx_word' id='word_1_10' title='bbox 415 513 510 570; x_wconf 85' lang='lat' dir='ltr'><strong>XXII.</strong></span> <span class='ocrx_word' id='word_1_11' title='bbox 534 511 717 586; x_wconf 90' lang='lat' dir='ltr'><strong>providetur</strong></span> <span class='ocrx_word' id='word_1_12' title='bbox 740 527 776 568; x_wconf 91' lang='lat' dir='ltr'><strong>ac</strong></span> <span class='ocrx_word' id='word_1_13' title='bbox 798 511 965 569; x_wconf 83' lang='lat' dir='ltr'>abbatibus</span> <span class='ocrx_word' id='word_1_14' title='bbox 992 510 1031 569; x_wconf 93' lang='lat' dir='ltr'><strong>de</strong></span> <span class='ocrx_word' id='word_1_15' title='bbox 1060 510 1146 570; x_wconf 86' lang='lat' dir='ltr'><strong>Grab</strong></span> <span class='ocrx_word' id='word_1_16' title='bbox 1177 518 1207 570; x_wconf 92' lang='lat' dir='ltr'><strong>et</strong></span> <span class='ocrx_word' id='word_1_17' title='bbox 1237 510 1276 569; x_wconf 91' lang='lat' dir='ltr'><strong>de</strong></span> <span class='ocrx_word' id='word_1_18' title='bbox 1306 510 1466 585; x_wconf 88' lang='lat' dir='ltr'><strong>Thoplica‚</strong></span> <span class='ocrx_word' id='word_1_19' title='bbox 1490 515 1521 568; x_wconf 89' lang='lat' dir='ltr'><strong>et</strong></span> 
     </span>
     <span class='ocr_line' id='line_1_4' title="bbox 254 616 1520 693; baseline -0.002 -17"><span class='ocrx_word' id='word_1_20' title='bbox 254 619 433 693; x_wconf 86' lang='lat' dir='ltr'><strong>praeposito</strong></span> <span class='ocrx_word' id='word_1_21' title='bbox 467 619 613 675; x_wconf 87' lang='lat' dir='ltr'><strong>ecclesiae</strong></span> <span class='ocrx_word' id='word_1_22' title='bbox 643 634 665 674; x_wconf 91' lang='lat' dir='ltr'><strong>s.</strong></span> <span class='ocrx_word' id='word_1_23' title='bbox 697 617 811 674; x_wconf 91' lang='lat' dir='ltr'><strong>Mariae</strong></span> <span class='ocrx_word' id='word_1_24' title='bbox 842 616 880 673; x_wconf 89' lang='lat' dir='ltr'><strong>de</strong></span> <span class='ocrx_word' id='word_1_25' title='bbox 911 616 1022 687; x_wconf 87' lang='lat' dir='ltr'><strong>Vaska,</strong></span> <span class='ocrx_word' id='word_1_26' title='bbox 1059 618 1227 675; x_wconf 90' lang='lat' dir='ltr'><strong>colocensis</strong></span> <span class='ocrx_word' id='word_1_27' title='bbox 1254 622 1283 675; x_wconf 88' lang='lat' dir='ltr'><strong>et</strong></span> <span class='ocrx_word' id='word_1_28' title='bbox 1314 616 1520 689; x_wconf 84' lang='lat' dir='ltr'><strong>zagrabiensis</strong></span> 
     </span>
     <span class='ocr_line' id='line_1_5' title="bbox 255 721 1520 797; baseline -0.001 -16"><span class='ocrx_word' id='word_1_29' title='bbox 255 725 450 792; x_wconf 85' lang='lat' dir='ltr'>dioecesium,</span> <span class='ocrx_word' id='word_1_30' title='bbox 466 723 630 784; x_wconf 88' lang='lat' dir='ltr'><strong>mandatur</strong></span> <span class='ocrx_word' id='word_1_31' title='bbox 651 728 686 780; x_wconf 88' lang='lat' dir='ltr'><strong>ut</strong></span> <span class='ocrx_word' id='word_1_32' title='bbox 700 721 833 779; x_wconf 87' lang='lat' dir='ltr'><strong>eundem</strong></span> <span class='ocrx_word' id='word_1_33' title='bbox 854 723 1020 780; x_wconf 88' lang='lat' dir='ltr'><strong>Martinum</strong></span> <span class='ocrx_word' id='word_1_34' title='bbox 1037 724 1279 797; x_wconf 89' lang='lat' dir='ltr'><strong>incorporalem</strong></span> <span class='ocrx_word' id='word_1_35' title='bbox 1296 724 1520 796; x_wconf 90' lang='lat' dir='ltr'><strong>possessionem</strong></span> 
     </span>
     <span class='ocr_line' id='line_1_6' title="bbox 254 827 1138 887; baseline -0.001 0"><span class='ocrx_word' id='word_1_36' title='bbox 254 829 431 887; x_wconf 91' lang='lat' dir='ltr'><strong>huiusmodi</strong></span> <span class='ocrx_word' id='word_1_37' title='bbox 456 828 720 886; x_wconf 79' lang='lat' dir='ltr'><strong>archidiaconatus</strong></span> <span class='ocrx_word' id='word_1_38' title='bbox 745 827 889 884; x_wconf 92' lang='lat' dir='ltr'><strong>inducant</strong></span> <span class='ocrx_word' id='word_1_39' title='bbox 912 834 942 885; x_wconf 89' lang='lat' dir='ltr'><strong>et</strong></span> <span class='ocrx_word' id='word_1_40' title='bbox 965 828 1138 886; x_wconf 86' lang='lat' dir='ltr'><strong>defendant.</strong></span> 
     </span>
    </p>
   </div>
   <div class='ocr_carea' id='block_1_4' title="bbox 255 980 1518 1137">
    <p class='ocr_par' dir='ltr' id='par_1_4' title="bbox 255 980 1518 1137">
     <span class='ocr_line' id='line_1_7' title="bbox 343 980 1518 1055; baseline 0 -24"><span class='ocrx_word' id='word_1_41' title='bbox 343 983 364 1031; x_wconf 84' lang='lat' dir='ltr'>E</span> <span class='ocrx_word' id='word_1_42' title='bbox 384 998 437 1047; x_wconf 81' lang='lat' dir='ltr'><strong>reg.</strong></span> <span class='ocrx_word' id='word_1_43' title='bbox 452 982 520 1046; x_wconf 83' lang='lat' dir='ltr'><strong>orig.</strong></span> <span class='ocrx_word' id='word_1_44' title='bbox 543 982 608 1055; x_wconf 43' lang='grc' dir='ltr'><strong>μὴ..</strong></span> <span class='ocrx_word' id='word_1_45' title='bbox 616 981 708 1031; x_wconf 92' lang='lat' dir='ltr'><strong>XXII.</strong></span> <span class='ocrx_word' id='word_1_46' title='bbox 722 996 761 1031; x_wconf 89' lang='lat' dir='ltr'><strong>an.</strong></span> <span class='ocrx_word' id='word_1_47' title='bbox 782 981 827 1039; x_wconf 89' lang='lat' dir='ltr'><strong>IV,</strong></span> <span class='ocrx_word' id='word_1_48' title='bbox 847 997 887 1046; x_wconf 89' lang='lat' dir='ltr'><strong>ep.</strong></span> <span class='ocrx_word' id='word_1_49' title='bbox 907 990 956 1038; x_wconf 82' lang='lat'><strong>555</strong></span> <span class='ocrx_word' id='word_1_50' title='bbox 978 987 1003 1030; x_wconf 92' lang='lat' dir='ltr'><strong>et</strong></span> <span class='ocrx_word' id='word_1_51' title='bbox 1022 982 1080 1044; x_wconf 78' lang='lat'><strong>967.</strong></span> <span class='ocrx_word' id='word_1_52' title='bbox 1092 984 1116 1030; x_wconf 85' lang='grc' dir='ltr'>Α</span> <span class='ocrx_word' id='word_1_53' title='bbox 1128 981 1251 1031; x_wconf 88' lang='lat' dir='ltr'><strong>Thei-ner.</strong></span> <span class='ocrx_word' id='word_1_54' title='bbox 1272 981 1340 1031; x_wconf 87' lang='lat' dir='ltr'><strong>Mon.</strong></span> <span class='ocrx_word' id='word_1_55' title='bbox 1356 982 1444 1046; x_wconf 86' lang='lat' dir='ltr'><strong>Hung.</strong></span> <span class='ocrx_word' id='word_1_56' title='bbox 1458 980 1518 1032; x_wconf 77' lang='lat' dir='ltr'><strong>bisc</strong></span> 
     </span>
     <span class='ocr_line' id='line_1_8' title="bbox 255 1073 396 1137; baseline 0.043 -14"><span class='ocrx_word' id='word_1_57' title='bbox 255 1073 274 1122; x_wconf 90' lang='grc' dir='ltr'><strong>Ι.</strong></span> <span class='ocrx_word' id='word_1_58' title='bbox 295 1089 318 1137; x_wconf 82' lang='lat' dir='ltr'><strong>p.</strong></span> <span class='ocrx_word' id='word_1_59' title='bbox 337 1079 396 1132; x_wconf 81' lang='lat'>470·</span> 
     </span>
    </p>
   </div>
   <div class='ocr_carea' id='block_1_5' title="bbox 853 1268 929 1333">
    <p class='ocr_par' dir='ltr' id='par_1_5' title="bbox 853 1268 929 1333">
     <span class='ocr_line' id='line_1_9' title="bbox 853 1268 929 1333; baseline 0 -1"><span class='ocrx_word' id='word_1_60' title='bbox 853 1268 929 1333; x_wconf 81' lang='lat'><strong>113.</strong></span> 
     </span>
    </p>
   </div>
   <div class='ocr_carea' id='block_1_6' title="bbox 361 1407 958 1467">
    <p class='ocr_par' dir='ltr' id='par_1_6' title="bbox 361 1407 958 1467">
     <span class='ocr_line' id='line_1_10' title="bbox 361 1407 958 1467; baseline -0.002 -8"><span class='ocrx_word' id='word_1_61' title='bbox 361 1412 436 1459; x_wconf 82' lang='lat' dir='ltr'><strong>Anno</strong></span> <span class='ocrx_word' id='word_1_62' title='bbox 459 1419 532 1467; x_wconf 82' lang='lat'>1321,</span> <span class='ocrx_word' id='word_1_63' title='bbox 554 1419 576 1458; x_wconf 80' lang='lat'><strong>2.</strong></span> <span class='ocrx_word' id='word_1_64' title='bbox 596 1407 734 1460; x_wconf 87' lang='lat' dir='ltr'><strong>februarii.</strong></span> <span class='ocrx_word' id='word_1_65' title='bbox 760 1407 790 1458; x_wconf 89' lang='lat' dir='ltr'><strong>In</strong></span> <span class='ocrx_word' id='word_1_66' title='bbox 808 1407 958 1459; x_wconf 85' lang='lat' dir='ltr'><strong>Temesvar.</strong></span> 
     </span>
    </p>
   </div>
   <div class='ocr_carea' id='block_1_7' title="bbox 261 1535 1523 1613">
    <p class='ocr_par' dir='ltr' id='par_1_7' title="bbox 261 1535 1523 1613">
     <span class='ocr_line' id='line_1_11' title="bbox 261 1535 1523 1613; baseline 0.001 -20"><span class='ocrx_word' id='word_1_67' title='bbox 261 1538 382 1593; x_wconf 67' lang='lat' dir='ltr'><strong>Corolia</strong></span> <span class='ocrx_word' id='word_1_68' title='bbox 410 1538 587 1608; x_wconf 75' lang='lat' dir='ltr'><strong>Hungarr&#39;ae</strong></span> <span class='ocrx_word' id='word_1_69' title='bbox 616 1544 663 1594; x_wconf 82' lang='lat' dir='ltr'><strong>etc.</strong></span> <span class='ocrx_word' id='word_1_70' title='bbox 692 1556 754 1605; x_wconf 82' lang='lat' dir='ltr'><strong>rex,</strong></span> <span class='ocrx_word' id='word_1_71' title='bbox 778 1536 918 1613; x_wconf 77' lang='lat' dir='ltr'><strong>Juhonm&#39;</strong></span> <span class='ocrx_word' id='word_1_72' title='bbox 941 1537 1016 1594; x_wconf 79' lang='lat' dir='ltr'><strong>bano</strong></span> <span class='ocrx_word' id='word_1_73' title='bbox 1035 1538 1121 1595; x_wconf 70' lang='lat' dir='ltr'><strong>tonitr</strong></span> <span class='ocrx_word' id='word_1_74' title='bbox 1154 1535 1312 1594; x_wconf 82' lang='lat' dir='ltr'><strong>Slanoniae</strong></span> <span class='ocrx_word' id='word_1_75' title='bbox 1338 1537 1466 1608; x_wconf 80' lang='lat' dir='ltr'><strong>ntandat,</strong></span> <span class='ocrx_word' id='word_1_76' title='bbox 1489 1545 1523 1594; x_wconf 84' lang='lat' dir='ltr'><strong>ut</strong></span> 
     </span>
    </p>
   </div>
   <div class='ocr_carea' id='block_1_8' title="bbox 392 1643 1376 1718">
    <p class='ocr_par' dir='ltr' id='par_1_8' title="bbox 392 1643 1376 1718">
     <span class='ocr_line' id='line_1_12' title="bbox 392 1643 1376 1718; baseline 0 -18"><span class='ocrx_word' id='word_1_77' title='bbox 392 1644 613 1700; x_wconf 73' lang='lat' dir='ltr'><strong>constitutionem</strong></span> <span class='ocrx_word' id='word_1_78' title='bbox 644 1643 714 1699; x_wconf 82' lang='lat' dir='ltr'><strong>noru&#39;</strong></span> <span class='ocrx_word' id='word_1_79' title='bbox 734 1643 836 1700; x_wconf 78' lang='lat' dir='ltr'><strong>tributi</strong></span> <span class='ocrx_word' id='word_1_80' title='bbox 847 1643 1005 1717; x_wconf 74' lang='lat' dir='ltr'><strong>filars&#39;c&#39;ina</strong></span> <span class='ocrx_word' id='word_1_81' title='bbox 1027 1651 1056 1700; x_wconf 82' lang='lat' dir='ltr'><strong>et</strong></span> <span class='ocrx_word' id='word_1_82' title='bbox 1075 1645 1217 1713; x_wconf 83' lang='lat' dir='ltr'><strong>solmiera,</strong></span> <span class='ocrx_word' id='word_1_83' title='bbox 1239 1645 1376 1718; x_wconf 82' lang='lat' dir='ltr'><strong>inquirat.</strong></span> 
     </span>
    </p>
   </div>
   <div class='ocr_carea' id='block_1_9' title="bbox 254 1798 1521 4316">
    <p class='ocr_par' dir='ltr' id='par_1_9' title="bbox 254 1798 1521 4316">
     <span class='ocr_line' id='line_1_13' title="bbox 345 1798 1519 1886; baseline -0.001 -22"><span class='ocrx_word' id='word_1_84' title='bbox 345 1808 479 1864; x_wconf 79' lang='lat' dir='ltr'><strong>Karalus</strong></span> <span class='ocrx_word' id='word_1_85' title='bbox 495 1806 544 1864; x_wconf 92' lang='lat' dir='ltr'><strong>dei</strong></span> <span class='ocrx_word' id='word_1_86' title='bbox 561 1807 664 1878; x_wconf 82' lang='lat' dir='ltr'><strong>gracia</strong></span> <span class='ocrx_word' id='word_1_87' title='bbox 680 1822 735 1863; x_wconf 87' lang='lat' dir='ltr'><strong>rex</strong></span> <span class='ocrx_word' id='word_1_88' title='bbox 750 1805 893 1877; x_wconf 90' lang='lat' dir='ltr'><strong>Vngarie.</strong></span> <span class='ocrx_word' id='word_1_89' title='bbox 910 1805 1009 1862; x_wconf 82' lang='lat' dir='ltr'><strong>Fideli</strong></span> <span class='ocrx_word' id='word_1_90' title='bbox 1025 1820 1080 1862; x_wconf 95' lang='lat' dir='ltr'><strong>suo</strong></span> <span class='ocrx_word' id='word_1_91' title='bbox 1097 1804 1262 1877; x_wconf 90' lang='lat' dir='ltr'><strong>magnifico</strong></span> <span class='ocrx_word' id='word_1_92' title='bbox 1278 1805 1346 1863; x_wconf 89' lang='lat' dir='ltr'><strong>viro</strong></span> <span class='ocrx_word' id='word_1_93' title='bbox 1362 1798 1519 1886; x_wconf 86' lang='lat' dir='ltr'><strong>J(ohanni)</strong></span> 
     </span>
     <span class='ocr_line' id='line_1_14' title="bbox 255 1910 1521 1985; baseline -0.001 -16"><span class='ocrx_word' id='word_1_94' title='bbox 255 1913 337 1970; x_wconf 90' lang='lat' dir='ltr'><strong>bano</strong></span> <span class='ocrx_word' id='word_1_95' title='bbox 367 1914 465 1970; x_wconf 88' lang='lat' dir='ltr'><strong>tocius</strong></span> <span class='ocrx_word' id='word_1_96' title='bbox 496 1911 658 1969; x_wconf 89' lang='lat' dir='ltr'><strong>Sclauonie</strong></span> <span class='ocrx_word' id='word_1_97' title='bbox 689 1912 822 1968; x_wconf 87' lang='lat' dir='ltr'><strong>salutem</strong></span> <span class='ocrx_word' id='word_1_98' title='bbox 853 1917 882 1968; x_wconf 89' lang='lat' dir='ltr'><strong>et</strong></span> <span class='ocrx_word' id='word_1_99' title='bbox 914 1911 1057 1983; x_wconf 82' lang='lat' dir='ltr'><strong>graciam.</strong></span> <span class='ocrx_word' id='word_1_100' title='bbox 1084 1910 1205 1969; x_wconf 85' lang='lat' dir='ltr'><strong>Fideles</strong></span> <span class='ocrx_word' id='word_1_101' title='bbox 1228 1912 1324 1969; x_wconf 88' lang='lat' dir='ltr'><strong>nostri</strong></span> <span class='ocrx_word' id='word_1_102' title='bbox 1347 1911 1521 1985; x_wconf 90' lang='lat' dir='ltr'><strong>capitulum</strong></span> 
     </span>
     <span class='ocr_line' id='line_1_15' title="bbox 254 2017 1520 2090; baseline -0.002 -14"><span class='ocrx_word' id='word_1_103' title='bbox 254 2019 451 2090; x_wconf 87' lang='lat' dir='ltr'><strong>zagrabiense</strong></span> <span class='ocrx_word' id='word_1_104' title='bbox 483 2019 573 2075; x_wconf 92' lang='lat' dir='ltr'><strong>nobis</strong></span> <span class='ocrx_word' id='word_1_105' title='bbox 604 2017 739 2075; x_wconf 90' lang='lat' dir='ltr'><strong>indicant</strong></span> <span class='ocrx_word' id='word_1_106' title='bbox 766 2017 991 2090; x_wconf 88' lang='lat' dir='ltr'><strong>conquerendo,</strong></span> <span class='ocrx_word' id='word_1_107' title='bbox 1023 2017 1107 2090; x_wconf 91' lang='lat' dir='ltr'><strong>quod</strong></span> <span class='ocrx_word' id='word_1_108' title='bbox 1138 2033 1209 2074; x_wconf 91' lang='lat' dir='ltr'><strong>cum</strong></span> <span class='ocrx_word' id='word_1_109' title='bbox 1237 2023 1337 2075; x_wconf 92' lang='lat' dir='ltr'><strong>totum</strong></span> <span class='ocrx_word' id='word_1_110' title='bbox 1367 2017 1520 2075; x_wconf 91' lang='lat' dir='ltr'><strong>tributum</strong></span> 
     </span>
     <span class='ocr_line' id='line_1_16' title="bbox 255 2122 1520 2197; baseline 0 -16"><span class='ocrx_word' id='word_1_111' title='bbox 255 2124 315 2181; x_wconf 85' lang='lat' dir='ltr'><strong>sori</strong></span> <span class='ocrx_word' id='word_1_112' title='bbox 345 2125 551 2196; x_wconf 85' lang='lat' dir='ltr'><strong>zagrabiensis</strong></span> <span class='ocrx_word' id='word_1_113' title='bbox 583 2124 613 2181; x_wconf 94' lang='lat' dir='ltr'><strong>in</strong></span> <span class='ocrx_word' id='word_1_114' title='bbox 644 2128 745 2180; x_wconf 91' lang='lat' dir='ltr'><strong>castro</strong></span> <span class='ocrx_word' id='word_1_115' title='bbox 777 2122 922 2180; x_wconf 91' lang='lat' dir='ltr'><strong>Grecensi</strong></span> <span class='ocrx_word' id='word_1_116' title='bbox 954 2139 992 2181; x_wconf 84' lang='lat' dir='ltr'><strong>ex</strong></span> <span class='ocrx_word' id='word_1_117' title='bbox 1015 2124 1186 2181; x_wconf 88' lang='lat' dir='ltr'><strong>collacione</strong></span> <span class='ocrx_word' id='word_1_118' title='bbox 1209 2124 1444 2197; x_wconf 89' lang='lat' dir='ltr'><strong>progenitorum</strong></span> <span class='ocrx_word' id='word_1_119' title='bbox 1466 2138 1520 2181; x_wconf 91' lang='lat' dir='ltr'><strong>no·</strong></span> 
     </span>
     <span class='ocr_line' id='line_1_17' title="bbox 255 2227 1520 2302; baseline 0.001 -17"><span class='ocrx_word' id='word_1_120' title='bbox 255 2235 388 2287; x_wconf 90' lang='lat' dir='ltr'><strong>strorum</strong></span> <span class='ocrx_word' id='word_1_121' title='bbox 413 2228 451 2286; x_wconf 91' lang='lat' dir='ltr'><strong>ad</strong></span> <span class='ocrx_word' id='word_1_122' title='bbox 477 2230 581 2302; x_wconf 90' lang='lat' dir='ltr'><strong>ipsum</strong></span> <span class='ocrx_word' id='word_1_123' title='bbox 605 2230 778 2302; x_wconf 90' lang='lat' dir='ltr'><strong>capitulum</strong></span> <span class='ocrx_word' id='word_1_124' title='bbox 802 2230 953 2301; x_wconf 83' lang='lat' dir='ltr'><strong>pertineat</strong></span> <span class='ocrx_word' id='word_1_125' title='bbox 977 2230 1071 2302; x_wconf 92' lang='lat' dir='ltr'><strong>pleno</strong></span> <span class='ocrx_word' id='word_1_126' title='bbox 1094 2229 1169 2299; x_wconf 91' lang='lat' dir='ltr'><strong>iure,</strong></span> <span class='ocrx_word' id='word_1_127' title='bbox 1193 2228 1276 2286; x_wconf 89' lang='lat' dir='ltr'><strong>cives</strong></span> <span class='ocrx_word' id='word_1_128' title='bbox 1300 2227 1468 2285; x_wconf 88' lang='lat' dir='ltr'><strong>Grecenses</strong></span> <span class='ocrx_word' id='word_1_129' title='bbox 1489 2229 1520 2286; x_wconf 92' lang='lat' dir='ltr'><strong>in</strong></span> 
     </span>
     <span class='ocr_line' id='line_1_18' title="bbox 255 2333 1520 2408; baseline 0 -17"><span class='ocrx_word' id='word_1_130' title='bbox 255 2333 394 2392; x_wconf 81' lang='lat' dir='ltr'><strong>fraudem</strong></span> <span class='ocrx_word' id='word_1_131' title='bbox 418 2336 488 2392; x_wconf 90' lang='lat' dir='ltr'><strong>iusti</strong></span> <span class='ocrx_word' id='word_1_132' title='bbox 506 2342 535 2391; x_wconf 85' lang='lat' dir='ltr'><strong>et</strong></span> <span class='ocrx_word' id='word_1_133' title='bbox 551 2334 664 2407; x_wconf 90' lang='lat' dir='ltr'><strong>regalis</strong></span> <span class='ocrx_word' id='word_1_134' title='bbox 681 2335 788 2391; x_wconf 90' lang='lat' dir='ltr'><strong>tributi</strong></span> <span class='ocrx_word' id='word_1_135' title='bbox 809 2337 1033 2393; x_wconf 86' lang='lat' dir='ltr'><strong>constituerunt</strong></span> <span class='ocrx_word' id='word_1_136' title='bbox 1052 2350 1146 2408; x_wconf 88' lang='lat' dir='ltr'><strong>super</strong></span> <span class='ocrx_word' id='word_1_137' title='bbox 1160 2335 1278 2392; x_wconf 85' lang='lat' dir='ltr'><strong>salibus</strong></span> <span class='ocrx_word' id='word_1_138' title='bbox 1295 2341 1326 2391; x_wconf 88' lang='lat' dir='ltr'><strong>et</strong></span> <span class='ocrx_word' id='word_1_139' title='bbox 1341 2334 1434 2392; x_wconf 89' lang='lat' dir='ltr'><strong>rebus</strong></span> <span class='ocrx_word' id='word_1_140' title='bbox 1449 2333 1520 2392; x_wconf 88' lang='lat' dir='ltr'><strong>aliis</strong></span> 
     </span>
     <span class='ocr_line' id='line_1_19' title="bbox 254 2440 1519 2515; baseline 0 -17"><span class='ocrx_word' id='word_1_141' title='bbox 254 2457 334 2498; x_wconf 82' lang='lat' dir='ltr'><strong>nova</strong></span> <span class='ocrx_word' id='word_1_142' title='bbox 358 2442 491 2514; x_wconf 91' lang='lat' dir='ltr'><strong>quedam</strong></span> <span class='ocrx_word' id='word_1_143' title='bbox 516 2443 640 2513; x_wconf 84' lang='lat' dir='ltr'><strong>tributa,</strong></span> <span class='ocrx_word' id='word_1_144' title='bbox 664 2458 724 2515; x_wconf 85' lang='lat' dir='ltr'><strong>que</strong></span> <span class='ocrx_word' id='word_1_145' title='bbox 748 2441 933 2515; x_wconf 87' lang='lat' dir='ltr'><strong>quandoque</strong></span> <span class='ocrx_word' id='word_1_146' title='bbox 957 2442 1119 2499; x_wconf 87' lang='lat' dir='ltr'><strong>tilarchina</strong></span> <span class='ocrx_word' id='word_1_147' title='bbox 1142 2442 1310 2511; x_wconf 90' lang='lat' dir='ltr'><strong>nominant,</strong></span> <span class='ocrx_word' id='word_1_148' title='bbox 1334 2440 1519 2514; x_wconf 84' lang='lat' dir='ltr'><strong>quandoque</strong></span> 
     </span>
     <span class='ocr_line' id='line_1_20' title="bbox 254 2545 1520 2620; baseline 0 -18"><span class='ocrx_word' id='word_1_149' title='bbox 254 2553 283 2603; x_wconf 89' lang='lat' dir='ltr'><strong>et</strong></span> <span class='ocrx_word' id='word_1_150' title='bbox 307 2548 368 2604; x_wconf 88' lang='lat' dir='ltr'><strong>alia</strong></span> <span class='ocrx_word' id='word_1_151' title='bbox 391 2549 516 2605; x_wconf 91' lang='lat' dir='ltr'><strong>nomina</strong></span> <span class='ocrx_word' id='word_1_152' title='bbox 540 2548 699 2620; x_wconf 85' lang='lat' dir='ltr'><strong>inponunt,</strong></span> <span class='ocrx_word' id='word_1_153' title='bbox 732 2563 791 2619; x_wconf 87' lang='lat' dir='ltr'><strong>que</strong></span> <span class='ocrx_word' id='word_1_154' title='bbox 816 2548 931 2605; x_wconf 84' lang='lat' dir='ltr'><strong>tributa</strong></span> <span class='ocrx_word' id='word_1_155' title='bbox 955 2547 1038 2605; x_wconf 91' lang='lat' dir='ltr'><strong>idem</strong></span> <span class='ocrx_word' id='word_1_156' title='bbox 1061 2547 1233 2620; x_wconf 90' lang='lat' dir='ltr'><strong>capitulum</strong></span> <span class='ocrx_word' id='word_1_157' title='bbox 1250 2545 1324 2604; x_wconf 93' lang='lat' dir='ltr'><strong>dicit</strong></span> <span class='ocrx_word' id='word_1_158' title='bbox 1339 2560 1400 2603; x_wconf 90' lang='lat' dir='ltr'><strong>non</strong></span> <span class='ocrx_word' id='word_1_159' title='bbox 1417 2546 1520 2602; x_wconf 90' lang='lat' dir='ltr'><strong>solum</strong></span> 
     </span>
     <span class='ocr_line' id='line_1_21' title="bbox 255 2652 1519 2726; baseline 0 -16"><span class='ocrx_word' id='word_1_160' title='bbox 255 2654 313 2711; x_wconf 90' lang='lat' dir='ltr'><strong>sibi</strong></span> <span class='ocrx_word' id='word_1_161' title='bbox 338 2670 403 2710; x_wconf 88' lang='lat' dir='ltr'><strong>esse</strong></span> <span class='ocrx_word' id='word_1_162' title='bbox 427 2655 581 2722; x_wconf 83' lang='lat' dir='ltr'><strong>iniuriosa,</strong></span> <span class='ocrx_word' id='word_1_163' title='bbox 605 2653 658 2710; x_wconf 89' lang='lat' dir='ltr'><strong>sed</strong></span> <span class='ocrx_word' id='word_1_164' title='bbox 683 2654 780 2710; x_wconf 90' lang='lat' dir='ltr'><strong>eciam</strong></span> <span class='ocrx_word' id='word_1_165' title='bbox 802 2653 946 2710; x_wconf 91' lang='lat' dir='ltr'><strong>omnibus</strong></span> <span class='ocrx_word' id='word_1_166' title='bbox 970 2653 1097 2711; x_wconf 88' lang='lat' dir='ltr'><strong>illarum</strong></span> <span class='ocrx_word' id='word_1_167' title='bbox 1121 2653 1263 2726; x_wconf 90' lang='lat' dir='ltr'><strong>parcium</strong></span> <span class='ocrx_word' id='word_1_168' title='bbox 1286 2652 1451 2725; x_wconf 82' lang='lat' dir='ltr'><strong>regnicolis</strong></span> <span class='ocrx_word' id='word_1_169' title='bbox 1466 2667 1519 2710; x_wconf 90' lang='lat' dir='ltr'><strong>no·</strong></span> 
     </span>
     <span class='ocr_line' id='line_1_22' title="bbox 255 2757 1520 2832; baseline -0.002 -15"><span class='ocrx_word' id='word_1_170' title='bbox 255 2760 371 2817; x_wconf 87' lang='lat' dir='ltr'><strong>bilibus</strong></span> <span class='ocrx_word' id='word_1_171' title='bbox 395 2767 424 2817; x_wconf 92' lang='lat' dir='ltr'><strong>et</strong></span> <span class='ocrx_word' id='word_1_172' title='bbox 448 2761 648 2830; x_wconf 48' lang='lat' dir='ltr'><strong>innobilibus)</strong></span> <span class='ocrx_word' id='word_1_173' title='bbox 672 2761 726 2832; x_wconf 91' lang='lat' dir='ltr'><strong>qui</strong></span> <span class='ocrx_word' id='word_1_174' title='bbox 751 2760 877 2817; x_wconf 87' lang='lat' dir='ltr'><strong>marinis</strong></span> <span class='ocrx_word' id='word_1_175' title='bbox 900 2760 1018 2817; x_wconf 90' lang='lat' dir='ltr'><strong>salibus</strong></span> <span class='ocrx_word' id='word_1_176' title='bbox 1041 2761 1086 2817; x_wconf 92' lang='lat' dir='ltr'><strong>uti</strong></span> <span class='ocrx_word' id='word_1_177' title='bbox 1109 2760 1216 2817; x_wconf 90' lang='lat' dir='ltr'><strong>solent.</strong></span> <span class='ocrx_word' id='word_1_178' title='bbox 1240 2757 1339 2832; x_wconf 90' lang='lat' dir='ltr'><strong>Super</strong></span> <span class='ocrx_word' id='word_1_179' title='bbox 1362 2773 1424 2831; x_wconf 91' lang='lat' dir='ltr'><strong>quo</strong></span> <span class='ocrx_word' id='word_1_180' title='bbox 1444 2757 1520 2816; x_wconf 89' lang='lat' dir='ltr'><strong>fide·</strong></span> 
     </span>
     <span class='ocr_line' id='line_1_23' title="bbox 255 2864 1519 2940; baseline -0.001 -18"><span class='ocrx_word' id='word_1_181' title='bbox 255 2867 372 2923; x_wconf 89' lang='lat' dir='ltr'><strong>litatem</strong></span> <span class='ocrx_word' id='word_1_182' title='bbox 405 2874 491 2923; x_wconf 93' lang='lat' dir='ltr'><strong>tuam</strong></span> <span class='ocrx_word' id='word_1_183' title='bbox 522 2866 709 2938; x_wconf 88' lang='lat' dir='ltr'><strong>requirimus</strong></span> <span class='ocrx_word' id='word_1_184' title='bbox 742 2882 799 2939; x_wconf 90' lang='lat' dir='ltr'><strong>per</strong></span> <span class='ocrx_word' id='word_1_185' title='bbox 830 2871 996 2940; x_wconf 84' lang='lat' dir='ltr'><strong>presentes,</strong></span> <span class='ocrx_word' id='word_1_186' title='bbox 1018 2872 1169 2938; x_wconf 88' lang='lat' dir='ltr'><strong>quatenus</strong></span> <span class='ocrx_word' id='word_1_187' title='bbox 1194 2864 1358 2938; x_wconf 88' lang='lat' dir='ltr'><strong>diligenter</strong></span> <span class='ocrx_word' id='word_1_188' title='bbox 1381 2865 1519 2938; x_wconf 87' lang='lat' dir='ltr'><strong>inquiras</strong></span> 
     </span>
     <span class='ocr_line' id='line_1_24' title="bbox 254 2970 1520 3043; baseline 0 -16"><span class='ocrx_word' id='word_1_189' title='bbox 254 2971 292 3028; x_wconf 88' lang='lat' dir='ltr'><strong>de</strong></span> <span class='ocrx_word' id='word_1_190' title='bbox 313 2971 423 3029; x_wconf 88' lang='lat' dir='ltr'><strong>eodem</strong></span> <span class='ocrx_word' id='word_1_191' title='bbox 447 2973 572 3042; x_wconf 83' lang='lat' dir='ltr'><strong>tribum,</strong></span> <span class='ocrx_word' id='word_1_192' title='bbox 600 2979 629 3030; x_wconf 88' lang='lat' dir='ltr'><strong>et</strong></span> <span class='ocrx_word' id='word_1_193' title='bbox 662 2972 686 3028; x_wconf 87' lang='lat' dir='ltr'><strong>si</strong></span> <span class='ocrx_word' id='word_1_194' title='bbox 711 2972 864 3029; x_wconf 87' lang='lat' dir='ltr'><strong>inveneris</strong></span> <span class='ocrx_word' id='word_1_195' title='bbox 892 2988 929 3028; x_wconf 89' lang='lat' dir='ltr'><strong>ex</strong></span> <span class='ocrx_word' id='word_1_196' title='bbox 959 2972 1064 3043; x_wconf 90' lang='lat' dir='ltr'><strong>aliqua</strong></span> <span class='ocrx_word' id='word_1_197' title='bbox 1092 2986 1184 3028; x_wconf 83' lang='lat' dir='ltr'><strong>causa</strong></span> <span class='ocrx_word' id='word_1_198' title='bbox 1204 2970 1387 3028; x_wconf 89' lang='lat' dir='ltr'><strong>racionabili</strong></span> <span class='ocrx_word' id='word_1_199' title='bbox 1410 2970 1520 3027; x_wconf 92' lang='lat' dir='ltr'><strong>consti-</strong></span> 
     </span>
     <span class='ocr_line' id='line_1_25' title="bbox 254 3076 1516 3151; baseline 0.002 -19"><span class='ocrx_word' id='word_1_200' title='bbox 254 3083 364 3148; x_wconf 88' lang='lat' dir='ltr'><strong>tutum,</strong></span> <span class='ocrx_word' id='word_1_201' title='bbox 388 3078 526 3150; x_wconf 89' lang='lat' dir='ltr'><strong>applices</strong></span> <span class='ocrx_word' id='word_1_202' title='bbox 550 3076 633 3134; x_wconf 93' lang='lat' dir='ltr'><strong>idem</strong></span> <span class='ocrx_word' id='word_1_203' title='bbox 657 3078 809 3135; x_wconf 91' lang='lat' dir='ltr'><strong>tributum</strong></span> <span class='ocrx_word' id='word_1_204' title='bbox 833 3078 950 3135; x_wconf 89' lang='lat' dir='ltr'><strong>tributo</strong></span> <span class='ocrx_word' id='word_1_205' title='bbox 973 3078 1072 3150; x_wconf 90' lang='lat' dir='ltr'><strong>regali</strong></span> <span class='ocrx_word' id='word_1_206' title='bbox 1095 3078 1180 3134; x_wconf 85' lang='lat' dir='ltr'><strong>iuxta</strong></span> <span class='ocrx_word' id='word_1_207' title='bbox 1204 3082 1341 3134; x_wconf 89' lang='lat' dir='ltr'><strong>tenorem</strong></span> <span class='ocrx_word' id='word_1_208' title='bbox 1358 3077 1516 3151; x_wconf 86' lang='lat' dir='ltr'><strong>privilegii</strong></span> 
     </span>
     <span class='ocr_line' id='line_1_26' title="bbox 254 3183 1519 3257; baseline 0.001 -19"><span class='ocrx_word' id='word_1_209' title='bbox 254 3184 351 3239; x_wconf 89' lang='lat' dir='ltr'><strong>nostri</strong></span> <span class='ocrx_word' id='word_1_210' title='bbox 373 3191 402 3240; x_wconf 90' lang='lat' dir='ltr'><strong>et</strong></span> <span class='ocrx_word' id='word_1_211' title='bbox 424 3184 508 3240; x_wconf 81' lang='lat' dir='ltr'><strong>iuxta</strong></span> <span class='ocrx_word' id='word_1_212' title='bbox 528 3191 666 3240; x_wconf 87' lang='lat' dir='ltr'><strong>tenorem</strong></span> <span class='ocrx_word' id='word_1_213' title='bbox 690 3183 928 3257; x_wconf 86' lang='lat' dir='ltr'><strong>privilegiorum</strong></span> <span class='ocrx_word' id='word_1_214' title='bbox 961 3183 1216 3257; x_wconf 89' lang='lat' dir='ltr'><strong>predecessorum</strong></span> <span class='ocrx_word' id='word_1_215' title='bbox 1239 3188 1417 3240; x_wconf 88' lang='lat' dir='ltr'><strong>nostrorum</strong></span> <span class='ocrx_word' id='word_1_216' title='bbox 1436 3183 1519 3255; x_wconf 89' lang='lat' dir='ltr'><strong>capi-</strong></span> 
     </span>
     <span class='ocr_line' id='line_1_27' title="bbox 255 3288 1520 3362; baseline 0.002 -18"><span class='ocrx_word' id='word_1_217' title='bbox 255 3289 320 3346; x_wconf 93' lang='lat' dir='ltr'><strong>tulo</strong></span> <span class='ocrx_word' id='word_1_218' title='bbox 343 3290 534 3360; x_wconf 86' lang='lat' dir='ltr'><strong>zagrabiensi</strong></span> <span class='ocrx_word' id='word_1_219' title='bbox 555 3288 774 3362; x_wconf 90' lang='lat' dir='ltr'><strong>relinquendo;</strong></span> <span class='ocrx_word' id='word_1_220' title='bbox 798 3291 823 3347; x_wconf 93' lang='lat' dir='ltr'><strong>si</strong></span> <span class='ocrx_word' id='word_1_221' title='bbox 846 3305 922 3347; x_wconf 89' lang='lat' dir='ltr'><strong>vero</strong></span> <span class='ocrx_word' id='word_1_222' title='bbox 945 3305 982 3346; x_wconf 86' lang='lat' dir='ltr'><strong>ex</strong></span> <span class='ocrx_word' id='word_1_223' title='bbox 1006 3305 1098 3346; x_wconf 90' lang='lat' dir='ltr'><strong>causa</strong></span> <span class='ocrx_word' id='word_1_224' title='bbox 1120 3288 1331 3346; x_wconf 89' lang='lat' dir='ltr'><strong>irracionabili</strong></span> <span class='ocrx_word' id='word_1_225' title='bbox 1353 3289 1435 3360; x_wconf 88' lang='lat' dir='ltr'><strong>exigi</strong></span> <span class='ocrx_word' id='word_1_226' title='bbox 1450 3305 1520 3362; x_wconf 90' lang='lat' dir='ltr'><strong>per·</strong></span> 
     </span>
     <span class='ocr_line' id='line_1_28' title="bbox 255 3393 1519 3468; baseline 0.002 -18"><span class='ocrx_word' id='word_1_227' title='bbox 255 3393 405 3466; x_wconf 86' lang='lat' dir='ltr'><strong>penderis,</strong></span> <span class='ocrx_word' id='word_1_228' title='bbox 437 3395 520 3452; x_wconf 87' lang='lat' dir='ltr'><strong>cives</strong></span> <span class='ocrx_word' id='word_1_229' title='bbox 550 3395 591 3451; x_wconf 89' lang='lat' dir='ltr'><strong>ab</strong></span> <span class='ocrx_word' id='word_1_230' title='bbox 621 3396 686 3452; x_wconf 87' lang='lat' dir='ltr'><strong>eius</strong></span> <span class='ocrx_word' id='word_1_231' title='bbox 717 3394 879 3452; x_wconf 84' lang='lat' dir='ltr'><strong>exaccione</strong></span> <span class='ocrx_word' id='word_1_232' title='bbox 912 3396 1034 3468; x_wconf 90' lang='lat' dir='ltr'><strong>penitus</strong></span> <span class='ocrx_word' id='word_1_233' title='bbox 1065 3409 1238 3467; x_wconf 87' lang='lat' dir='ltr'><strong>conpescas‚</strong></span> <span class='ocrx_word' id='word_1_234' title='bbox 1270 3394 1393 3451; x_wconf 89' lang='lat' dir='ltr'><strong>noveris</strong></span> <span class='ocrx_word' id='word_1_235' title='bbox 1428 3396 1519 3461; x_wconf 91' lang='lat' dir='ltr'><strong>enim,</strong></span> 
     </span>
     <span class='ocr_line' id='line_1_29' title="bbox 256 3500 1520 3573; baseline 0.002 -18"><span class='ocrx_word' id='word_1_236' title='bbox 256 3501 338 3571; x_wconf 85' lang='lat' dir='ltr'><strong>quod</strong></span> <span class='ocrx_word' id='word_1_237' title='bbox 362 3516 442 3558; x_wconf 91' lang='lat' dir='ltr'><strong>nova</strong></span> <span class='ocrx_word' id='word_1_238' title='bbox 466 3502 582 3558; x_wconf 85' lang='lat' dir='ltr'><strong>tributa</strong></span> <span class='ocrx_word' id='word_1_239' title='bbox 605 3501 670 3558; x_wconf 88' lang='lat' dir='ltr'><strong>sive</strong></span> <span class='ocrx_word' id='word_1_240' title='bbox 693 3500 825 3573; x_wconf 85' lang='lat' dir='ltr'><strong>pedagia</strong></span> <span class='ocrx_word' id='word_1_241' title='bbox 849 3502 914 3557; x_wconf 86' lang='lat' dir='ltr'><strong>sive</strong></span> <span class='ocrx_word' id='word_1_242' title='bbox 937 3501 1082 3559; x_wconf 87' lang='lat' dir='ltr'><strong>salinaria</strong></span> <span class='ocrx_word' id='word_1_243' title='bbox 1106 3501 1157 3557; x_wconf 91' lang='lat' dir='ltr'><strong>vel</strong></span> <span class='ocrx_word' id='word_1_244' title='bbox 1177 3513 1372 3573; x_wconf 88' lang='lat' dir='ltr'><strong>quecumque</strong></span> <span class='ocrx_word' id='word_1_245' title='bbox 1387 3500 1449 3557; x_wconf 84' lang='lat' dir='ltr'><strong>alia</strong></span> <span class='ocrx_word' id='word_1_246' title='bbox 1464 3517 1520 3558; x_wconf 88' lang='lat' dir='ltr'><strong>nec</strong></span> 
     </span>
     <span class='ocr_line' id='line_1_30' title="bbox 255 3605 1520 3680; baseline 0.002 -18"><span class='ocrx_word' id='word_1_247' title='bbox 255 3607 432 3663; x_wconf 88' lang='lat' dir='ltr'><strong>civitatibus</strong></span> <span class='ocrx_word' id='word_1_248' title='bbox 456 3623 511 3664; x_wconf 91' lang='lat' dir='ltr'><strong>nec</strong></span> <span class='ocrx_word' id='word_1_249' title='bbox 535 3607 693 3680; x_wconf 91' lang='lat' dir='ltr'><strong>aliquibus</strong></span> <span class='ocrx_word' id='word_1_250' title='bbox 716 3607 786 3664; x_wconf 86' lang='lat' dir='ltr'><strong>aliis</strong></span> <span class='ocrx_word' id='word_1_251' title='bbox 810 3607 967 3664; x_wconf 89' lang='lat' dir='ltr'><strong>instituere</strong></span> <span class='ocrx_word' id='word_1_252' title='bbox 990 3612 1036 3664; x_wconf 86' lang='lat' dir='ltr'><strong>est</strong></span> <span class='ocrx_word' id='word_1_253' title='bbox 1058 3607 1255 3679; x_wconf 88' lang='lat' dir='ltr'><strong>permissum,</strong></span> <span class='ocrx_word' id='word_1_254' title='bbox 1272 3605 1326 3663; x_wconf 89' lang='lat' dir='ltr'><strong>sed</strong></span> <span class='ocrx_word' id='word_1_255' title='bbox 1342 3605 1520 3665; x_wconf 92' lang='lat' dir='ltr'><strong>huiusmodi</strong></span> 
     </span>
     <span class='ocr_line' id='line_1_31' title="bbox 255 3713 1519 3786; baseline 0 -17"><span class='ocrx_word' id='word_1_256' title='bbox 255 3719 390 3784; x_wconf 90' lang='lat' dir='ltr'><strong>potestas</strong></span> <span class='ocrx_word' id='word_1_257' title='bbox 414 3713 488 3770; x_wconf 90' lang='lat' dir='ltr'><strong>solis</strong></span> <span class='ocrx_word' id='word_1_258' title='bbox 511 3713 705 3786; x_wconf 92' lang='lat' dir='ltr'><strong>principibus</strong></span> <span class='ocrx_word' id='word_1_259' title='bbox 728 3720 757 3769; x_wconf 88' lang='lat' dir='ltr'><strong>et</strong></span> <span class='ocrx_word' id='word_1_260' title='bbox 781 3714 906 3786; x_wconf 89' lang='lat' dir='ltr'><strong>regibus</strong></span> <span class='ocrx_word' id='word_1_261' title='bbox 930 3720 1114 3770; x_wconf 85' lang='lat' dir='ltr'><strong>reservatur.</strong></span> <span class='ocrx_word' id='word_1_262' title='bbox 1137 3713 1221 3769; x_wconf 88' lang='lat' dir='ltr'><strong>Licet</strong></span> <span class='ocrx_word' id='word_1_263' title='bbox 1244 3718 1347 3770; x_wconf 91' lang='lat' dir='ltr'><strong>autem</strong></span> <span class='ocrx_word' id='word_1_264' title='bbox 1371 3713 1519 3782; x_wconf 89' lang='lat' dir='ltr'><strong>civitates,</strong></span> 
     </span>
     <span class='ocr_line' id='line_1_32' title="bbox 254 3818 1518 3892; baseline 0.001 -18"><span class='ocrx_word' id='word_1_265' title='bbox 254 3820 497 3889; x_wconf 88' lang='lat' dir='ltr'><strong>constituciones,</strong></span> <span class='ocrx_word' id='word_1_266' title='bbox 522 3820 623 3876; x_wconf 88' lang='lat' dir='ltr'><strong>banna</strong></span> <span class='ocrx_word' id='word_1_267' title='bbox 651 3820 715 3876; x_wconf 91' lang='lat' dir='ltr'><strong>sive</strong></span> <span class='ocrx_word' id='word_1_268' title='bbox 739 3819 875 3876; x_wconf 84' lang='lat' dir='ltr'><strong>mulktas</strong></span> <span class='ocrx_word' id='word_1_269' title='bbox 899 3820 978 3876; x_wconf 91' lang='lat' dir='ltr'><strong>inter</strong></span> <span class='ocrx_word' id='word_1_270' title='bbox 1008 3819 1191 3892; x_wconf 88' lang='lat' dir='ltr'><strong>semetipsos</strong></span> <span class='ocrx_word' id='word_1_271' title='bbox 1222 3824 1253 3875; x_wconf 90' lang='lat' dir='ltr'><strong>et</strong></span> <span class='ocrx_word' id='word_1_272' title='bbox 1282 3834 1339 3892; x_wconf 93' lang='lat' dir='ltr'><strong>per</strong></span> <span class='ocrx_word' id='word_1_273' title='bbox 1371 3834 1404 3875; x_wconf 90' lang='lat' dir='ltr'><strong>se</strong></span> <span class='ocrx_word' id='word_1_274' title='bbox 1433 3818 1518 3891; x_wconf 92' lang='lat' dir='ltr'><strong>ipsos</strong></span> 
     </span>
     <span class='ocr_line' id='line_1_33' title="bbox 254 3925 1519 3998; baseline 0.002 -18"><span class='ocrx_word' id='word_1_275' title='bbox 254 3925 464 3983; x_wconf 86' lang='lat' dir='ltr'><strong>observandas</strong></span> <span class='ocrx_word' id='word_1_276' title='bbox 488 3926 672 3983; x_wconf 86' lang='lat' dir='ltr'><strong>constituere</strong></span> <span class='ocrx_word' id='word_1_277' title='bbox 695 3926 813 3998; x_wconf 88' lang='lat' dir='ltr'><strong>possint</strong></span> <span class='ocrx_word' id='word_1_278' title='bbox 836 3926 888 3983; x_wconf 89' lang='lat' dir='ltr'><strong>vel</strong></span> <span class='ocrx_word' id='word_1_279' title='bbox 912 3925 1011 3995; x_wconf 74' lang='lat' dir='ltr'><strong>edere,</strong></span> <span class='ocrx_word' id='word_1_280' title='bbox 1035 3941 1086 3983; x_wconf 89' lang='lat' dir='ltr'><strong>eas</strong></span> <span class='ocrx_word' id='word_1_281' title='bbox 1107 3931 1208 3982; x_wconf 90' lang='lat' dir='ltr'><strong>tamen</strong></span> <span class='ocrx_word' id='word_1_282' title='bbox 1232 3940 1293 3982; x_wconf 91' lang='lat' dir='ltr'><strong>non</strong></span> <span class='ocrx_word' id='word_1_283' title='bbox 1316 3930 1444 3998; x_wconf 89' lang='lat' dir='ltr'><strong>possunt</strong></span> <span class='ocrx_word' id='word_1_284' title='bbox 1468 3941 1519 3982; x_wconf 87' lang='lat' dir='ltr'><strong>ex·</strong></span> 
     </span>
     <span class='ocr_line' id='line_1_34' title="bbox 255 4030 1520 4104; baseline 0.002 -18"><span class='ocrx_word' id='word_1_285' title='bbox 255 4030 378 4088; x_wconf 86' lang='lat' dir='ltr'><strong>tendere</strong></span> <span class='ocrx_word' id='word_1_286' title='bbox 404 4032 434 4088; x_wconf 93' lang='lat' dir='ltr'><strong>in</strong></span> <span class='ocrx_word' id='word_1_287' title='bbox 457 4032 656 4089; x_wconf 89' lang='lat' dir='ltr'><strong>ecclesiarum</strong></span> <span class='ocrx_word' id='word_1_288' title='bbox 693 4032 744 4088; x_wconf 90' lang='lat' dir='ltr'><strong>vel</strong></span> <span class='ocrx_word' id='word_1_289' title='bbox 783 4033 996 4104; x_wconf 87' lang='lat' dir='ltr'><strong>quorumlibet</strong></span> <span class='ocrx_word' id='word_1_290' title='bbox 1026 4046 1204 4104; x_wconf 85' lang='lat' dir='ltr'><strong>gravamen,</strong></span> <span class='ocrx_word' id='word_1_291' title='bbox 1240 4032 1294 4104; x_wconf 92' lang='lat' dir='ltr'><strong>qui</strong></span> <span class='ocrx_word' id='word_1_292' title='bbox 1330 4047 1368 4088; x_wconf 88' lang='lat' dir='ltr'><strong>ex</strong></span> <span class='ocrx_word' id='word_1_293' title='bbox 1391 4046 1520 4088; x_wconf 93' lang='lat' dir='ltr'><strong>suorum</strong></span> 
     </span>
     <span class='ocr_line' id='line_1_35' title="bbox 254 4135 1519 4211; baseline 0.001 -19"><span class='ocrx_word' id='word_1_294' title='bbox 254 4153 382 4194; x_wconf 90' lang='lat' dir='ltr'><strong>numero</strong></span> <span class='ocrx_word' id='word_1_295' title='bbox 406 4139 582 4195; x_wconf 89' lang='lat' dir='ltr'><strong>concivium</strong></span> <span class='ocrx_word' id='word_1_296' title='bbox 605 4154 666 4196; x_wconf 92' lang='lat' dir='ltr'><strong>non</strong></span> <span class='ocrx_word' id='word_1_297' title='bbox 689 4139 830 4196; x_wconf 86' lang='lat' dir='ltr'><strong>existunt.</strong></span> <span class='ocrx_word' id='word_1_298' title='bbox 858 4137 975 4196; x_wconf 90' lang='lat' dir='ltr'><strong>Datum</strong></span> <span class='ocrx_word' id='word_1_299' title='bbox 998 4139 1030 4195; x_wconf 92' lang='lat' dir='ltr'><strong>in</strong></span> <span class='ocrx_word' id='word_1_300' title='bbox 1048 4137 1230 4209; x_wconf 89' lang='lat' dir='ltr'><strong>Tymesuar,</strong></span> <span class='ocrx_word' id='word_1_301' title='bbox 1253 4138 1285 4194; x_wconf 91' lang='lat' dir='ltr'><strong>in</strong></span> <span class='ocrx_word' id='word_1_302' title='bbox 1308 4135 1387 4194; x_wconf 86' lang='lat' dir='ltr'><strong>festo</strong></span> <span class='ocrx_word' id='word_1_303' title='bbox 1411 4136 1519 4211; x_wconf 89' lang='lat' dir='ltr'><strong>purifi·</strong></span> 
     </span>
     <span class='ocr_line' id='line_1_36' title="bbox 254 4243 656 4316; baseline 0.01 -18"><span class='ocrx_word' id='word_1_304' title='bbox 254 4243 386 4300; x_wconf 88' lang='lat' dir='ltr'><strong>cacionis</strong></span> <span class='ocrx_word' id='word_1_305' title='bbox 410 4244 498 4301; x_wconf 85' lang='lat' dir='ltr'><strong>beate</strong></span> <span class='ocrx_word' id='word_1_306' title='bbox 520 4245 656 4316; x_wconf 79' lang='lat' dir='ltr'><strong>virginis</strong></span> 
     </span>
    </p>
   </div>
   <div class='ocr_carea' id='block_1_10' title="bbox 253 4377 1517 4531">
    <p class='ocr_par' dir='ltr' id='par_1_10' title="bbox 253 4377 1517 4531">
     <span class='ocr_line' id='line_1_37' title="bbox 342 4377 1517 4444; baseline 0.002 -19"><span class='ocrx_word' id='word_1_307' title='bbox 342 4378 363 4425; x_wconf 85' lang='lat' dir='ltr'>E</span> <span class='ocrx_word' id='word_1_308' title='bbox 384 4384 548 4442; x_wconf 86' lang='lat' dir='ltr'><strong>transumpto</strong></span> <span class='ocrx_word' id='word_1_309' title='bbox 567 4378 678 4444; x_wconf 86' lang='lat' dir='ltr'><strong>capituli</strong></span> <span class='ocrx_word' id='word_1_310' title='bbox 698 4378 843 4437; x_wconf 68' lang='lat' dir='ltr'><strong>immensis,</strong></span> <span class='ocrx_word' id='word_1_311' title='bbox 857 4380 949 4428; x_wconf 89' lang='lat' dir='ltr'><strong>eodem</strong></span> <span class='ocrx_word' id='word_1_312' title='bbox 967 4393 1035 4428; x_wconf 87' lang='lat' dir='ltr'><strong>anno</strong></span> <span class='ocrx_word' id='word_1_313' title='bbox 1055 4377 1132 4428; x_wconf 83' lang='lat' dir='ltr'><strong>iacto.</strong></span> <span class='ocrx_word' id='word_1_314' title='bbox 1152 4377 1294 4443; x_wconf 83' lang='lat' dir='ltr'><strong>originale</strong></span> <span class='ocrx_word' id='word_1_315' title='bbox 1313 4377 1340 4427; x_wconf 89' lang='lat' dir='ltr'><strong>in</strong></span> <span class='ocrx_word' id='word_1_316' title='bbox 1359 4378 1517 4429; x_wconf 86' lang='lat' dir='ltr'><strong>membrana.</strong></span> 
     </span>
     <span class='ocr_line' id='line_1_38' title="bbox 253 4464 933 4531; baseline 0.003 -18"><span class='ocrx_word' id='word_1_317' title='bbox 253 4464 283 4514; x_wconf 94' lang='lat' dir='ltr'><strong>In</strong></span> <span class='ocrx_word' id='word_1_318' title='bbox 303 4466 372 4514; x_wconf 89' lang='lat' dir='ltr'><strong>arch.</strong></span> <span class='ocrx_word' id='word_1_319' title='bbox 394 4482 449 4515; x_wconf 83' lang='lat' dir='ltr'><strong>ven.</strong></span> <span class='ocrx_word' id='word_1_320' title='bbox 471 4467 548 4531; x_wconf 87' lang='lat' dir='ltr'><strong>capit.</strong></span> <span class='ocrx_word' id='word_1_321' title='bbox 568 4467 672 4531; x_wconf 79' lang='lat' dir='ltr'><strong>zagrab.</strong></span> <span class='ocrx_word' id='word_1_322' title='bbox 692 4465 753 4516; x_wconf 87' lang='lat' dir='ltr'><strong>fasc.</strong></span> <span class='ocrx_word' id='word_1_323' title='bbox 778 4476 872 4516; x_wconf 84' lang='lat' dir='ltr'><strong>10.nr.</strong></span> <span class='ocrx_word' id='word_1_324' title='bbox 892 4475 933 4528; x_wconf 84' lang='lat'><strong>47.</strong></span> 
     </span>
    </p>
   </div>
   <div class='ocr_carea' id='block_1_11' title="bbox 0 0 1748 5242">
    <p class='ocr_par' dir='ltr' id='par_1_11' title="bbox 0 0 1748 5242">
     <span class='ocr_line' id='line_1_39' title="bbox 0 0 1748 5242; baseline 0 0"><span class='ocrx_word' id='word_1_325' title='bbox 0 0 1748 5242; x_wconf 95' lang='lat' dir='ltr'><strong> </strong></span> 
     </span>
    </p>
   </div>
  </div>
 </body>
</html>
