<?xml version="1.0" encoding="UTF-8"?>
<!DOCTYPE html PUBLIC "-//W3C//DTD XHTML 1.0 Transitional//EN"
    "http://www.w3.org/TR/xhtml1/DTD/xhtml1-transitional.dtd">
<html xmlns="http://www.w3.org/1999/xhtml" xml:lang="en" lang="en">
 <head>
  <title>
</title>
<meta http-equiv="Content-Type" content="text/html;charset=utf-8" />
  <meta name='ocr-system' content='tesseract 3.04.00' />
  <meta name='ocr-capabilities' content='ocr_page ocr_carea ocr_par ocr_line ocrx_word'/>
</head>
<body>
  <div class='ocr_page' id='page_1' title='image "./monumentahistor11laszgoog_0254.png"; bbox 0 0 3488 5242; ppageno 0'>
   <div class='ocr_carea' id='block_1_1' title="bbox 539 336 1212 419">
    <p class='ocr_par' dir='ltr' id='par_1_1' title="bbox 539 336 1212 419">
     <span class='ocr_line' id='line_1_1' title="bbox 539 336 1212 419; baseline 0 -22"><span class='ocrx_word' id='word_1_1' title='bbox 539 341 612 398; x_wconf 70' lang='lat' dir='ltr'><strong>Dor.</strong></span> <span class='ocrx_word' id='word_1_2' title='bbox 636 353 684 415; x_wconf 83' lang='lat'><strong>19.</strong></span> <span class='ocrx_word' id='word_1_3' title='bbox 707 354 757 398; x_wconf 88' lang='lat'><strong>20.</strong></span> <span class='ocrx_word' id='word_1_4' title='bbox 777 355 825 398; x_wconf 84' lang='lat'><strong>21.</strong></span> <span class='ocrx_word' id='word_1_5' title='bbox 853 374 889 382; x_wconf 89' lang='lat'><em>-</em></span> <span class='ocrx_word' id='word_1_6' title='bbox 917 340 971 397; x_wconf 82' lang='lat' dir='ltr'><strong>An.</strong></span> <span class='ocrx_word' id='word_1_7' title='bbox 995 336 1212 419; x_wconf 71' lang='lat'><em>1242-1246.</em></span> 
     </span>
    </p>
   </div>
   <div class='ocr_carea' id='block_1_2' title="bbox 347 533 903 628">
    <p class='ocr_par' dir='ltr' id='par_1_2' title="bbox 347 533 903 628">
     <span class='ocr_line' id='line_1_2' title="bbox 347 533 903 628; baseline -0.022 -12"><span class='ocrx_word' id='word_1_8' title='bbox 347 569 424 618; x_wconf 80' lang='lat' dir='ltr'><strong>Circa</strong></span> <span class='ocrx_word' id='word_1_9' title='bbox 444 582 483 617; x_wconf 89' lang='lat' dir='ltr'><strong>an.</strong></span> <span class='ocrx_word' id='word_1_10' title='bbox 506 576 685 628; x_wconf 76' lang='lat'>1242-1250.</span> <span class='ocrx_word' id='word_1_11' title='bbox 844 533 903 599; x_wconf 81' lang='lat'><strong>19·</strong></span> 
     </span>
    </p>
   </div>
   <div class='ocr_carea' id='block_1_3' title="bbox 239 679 1509 1267">
    <p class='ocr_par' dir='ltr' id='par_1_3' title="bbox 239 679 1509 1267">
     <span class='ocr_line' id='line_1_3' title="bbox 328 679 1507 751; baseline 0.001 -14"><span class='ocrx_word' id='word_1_12' title='bbox 328 681 401 739; x_wconf 88' lang='lat' dir='ltr'><strong>Bela</strong></span> <span class='ocrx_word' id='word_1_13' title='bbox 424 680 483 750; x_wconf 69' lang='lat' dir='ltr'><strong>tv„</strong></span> <span class='ocrx_word' id='word_1_14' title='bbox 509 680 692 751; x_wconf 87' lang='lat' dir='ltr'><strong>Hungariae‚</strong></span> <span class='ocrx_word' id='word_1_15' title='bbox 716 679 898 748; x_wconf 80' lang='lat' dir='ltr'>Dalmatiae,</span> <span class='ocrx_word' id='word_1_16' title='bbox 923 680 1063 737; x_wconf 87' lang='lat' dir='ltr'><strong>Croatiae</strong></span> <span class='ocrx_word' id='word_1_17' title='bbox 1079 686 1133 737; x_wconf 89' lang='lat' dir='ltr'><strong>etc.</strong></span> <span class='ocrx_word' id='word_1_18' title='bbox 1151 696 1214 747; x_wconf 88' lang='lat' dir='ltr'><strong>rex,</strong></span> <span class='ocrx_word' id='word_1_19' title='bbox 1231 682 1395 738; x_wconf 90' lang='lat' dir='ltr'><strong>conventui</strong></span> <span class='ocrx_word' id='word_1_20' title='bbox 1416 697 1438 738; x_wconf 88' lang='lat' dir='ltr'><strong>s.</strong></span> <span class='ocrx_word' id='word_1_21' title='bbox 1454 680 1507 738; x_wconf 92' lang='lat' dir='ltr'><strong>Ni-</strong></span> 
     </span>
     <span class='ocr_line' id='line_1_4' title="bbox 239 784 1508 860; baseline 0 -16"><span class='ocrx_word' id='word_1_22' title='bbox 239 788 326 857; x_wconf 88' lang='lat' dir='ltr'><strong>colai‚</strong></span> <span class='ocrx_word' id='word_1_23' title='bbox 351 787 467 844; x_wconf 84' lang='lat' dir='ltr'><strong>ordinis</strong></span> <span class='ocrx_word' id='word_1_24' title='bbox 493 785 722 842; x_wconf 76' lang='lat' dir='ltr'>predicatorum</span> <span class='ocrx_word' id='word_1_25' title='bbox 746 784 784 842; x_wconf 92' lang='lat' dir='ltr'><strong>de</strong></span> <span class='ocrx_word' id='word_1_26' title='bbox 799 784 958 858; x_wconf 85' lang='lat' dir='ltr'><strong>Zagrabia‚</strong></span> <span class='ocrx_word' id='word_1_27' title='bbox 975 785 1093 842; x_wconf 81' lang='lat' dir='ltr'><strong>confert</strong></span> <span class='ocrx_word' id='word_1_28' title='bbox 1109 785 1265 858; x_wconf 85' lang='lat' dir='ltr'><strong>quandam</strong></span> <span class='ocrx_word' id='word_1_29' title='bbox 1282 787 1508 860; x_wconf 91' lang='lat' dir='ltr'><strong>possessionem</strong></span> 
     </span>
     <span class='ocr_line' id='line_1_5' title="bbox 240 890 1509 963; baseline 0.001 -14"><span class='ocrx_word' id='word_1_30' title='bbox 240 893 344 949; x_wconf 87' lang='lat' dir='ltr'><strong>Blizna</strong></span> <span class='ocrx_word' id='word_1_31' title='bbox 366 898 508 950; x_wconf 90' lang='lat' dir='ltr'><strong>vocatam</strong></span> <span class='ocrx_word' id='word_1_32' title='bbox 531 906 603 947; x_wconf 91' lang='lat' dir='ltr'><strong>cum</strong></span> <span class='ocrx_word' id='word_1_33' title='bbox 626 891 783 959; x_wconf 82' lang='lat' dir='ltr'><strong>montibus</strong></span> <span class='ocrx_word' id='word_1_34' title='bbox 807 890 944 963; x_wconf 85' lang='lat' dir='ltr'><strong>Warbeg</strong></span> <span class='ocrx_word' id='word_1_35' title='bbox 968 891 1083 948; x_wconf 88' lang='lat' dir='ltr'><strong>vocatis</strong></span> <span class='ocrx_word' id='word_1_36' title='bbox 1106 891 1138 947; x_wconf 92' lang='lat' dir='ltr'><strong>in</strong></span> <span class='ocrx_word' id='word_1_37' title='bbox 1153 892 1265 949; x_wconf 89' lang='lat' dir='ltr'><strong>tenutis</strong></span> <span class='ocrx_word' id='word_1_38' title='bbox 1281 893 1373 949; x_wconf 83' lang='lat' dir='ltr'>castri</span> <span class='ocrx_word' id='word_1_39' title='bbox 1388 891 1509 950; x_wconf 88' lang='lat' dir='ltr'><strong>Medwe</strong></span> 
     </span>
     <span class='ocr_line' id='line_1_6' title="bbox 239 995 1509 1070; baseline 0.002 -17"><span class='ocrx_word' id='word_1_40' title='bbox 239 999 329 1055; x_wconf 87' lang='lat' dir='ltr'><strong>sitam</strong></span> <span class='ocrx_word' id='word_1_41' title='bbox 354 1004 382 1054; x_wconf 94' lang='lat' dir='ltr'><strong>et</strong></span> <span class='ocrx_word' id='word_1_42' title='bbox 405 997 594 1065; x_wconf 83' lang='lat' dir='ltr'><strong>existentem,</strong></span> <span class='ocrx_word' id='word_1_43' title='bbox 619 1011 654 1053; x_wconf 93' lang='lat' dir='ltr'><strong>ac</strong></span> <span class='ocrx_word' id='word_1_44' title='bbox 685 995 872 1067; x_wconf 88' lang='lat' dir='ltr'><strong>quibusdam</strong></span> <span class='ocrx_word' id='word_1_45' title='bbox 903 996 1027 1070; x_wconf 86' lang='lat' dir='ltr'><strong>prediis,</strong></span> <span class='ocrx_word' id='word_1_46' title='bbox 1055 997 1120 1054; x_wconf 89' lang='lat' dir='ltr'><strong>sive</strong></span> <span class='ocrx_word' id='word_1_47' title='bbox 1143 998 1232 1054; x_wconf 89' lang='lat' dir='ltr'><strong>terris</strong></span> <span class='ocrx_word' id='word_1_48' title='bbox 1255 998 1436 1069; x_wconf 86' lang='lat' dir='ltr'>arabilibus,</span> <span class='ocrx_word' id='word_1_49' title='bbox 1464 999 1509 1055; x_wconf 90' lang='lat' dir='ltr'><strong>vi·</strong></span> 
     </span>
     <span class='ocr_line' id='line_1_7' title="bbox 239 1101 1509 1176; baseline 0 -15"><span class='ocrx_word' id='word_1_50' title='bbox 239 1103 351 1161; x_wconf 86' lang='lat' dir='ltr'><strong>delicet</strong></span> <span class='ocrx_word' id='word_1_51' title='bbox 372 1101 554 1160; x_wconf 83' lang='lat' dir='ltr'><strong>Crathlridol</strong></span> <span class='ocrx_word' id='word_1_52' title='bbox 579 1110 609 1158; x_wconf 92' lang='lat' dir='ltr'><strong>et</strong></span> <span class='ocrx_word' id='word_1_53' title='bbox 631 1103 732 1159; x_wconf 90' lang='lat' dir='ltr'><strong>Lonca</strong></span> <span class='ocrx_word' id='word_1_54' title='bbox 757 1102 881 1168; x_wconf 84' lang='lat' dir='ltr'><strong>vocatis,</strong></span> <span class='ocrx_word' id='word_1_55' title='bbox 912 1104 943 1159; x_wconf 92' lang='lat' dir='ltr'><strong>in</strong></span> <span class='ocrx_word' id='word_1_56' title='bbox 968 1103 1121 1160; x_wconf 91' lang='lat' dir='ltr'><strong>territorio</strong></span> <span class='ocrx_word' id='word_1_57' title='bbox 1152 1101 1278 1160; x_wconf 88' lang='lat' dir='ltr'><strong>eusdem</strong></span> <span class='ocrx_word' id='word_1_58' title='bbox 1307 1104 1509 1176; x_wconf 83' lang='lat' dir='ltr'><strong>possessionis</strong></span> 
     </span>
     <span class='ocr_line' id='line_1_8' title="bbox 240 1209 768 1267; baseline -0.006 0"><span class='ocrx_word' id='word_1_59' title='bbox 240 1209 347 1267; x_wconf 85' lang='lat' dir='ltr'><strong>Blizna</strong></span> <span class='ocrx_word' id='word_1_60' title='bbox 370 1210 482 1267; x_wconf 90' lang='lat' dir='ltr'><strong>habitis</strong></span> <span class='ocrx_word' id='word_1_61' title='bbox 506 1216 536 1266; x_wconf 91' lang='lat' dir='ltr'><strong>et</strong></span> <span class='ocrx_word' id='word_1_62' title='bbox 560 1209 768 1266; x_wconf 81' lang='lat' dir='ltr'><strong>existentibus</strong></span> 
     </span>
    </p>
   </div>
   <div class='ocr_carea' id='block_1_4' title="bbox 241 1325 1509 1473">
    <p class='ocr_par' dir='ltr' id='par_1_4' title="bbox 241 1325 1509 1473">
     <span class='ocr_line' id='line_1_9' title="bbox 328 1325 1509 1391; baseline 0 -16"><span class='ocrx_word' id='word_1_63' title='bbox 328 1327 414 1376; x_wconf 83' lang='lat' dir='ltr'><strong>Huius</strong></span> <span class='ocrx_word' id='word_1_64' title='bbox 439 1327 589 1377; x_wconf 88' lang='lat' dir='ltr'><strong>donationis</strong></span> <span class='ocrx_word' id='word_1_65' title='bbox 613 1326 739 1375; x_wconf 85' lang='lat' dir='ltr'><strong>memoria</strong></span> <span class='ocrx_word' id='word_1_66' title='bbox 765 1325 795 1374; x_wconf 91' lang='lat' dir='ltr'><strong>fit</strong></span> <span class='ocrx_word' id='word_1_67' title='bbox 819 1326 845 1374; x_wconf 95' lang='lat' dir='ltr'><strong>in</strong></span> <span class='ocrx_word' id='word_1_68' title='bbox 869 1326 960 1375; x_wconf 90' lang='lat' dir='ltr'><strong>charta</strong></span> <span class='ocrx_word' id='word_1_69' title='bbox 987 1325 1134 1391; x_wconf 82' lang='lat' dir='ltr'><strong>pignoritia</strong></span> <span class='ocrx_word' id='word_1_70' title='bbox 1154 1325 1272 1374; x_wconf 90' lang='lat' dir='ltr'><strong>eiusdem</strong></span> <span class='ocrx_word' id='word_1_71' title='bbox 1291 1331 1449 1383; x_wconf 87' lang='lat' dir='ltr'><strong>conventus,</strong></span> <span class='ocrx_word' id='word_1_72' title='bbox 1477 1326 1509 1376; x_wconf 90' lang='lat' dir='ltr'><strong>de</strong></span> 
     </span>
     <span class='ocr_line' id='line_1_10' title="bbox 241 1413 934 1473; baseline 0 -10"><span class='ocrx_word' id='word_1_73' title='bbox 241 1430 307 1464; x_wconf 91' lang='lat' dir='ltr'><strong>anno</strong></span> <span class='ocrx_word' id='word_1_74' title='bbox 331 1424 404 1473; x_wconf 83' lang='lat'>1315.</span> <span class='ocrx_word' id='word_1_75' title='bbox 425 1425 465 1473; x_wconf 73' lang='lat'><strong>31.</strong></span> <span class='ocrx_word' id='word_1_76' title='bbox 488 1415 557 1471; x_wconf 85' lang='lat' dir='ltr'><strong>maii,</strong></span> <span class='ocrx_word' id='word_1_77' title='bbox 578 1415 639 1463; x_wconf 87' lang='lat' dir='ltr'><strong>vide</strong></span> <span class='ocrx_word' id='word_1_78' title='bbox 658 1413 725 1464; x_wconf 85' lang='lat' dir='ltr'><strong>inira</strong></span> <span class='ocrx_word' id='word_1_79' title='bbox 745 1414 814 1463; x_wconf 91' lang='lat' dir='ltr'><strong>hunc</strong></span> <span class='ocrx_word' id='word_1_80' title='bbox 832 1429 934 1463; x_wconf 89' lang='lat' dir='ltr'><strong>annum.</strong></span> 
     </span>
    </p>
   </div>
   <div class='ocr_carea' id='block_1_5' title="bbox 348 1577 909 1656">
    <p class='ocr_par' dir='ltr' id='par_1_5' title="bbox 348 1577 909 1656">
     <span class='ocr_line' id='line_1_11' title="bbox 348 1577 909 1656; baseline -0.002 -12"><span class='ocrx_word' id='word_1_81' title='bbox 348 1598 395 1644; x_wconf 84' lang='lat' dir='ltr'><strong>An.</strong></span> <span class='ocrx_word' id='word_1_82' title='bbox 419 1605 491 1656; x_wconf 83' lang='lat'>1244.</span> <span class='ocrx_word' id='word_1_83' title='bbox 845 1577 909 1643; x_wconf 80' lang='lat'><strong>20·</strong></span> 
     </span>
    </p>
   </div>
   <div class='ocr_carea' id='block_1_6' title="bbox 243 1702 1510 1890">
    <p class='ocr_par' dir='ltr' id='par_1_6' title="bbox 243 1702 1510 1890">
     <span class='ocr_line' id='line_1_12' title="bbox 243 1702 1510 1779; baseline 0.001 -20"><span class='ocrx_word' id='word_1_84' title='bbox 243 1702 406 1777; x_wconf 79' lang='lat' dir='ltr'><strong>Stephanus</strong></span> <span class='ocrx_word' id='word_1_85' title='bbox 431 1705 470 1761; x_wconf 76' lang='lat' dir='ltr'><strong>lt</strong></span> <span class='ocrx_word' id='word_1_86' title='bbox 495 1706 639 1779; x_wconf 64' lang='lat' dir='ltr'><strong>epir&#39;scopus</strong></span> <span class='ocrx_word' id='word_1_87' title='bbox 661 1704 778 1777; x_wconf 80' lang='lat' dir='ltr'><strong>zagrab.</strong></span> <span class='ocrx_word' id='word_1_88' title='bbox 802 1703 959 1777; x_wconf 67' lang='lat' dir='ltr'><strong>hospitibus</strong></span> <span class='ocrx_word' id='word_1_89' title='bbox 977 1705 1031 1778; x_wconf 79' lang='lat' dir='ltr'><strong>„de</strong></span> <span class='ocrx_word' id='word_1_90' title='bbox 1046 1705 1107 1761; x_wconf 80' lang='lat' dir='ltr'><strong>arico</strong></span> <span class='ocrx_word' id='word_1_91' title='bbox 1123 1704 1296 1763; x_wconf 82' lang='lat' dir='ltr'><strong>Latinorum</strong></span> <span class='ocrx_word' id='word_1_92' title='bbox 1314 1704 1510 1777; x_wconf 79' lang='lat' dir='ltr'><strong>Zagrabiize“,</strong></span> 
     </span>
     <span class='ocr_line' id='line_1_13' title="bbox 651 1810 1100 1890; baseline 0.004 -23"><span class='ocrx_word' id='word_1_93' title='bbox 651 1812 791 1886; x_wconf 84' lang='lat' dir='ltr'><strong>quasdam</strong></span> <span class='ocrx_word' id='word_1_94' title='bbox 816 1810 961 1868; x_wconf 83' lang='lat' dir='ltr'><strong>libertates</strong></span> <span class='ocrx_word' id='word_1_95' title='bbox 982 1811 1100 1890; x_wconf 65' lang='lat' dir='ltr'><strong>constit.</strong></span> 
     </span>
    </p>
   </div>
   <div class='ocr_carea' id='block_1_7' title="bbox 243 1937 1513 2646">
    <p class='ocr_par' dir='ltr' id='par_1_7' title="bbox 243 1937 1513 2646">
     <span class='ocr_line' id='line_1_14' title="bbox 331 1937 1511 2012; baseline -0.003 -17"><span class='ocrx_word' id='word_1_96' title='bbox 331 1937 505 2012; x_wconf 87' lang='lat' dir='ltr'><strong>Stephanus</strong></span> <span class='ocrx_word' id='word_1_97' title='bbox 533 1938 701 2009; x_wconf 90' lang='lat' dir='ltr'><strong>secundus,</strong></span> <span class='ocrx_word' id='word_1_98' title='bbox 734 1938 784 1995; x_wconf 92' lang='lat' dir='ltr'><strong>dei</strong></span> <span class='ocrx_word' id='word_1_99' title='bbox 808 1939 911 2010; x_wconf 85' lang='lat' dir='ltr'><strong>gracia</strong></span> <span class='ocrx_word' id='word_1_100' title='bbox 935 1938 1098 2012; x_wconf 88' lang='lat' dir='ltr'><strong>episcopus</strong></span> <span class='ocrx_word' id='word_1_101' title='bbox 1121 1939 1328 2010; x_wconf 86' lang='lat' dir='ltr'><strong>zagrabiensis</strong></span> <span class='ocrx_word' id='word_1_102' title='bbox 1345 1981 1511 1996; x_wconf 86' lang='grc'><strong>........</strong></span> 
     </span>
     <span class='ocr_line' id='line_1_15' title="bbox 243 2043 1510 2118; baseline -0.002 -17"><span class='ocrx_word' id='word_1_103' title='bbox 243 2044 334 2117; x_wconf 76' lang='lat' dir='ltr'><strong>Quod</strong></span> <span class='ocrx_word' id='word_1_104' title='bbox 366 2061 436 2102; x_wconf 92' lang='lat' dir='ltr'><strong>cum</strong></span> <span class='ocrx_word' id='word_1_105' title='bbox 471 2047 676 2118; x_wconf 88' lang='lat' dir='ltr'><strong>zagrabiensis</strong></span> <span class='ocrx_word' id='word_1_106' title='bbox 708 2045 837 2102; x_wconf 91' lang='lat' dir='ltr'><strong>ecclesia</strong></span> <span class='ocrx_word' id='word_1_107' title='bbox 860 2060 878 2101; x_wconf 94' lang='lat' dir='ltr'><strong>a</strong></span> <span class='ocrx_word' id='word_1_108' title='bbox 901 2051 1006 2102; x_wconf 92' lang='lat' dir='ltr'><strong>sancto</strong></span> <span class='ocrx_word' id='word_1_109' title='bbox 1038 2059 1109 2117; x_wconf 86' lang='lat' dir='ltr'><strong>rege</strong></span> <span class='ocrx_word' id='word_1_110' title='bbox 1141 2044 1307 2102; x_wconf 83' lang='lat' dir='ltr'><strong>ladislauo</strong></span> <span class='ocrx_word' id='word_1_111' title='bbox 1331 2043 1457 2101; x_wconf 85' lang='lat' dir='ltr'><strong>fundata</strong></span> <span class='ocrx_word' id='word_1_112' title='bbox 1480 2051 1510 2100; x_wconf 91' lang='lat' dir='ltr'><strong>et</strong></span> 
     </span>
     <span class='ocr_line' id='line_1_16' title="bbox 243 2150 1512 2223; baseline -0.002 -16"><span class='ocrx_word' id='word_1_113' title='bbox 243 2167 280 2207; x_wconf 90' lang='lat' dir='ltr'><strong>ex</strong></span> <span class='ocrx_word' id='word_1_114' title='bbox 311 2152 397 2223; x_wconf 84' lang='lat' dir='ltr'><strong>regia</strong></span> <span class='ocrx_word' id='word_1_115' title='bbox 430 2152 618 2208; x_wconf 90' lang='lat' dir='ltr'><strong>liberalitate</strong></span> <span class='ocrx_word' id='word_1_116' title='bbox 650 2152 777 2220; x_wconf 78' lang='lat' dir='ltr'><strong>donata,</strong></span> <span class='ocrx_word' id='word_1_117' title='bbox 813 2150 929 2208; x_wconf 91' lang='lat' dir='ltr'><strong>insultu</strong></span> <span class='ocrx_word' id='word_1_118' title='bbox 962 2151 1163 2209; x_wconf 87' lang='lat' dir='ltr'><strong>Tartarorum</strong></span> <span class='ocrx_word' id='word_1_119' title='bbox 1195 2150 1444 2209; x_wconf 86' lang='lat' dir='ltr'><strong>inenarrabiliter</strong></span> <span class='ocrx_word' id='word_1_120' title='bbox 1473 2150 1512 2206; x_wconf 90' lang='lat' dir='ltr'><strong>sit</strong></span> 
     </span>
     <span class='ocr_line' id='line_1_17' title="bbox 243 2253 1512 2330; baseline -0.002 -17"><span class='ocrx_word' id='word_1_121' title='bbox 243 2255 388 2328; x_wconf 87' lang='lat' dir='ltr'><strong>desolata,</strong></span> <span class='ocrx_word' id='word_1_122' title='bbox 413 2266 442 2313; x_wconf 88' lang='lat' dir='ltr'><strong>et</strong></span> <span class='ocrx_word' id='word_1_123' title='bbox 466 2264 529 2314; x_wconf 92' lang='lat' dir='ltr'><strong>tam</strong></span> <span class='ocrx_word' id='word_1_124' title='bbox 553 2258 646 2314; x_wconf 87' lang='lat' dir='ltr'><strong>rebus</strong></span> <span class='ocrx_word' id='word_1_125' title='bbox 670 2272 765 2329; x_wconf 90' lang='lat' dir='ltr'><strong>quam</strong></span> <span class='ocrx_word' id='word_1_126' title='bbox 789 2257 898 2314; x_wconf 91' lang='lat' dir='ltr'><strong>incolis</strong></span> <span class='ocrx_word' id='word_1_127' title='bbox 922 2257 1143 2314; x_wconf 87' lang='lat' dir='ltr'><strong>miserabiliter</strong></span> <span class='ocrx_word' id='word_1_128' title='bbox 1166 2257 1308 2330; x_wconf 92' lang='lat' dir='ltr'><strong>spoliata,</strong></span> <span class='ocrx_word' id='word_1_129' title='bbox 1332 2264 1362 2312; x_wconf 92' lang='lat' dir='ltr'><strong>et</strong></span> <span class='ocrx_word' id='word_1_130' title='bbox 1383 2253 1512 2312; x_wconf 88' lang='lat' dir='ltr'><strong>edificiis</strong></span> 
     </span>
     <span class='ocr_line' id='line_1_18' title="bbox 243 2360 1512 2435; baseline -0.002 -16"><span class='ocrx_word' id='word_1_131' title='bbox 243 2363 421 2431; x_wconf 83' lang='lat' dir='ltr'><strong>combustis,</strong></span> <span class='ocrx_word' id='word_1_132' title='bbox 445 2363 620 2435; x_wconf 88' lang='lat' dir='ltr'><strong>hospitibus</strong></span> <span class='ocrx_word' id='word_1_133' title='bbox 645 2363 758 2435; x_wconf 82' lang='lat' dir='ltr'><strong>iugatis</strong></span> <span class='ocrx_word' id='word_1_134' title='bbox 781 2368 811 2418; x_wconf 93' lang='lat' dir='ltr'><strong>et</strong></span> <span class='ocrx_word' id='word_1_135' title='bbox 826 2361 1001 2431; x_wconf 68' lang='lat' dir='ltr'><strong>interiectis</strong></span> <span class='ocrx_word' id='word_1_136' title='bbox 1025 2362 1154 2420; x_wconf 88' lang='lat' dir='ltr'><strong>ecclesie</strong></span> <span class='ocrx_word' id='word_1_137' title='bbox 1172 2362 1360 2419; x_wconf 89' lang='lat' dir='ltr'><strong>desolacioni</strong></span> <span class='ocrx_word' id='word_1_138' title='bbox 1376 2360 1512 2418; x_wconf 86' lang='lat' dir='ltr'><strong>maxime</strong></span> 
     </span>
     <span class='ocr_line' id='line_1_19' title="bbox 244 2467 1513 2542; baseline 0 -19"><span class='ocrx_word' id='word_1_139' title='bbox 244 2468 449 2538; x_wconf 87' lang='lat' dir='ltr'><strong>condolentes,</strong></span> <span class='ocrx_word' id='word_1_140' title='bbox 459 2484 575 2526; x_wconf 91' lang='lat' dir='ltr'><strong>necnon</strong></span> <span class='ocrx_word' id='word_1_141' title='bbox 591 2469 763 2525; x_wconf 85' lang='lat' dir='ltr'><strong>incolarum</strong></span> <span class='ocrx_word' id='word_1_142' title='bbox 779 2468 1026 2539; x_wconf 81' lang='lat' dir='ltr'><strong>zagrabiensium</strong></span> <span class='ocrx_word' id='word_1_143' title='bbox 1042 2467 1227 2542; x_wconf 84' lang='lat' dir='ltr'><strong>dispersioni</strong></span> <span class='ocrx_word' id='word_1_144' title='bbox 1244 2476 1274 2525; x_wconf 90' lang='lat' dir='ltr'><strong>et</strong></span> <span class='ocrx_word' id='word_1_145' title='bbox 1290 2467 1513 2542; x_wconf 90' lang='lat' dir='ltr'><strong>periclitacioni</strong></span> 
     </span>
     <span class='ocr_line' id='line_1_20' title="bbox 244 2573 1513 2646; baseline -0.001 -16"><span class='ocrx_word' id='word_1_146' title='bbox 244 2574 388 2631; x_wconf 90' lang='lat' dir='ltr'><strong>omnibus</strong></span> <span class='ocrx_word' id='word_1_147' title='bbox 412 2573 514 2631; x_wconf 87' lang='lat' dir='ltr'><strong>modis</strong></span> <span class='ocrx_word' id='word_1_148' title='bbox 538 2575 773 2646; x_wconf 88' lang='lat' dir='ltr'><strong>compacientes,</strong></span> <span class='ocrx_word' id='word_1_149' title='bbox 805 2573 871 2630; x_wconf 91' lang='lat' dir='ltr'><strong>zelo</strong></span> <span class='ocrx_word' id='word_1_150' title='bbox 892 2573 1014 2646; x_wconf 91' lang='lat' dir='ltr'><strong>pietatis</strong></span> <span class='ocrx_word' id='word_1_151' title='bbox 1037 2574 1162 2645; x_wconf 74' lang='lat' dir='ltr'><strong>inducti,</strong></span> <span class='ocrx_word' id='word_1_152' title='bbox 1194 2581 1260 2631; x_wconf 91' lang='lat' dir='ltr'><strong>tum</strong></span> <span class='ocrx_word' id='word_1_153' title='bbox 1284 2573 1436 2631; x_wconf 88' lang='lat' dir='ltr'><strong>honestati</strong></span> <span class='ocrx_word' id='word_1_154' title='bbox 1466 2588 1513 2630; x_wconf 90' lang='lat' dir='ltr'><strong>ec·</strong></span> 
     </span>
    </p>
   </div>
   <div class='ocr_carea' id='block_1_8' title="bbox 245 2678 1602 2753">
    <p class='ocr_par' dir='ltr' id='par_1_8' title="bbox 245 2678 1602 2753">
     <span class='ocr_line' id='line_1_21' title="bbox 245 2678 1602 2753; baseline -0.001 -17"><span class='ocrx_word' id='word_1_155' title='bbox 245 2680 345 2749; x_wconf 90' lang='lat' dir='ltr'><strong>clesie‚</strong></span> <span class='ocrx_word' id='word_1_156' title='bbox 362 2687 428 2736; x_wconf 92' lang='lat' dir='ltr'><strong>tum</strong></span> <span class='ocrx_word' id='word_1_157' title='bbox 446 2681 604 2753; x_wconf 90' lang='lat' dir='ltr'><strong>hospitum</strong></span> <span class='ocrx_word' id='word_1_158' title='bbox 621 2681 746 2737; x_wconf 89' lang='lat' dir='ltr'><strong>utilitati</strong></span> <span class='ocrx_word' id='word_1_159' title='bbox 765 2679 930 2753; x_wconf 89' lang='lat' dir='ltr'><strong>providere</strong></span> <span class='ocrx_word' id='word_1_160' title='bbox 947 2680 1094 2750; x_wconf 70' lang='lat' dir='ltr'><strong>volentes</strong></span> <span class='ocrx_word' id='word_1_161' title='bbox 1113 2678 1307 2737; x_wconf 89' lang='lat' dir='ltr'><strong>condiciones</strong></span> <span class='ocrx_word' id='word_1_162' title='bbox 1323 2679 1512 2749; x_wconf 89' lang='lat' dir='ltr'><strong>libertatum,</strong></span> <span class='ocrx_word' id='word_1_163' title='bbox 1596 2709 1602 2720; x_wconf 90' lang='lat'><strong>·</strong></span> 
     </span>
    </p>
   </div>
   <div class='ocr_carea' id='block_1_9' title="bbox 245 2784 1514 3567">
    <p class='ocr_par' dir='ltr' id='par_1_9' title="bbox 245 2784 1514 3281">
     <span class='ocr_line' id='line_1_22' title="bbox 246 2784 1514 2859; baseline -0.002 -17"><span class='ocrx_word' id='word_1_164' title='bbox 246 2786 359 2857; x_wconf 89' lang='lat' dir='ltr'><strong>quibus</strong></span> <span class='ocrx_word' id='word_1_165' title='bbox 375 2785 475 2842; x_wconf 90' lang='lat' dir='ltr'><strong>incole</strong></span> <span class='ocrx_word' id='word_1_166' title='bbox 494 2786 627 2842; x_wconf 90' lang='lat' dir='ltr'><strong>civitatis</strong></span> <span class='ocrx_word' id='word_1_167' title='bbox 648 2785 688 2842; x_wconf 92' lang='lat' dir='ltr'><strong>ab</strong></span> <span class='ocrx_word' id='word_1_168' title='bbox 712 2785 839 2856; x_wconf 90' lang='lat' dir='ltr'><strong>antiquo</strong></span> <span class='ocrx_word' id='word_1_169' title='bbox 861 2784 1051 2854; x_wconf 87' lang='lat' dir='ltr'><strong>fruebantur,</strong></span> <span class='ocrx_word' id='word_1_170' title='bbox 1076 2785 1208 2859; x_wconf 85' lang='lat' dir='ltr'><strong>provida</strong></span> <span class='ocrx_word' id='word_1_171' title='bbox 1232 2784 1458 2843; x_wconf 88' lang='lat' dir='ltr'><strong>deliberacione</strong></span> <span class='ocrx_word' id='word_1_172' title='bbox 1475 2799 1514 2841; x_wconf 87' lang='lat' dir='ltr'><strong>ex</strong></span> 
     </span>
     <span class='ocr_line' id='line_1_23' title="bbox 245 2888 1513 2964; baseline -0.002 -16"><span class='ocrx_word' id='word_1_173' title='bbox 245 2899 350 2948; x_wconf 88' lang='lat' dir='ltr'><strong>nostro</strong></span> <span class='ocrx_word' id='word_1_174' title='bbox 374 2906 522 2948; x_wconf 89' lang='lat' dir='ltr'><strong>consensu</strong></span> <span class='ocrx_word' id='word_1_175' title='bbox 547 2892 650 2948; x_wconf 86' lang='lat' dir='ltr'><strong>taliter</strong></span> <span class='ocrx_word' id='word_1_176' title='bbox 674 2906 705 2948; x_wconf 95' lang='lat' dir='ltr'><strong>se</strong></span> <span class='ocrx_word' id='word_1_177' title='bbox 728 2889 886 2948; x_wconf 89' lang='lat' dir='ltr'><strong>ordinatas</strong></span> <span class='ocrx_word' id='word_1_178' title='bbox 908 2889 1100 2961; x_wconf 89' lang='lat' dir='ltr'><strong>admisimus,</strong></span> <span class='ocrx_word' id='word_1_179' title='bbox 1126 2892 1335 2964; x_wconf 90' lang='lat' dir='ltr'><strong>approbantes</strong></span> <span class='ocrx_word' id='word_1_180' title='bbox 1356 2899 1386 2947; x_wconf 92' lang='lat' dir='ltr'><strong>et</strong></span> <span class='ocrx_word' id='word_1_181' title='bbox 1401 2888 1513 2949; x_wconf 87' lang='lat' dir='ltr'><strong>confir·</strong></span> 
     </span>
     <span class='ocr_line' id='line_1_24' title="bbox 246 2995 1511 3069; baseline -0.002 -15"><span class='ocrx_word' id='word_1_182' title='bbox 246 3004 370 3054; x_wconf 80' lang='lat' dir='ltr'><strong>mantes</strong></span> <span class='ocrx_word' id='word_1_183' title='bbox 396 2997 463 3068; x_wconf 73' lang='lat' dir='ltr'><strong>Que</strong></span> <span class='ocrx_word' id='word_1_184' title='bbox 487 2998 564 3054; x_wconf 89' lang='lat' dir='ltr'><strong>tales</strong></span> <span class='ocrx_word' id='word_1_185' title='bbox 588 3005 673 3054; x_wconf 88' lang='lat' dir='ltr'><strong>sunt:</strong></span> <span class='ocrx_word' id='word_1_186' title='bbox 698 2996 780 3068; x_wconf 83' lang='lat' dir='ltr'><strong>quod</strong></span> <span class='ocrx_word' id='word_1_187' title='bbox 806 2995 949 3053; x_wconf 89' lang='lat' dir='ltr'><strong>videlicet</strong></span> <span class='ocrx_word' id='word_1_188' title='bbox 974 2996 1051 3054; x_wconf 91' lang='lat' dir='ltr'><strong>villa</strong></span> <span class='ocrx_word' id='word_1_189' title='bbox 1075 2997 1291 3069; x_wconf 86' lang='lat' dir='ltr'><strong>zagrabiensis‚</strong></span> <span class='ocrx_word' id='word_1_190' title='bbox 1314 3010 1433 3053; x_wconf 90' lang='lat' dir='ltr'><strong>necnon</strong></span> <span class='ocrx_word' id='word_1_191' title='bbox 1456 2996 1511 3052; x_wconf 94' lang='lat' dir='ltr'><strong>ho-</strong></span> 
     </span>
     <span class='ocr_line' id='line_1_25' title="bbox 248 3101 1514 3177; baseline -0.002 -17"><span class='ocrx_word' id='word_1_192' title='bbox 248 3105 342 3177; x_wconf 91' lang='lat' dir='ltr'><strong>spites</strong></span> <span class='ocrx_word' id='word_1_193' title='bbox 365 3103 403 3160; x_wconf 90' lang='lat' dir='ltr'><strong>de</strong></span> <span class='ocrx_word' id='word_1_194' title='bbox 420 3105 489 3160; x_wconf 88' lang='lat' dir='ltr'><strong>vico</strong></span> <span class='ocrx_word' id='word_1_195' title='bbox 508 3104 687 3160; x_wconf 88' lang='lat' dir='ltr'><strong>Latinorum</strong></span> <span class='ocrx_word' id='word_1_196' title='bbox 704 3103 740 3160; x_wconf 93' lang='lat' dir='ltr'><strong>ad</strong></span> <span class='ocrx_word' id='word_1_197' title='bbox 760 3104 859 3176; x_wconf 91' lang='lat' dir='ltr'><strong>ipsam</strong></span> <span class='ocrx_word' id='word_1_198' title='bbox 876 3104 1071 3176; x_wconf 69' lang='lat' dir='ltr'><strong>pertinentes</strong></span> <span class='ocrx_word' id='word_1_199' title='bbox 1088 3102 1206 3160; x_wconf 92' lang='lat' dir='ltr'><strong>nullius</strong></span> <span class='ocrx_word' id='word_1_200' title='bbox 1225 3101 1340 3160; x_wconf 90' lang='lat' dir='ltr'><strong>iudicio</strong></span> <span class='ocrx_word' id='word_1_201' title='bbox 1355 3110 1454 3158; x_wconf 90' lang='lat' dir='ltr'><strong>astare</strong></span> <span class='ocrx_word' id='word_1_202' title='bbox 1471 3111 1514 3157; x_wconf 92' lang='lat' dir='ltr'><strong>te·</strong></span> 
     </span>
     <span class='ocr_line' id='line_1_26' title="bbox 248 3207 1513 3281; baseline -0.001 -16"><span class='ocrx_word' id='word_1_203' title='bbox 248 3219 393 3266; x_wconf 89' lang='lat' dir='ltr'><strong>nerentur</strong></span> <span class='ocrx_word' id='word_1_204' title='bbox 410 3211 467 3267; x_wconf 91' lang='lat' dir='ltr'><strong>nisi</strong></span> <span class='ocrx_word' id='word_1_205' title='bbox 485 3209 597 3266; x_wconf 92' lang='lat' dir='ltr'><strong>iudicio</strong></span> <span class='ocrx_word' id='word_1_206' title='bbox 613 3209 722 3266; x_wconf 87' lang='lat' dir='ltr'><strong>iudicis</strong></span> <span class='ocrx_word' id='word_1_207' title='bbox 738 3208 824 3277; x_wconf 89' lang='lat' dir='ltr'><strong>ville,</strong></span> <span class='ocrx_word' id='word_1_208' title='bbox 845 3209 898 3281; x_wconf 87' lang='lat' dir='ltr'><strong>qui</strong></span> <span class='ocrx_word' id='word_1_209' title='bbox 915 3207 1007 3265; x_wconf 85' lang='lat' dir='ltr'><strong>fuerit</strong></span> <span class='ocrx_word' id='word_1_210' title='bbox 1022 3223 1081 3281; x_wconf 92' lang='lat' dir='ltr'><strong>pro</strong></span> <span class='ocrx_word' id='word_1_211' title='bbox 1098 3214 1238 3281; x_wconf 90' lang='lat' dir='ltr'><strong>tempore</strong></span> <span class='ocrx_word' id='word_1_212' title='bbox 1261 3209 1465 3265; x_wconf 87' lang='lat' dir='ltr'><strong>constitutus.</strong></span> <span class='ocrx_word' id='word_1_213' title='bbox 1483 3253 1489 3264; x_wconf 93' lang='lat'><em>.</em></span> <span class='ocrx_word' id='word_1_214' title='bbox 1508 3252 1513 3263; x_wconf 95' lang='lat'><em>.</em></span> 
     </span>
    </p>

    <p class='ocr_par' dir='ltr' id='par_1_10' title="bbox 247 3324 1514 3567">
     <span class='ocr_line' id='line_1_27' title="bbox 335 3324 1514 3390; baseline -0.001 -16"><span class='ocrx_word' id='word_1_215' title='bbox 335 3326 475 3390; x_wconf 82' lang='lat' dir='ltr'><strong>Originale</strong></span> <span class='ocrx_word' id='word_1_216' title='bbox 492 3327 613 3390; x_wconf 88' lang='lat' dir='ltr'><strong>dcpcriit.</strong></span> <span class='ocrx_word' id='word_1_217' title='bbox 636 3326 742 3376; x_wconf 88' lang='lat' dir='ltr'><strong>Initium</strong></span> <span class='ocrx_word' id='word_1_218' title='bbox 760 3326 809 3375; x_wconf 92' lang='lat' dir='ltr'><strong>hoc</strong></span> <span class='ocrx_word' id='word_1_219' title='bbox 828 3325 995 3390; x_wconf 81' lang='lat' dir='ltr'><strong>praenotavit</strong></span> <span class='ocrx_word' id='word_1_220' title='bbox 1009 3325 1165 3375; x_wconf 87' lang='lat' dir='ltr'><strong>Benedictus</strong></span> <span class='ocrx_word' id='word_1_221' title='bbox 1181 3325 1313 3374; x_wconf 78' lang='lat' dir='ltr'><strong>Vinkovid</strong></span> <span class='ocrx_word' id='word_1_222' title='bbox 1334 3325 1360 3374; x_wconf 91' lang='lat' dir='ltr'><strong>in</strong></span> <span class='ocrx_word' id='word_1_223' title='bbox 1379 3340 1427 3374; x_wconf 92' lang='lat' dir='ltr'><strong>suo</strong></span> <span class='ocrx_word' id='word_1_224' title='bbox 1446 3324 1514 3375; x_wconf 88' lang='lat' dir='ltr'><strong>MSC</strong></span> 
     </span>
     <span class='ocr_line' id='line_1_28' title="bbox 248 3411 1514 3480; baseline -0.004 -15"><span class='ocrx_word' id='word_1_225' title='bbox 248 3429 343 3479; x_wconf 89' lang='lat' dir='ltr'><strong>opere:</strong></span> <span class='ocrx_word' id='word_1_226' title='bbox 366 3414 499 3471; x_wconf 77' lang='lat' dir='ltr'><strong>„Notitiae</strong></span> <span class='ocrx_word' id='word_1_227' title='bbox 519 3415 686 3478; x_wconf 83' lang='lat' dir='ltr'><strong>episcopatus</strong></span> <span class='ocrx_word' id='word_1_228' title='bbox 700 3425 724 3463; x_wconf 88' lang='lat' dir='ltr'><strong>ct</strong></span> <span class='ocrx_word' id='word_1_229' title='bbox 739 3415 928 3480; x_wconf 88' lang='lat' dir='ltr'><strong>episcoporum</strong></span> <span class='ocrx_word' id='word_1_230' title='bbox 941 3413 1175 3479; x_wconf 85' lang='lat' dir='ltr'><strong>zagrabiensium.“</strong></span> <span class='ocrx_word' id='word_1_231' title='bbox 1197 3411 1281 3479; x_wconf 89' lang='lat' dir='ltr'><strong>Typis</strong></span> <span class='ocrx_word' id='word_1_232' title='bbox 1302 3413 1423 3478; x_wconf 76' lang='lat' dir='ltr'><strong>vulgavit</strong></span> <span class='ocrx_word' id='word_1_233' title='bbox 1440 3413 1514 3478; x_wconf 90' lang='lat' dir='ltr'><strong>Joan.</strong></span> 
     </span>
     <span class='ocr_line' id='line_1_29' title="bbox 247 3502 1244 3567; baseline -0.001 -16"><span class='ocrx_word' id='word_1_234' title='bbox 247 3502 412 3566; x_wconf 77' lang='lat' dir='ltr'><strong>Kukuljeiic</strong></span> <span class='ocrx_word' id='word_1_235' title='bbox 432 3503 471 3551; x_wconf 84' lang='lat' dir='ltr'><strong>in:</strong></span> <span class='ocrx_word' id='word_1_236' title='bbox 492 3503 580 3552; x_wconf 90' lang='lat' dir='ltr'><strong>Borba</strong></span> <span class='ocrx_word' id='word_1_237' title='bbox 599 3503 700 3551; x_wconf 85' lang='lat' dir='ltr'><strong>Hrvata</strong></span> <span class='ocrx_word' id='word_1_238' title='bbox 721 3519 732 3551; x_wconf 90' lang='lat' dir='ltr'><strong>s</strong></span> <span class='ocrx_word' id='word_1_239' title='bbox 753 3502 871 3567; x_wconf 85' lang='lat' dir='ltr'><strong>Mongoli</strong></span> <span class='ocrx_word' id='word_1_240' title='bbox 892 3502 899 3550; x_wconf 84' lang='lat' dir='ltr'><strong>i</strong></span> <span class='ocrx_word' id='word_1_241' title='bbox 920 3502 1010 3551; x_wconf 86' lang='lat' dir='ltr'><strong>Tatari</strong></span> <span class='ocrx_word' id='word_1_242' title='bbox 1030 3518 1054 3567; x_wconf 87' lang='lat' dir='ltr'><strong>p.</strong></span> <span class='ocrx_word' id='word_1_243' title='bbox 1069 3513 1109 3565; x_wconf 83' lang='lat'><strong>29.</strong></span> <span class='ocrx_word' id='word_1_244' title='bbox 1123 3509 1185 3552; x_wconf 90' lang='lat' dir='ltr'><strong>nota</strong></span> <span class='ocrx_word' id='word_1_245' title='bbox 1202 3512 1244 3565; x_wconf 81' lang='lat'><strong>93.</strong></span> 
     </span>
    </p>
   </div>
   <div class='ocr_carea' id='block_1_10' title="bbox 248 3697 1516 4301">
    <p class='ocr_par' dir='ltr' id='par_1_11' title="bbox 248 3697 1516 4301">
     <span class='ocr_line' id='line_1_30' title="bbox 855 3697 909 3763; baseline 0 0"><span class='ocrx_word' id='word_1_246' title='bbox 855 3697 909 3763; x_wconf 85' lang='lat'><strong>21.</strong></span> 
     </span>
     <span class='ocr_line' id='line_1_31' title="bbox 356 3803 836 3867; baseline -0.004 -15"><span class='ocrx_word' id='word_1_247' title='bbox 356 3806 403 3852; x_wconf 81' lang='lat' dir='ltr'><strong>An.</strong></span> <span class='ocrx_word' id='word_1_248' title='bbox 428 3804 501 3864; x_wconf 77' lang='lat'>1246.</span> <span class='ocrx_word' id='word_1_249' title='bbox 521 3814 561 3851; x_wconf 80' lang='lat'><strong>22.</strong></span> <span class='ocrx_word' id='word_1_250' title='bbox 582 3803 683 3866; x_wconf 89' lang='lat' dir='ltr'><strong>aprilis.</strong></span> <span class='ocrx_word' id='word_1_251' title='bbox 704 3803 836 3867; x_wconf 80' lang='lat' dir='ltr'><strong>Lugduni.</strong></span> 
     </span>
     <span class='ocr_line' id='line_1_32' title="bbox 250 3913 1516 3987; baseline -0.002 -17"><span class='ocrx_word' id='word_1_252' title='bbox 250 3913 431 3970; x_wconf 76' lang='lat' dir='ltr'><strong>Innocentius</strong></span> <span class='ocrx_word' id='word_1_253' title='bbox 464 3914 516 3970; x_wconf 85' lang='lat' dir='ltr'><strong>IV.</strong></span> <span class='ocrx_word' id='word_1_254' title='bbox 549 3914 637 3986; x_wconf 81' lang='lat' dir='ltr'><strong>Papa</strong></span> <span class='ocrx_word' id='word_1_255' title='bbox 667 3914 793 3986; x_wconf 73' lang='lat' dir='ltr'><strong>episcopo</strong></span> <span class='ocrx_word' id='word_1_256' title='bbox 823 3914 1007 3985; x_wconf 79' lang='lat' dir='ltr'><strong>zagrabiensi</strong></span> <span class='ocrx_word' id='word_1_257' title='bbox 1035 3915 1158 3979; x_wconf 60' lang='lat' dir='ltr'><strong>nuntiet,</strong></span> <span class='ocrx_word' id='word_1_258' title='bbox 1189 3932 1224 3970; x_wconf 85' lang='lat' dir='ltr'><strong>ne</strong></span> <span class='ocrx_word' id='word_1_259' title='bbox 1253 3915 1319 3987; x_wconf 83' lang='lat' dir='ltr'><strong>quis</strong></span> <span class='ocrx_word' id='word_1_260' title='bbox 1349 3913 1422 3970; x_wconf 85' lang='lat' dir='ltr'><strong>sedis</strong></span> <span class='ocrx_word' id='word_1_261' title='bbox 1445 3921 1516 3987; x_wconf 81' lang='lat' dir='ltr'><strong>apo·</strong></span> 
     </span>
     <span class='ocr_line' id='line_1_33' title="bbox 248 4016 1516 4092; baseline 0.002 -17"><span class='ocrx_word' id='word_1_262' title='bbox 248 4021 362 4076; x_wconf 80' lang='lat' dir='ltr'><strong>stolieue</strong></span> <span class='ocrx_word' id='word_1_263' title='bbox 385 4016 533 4091; x_wconf 77' lang='lat' dir='ltr'><strong>delegatus</strong></span> <span class='ocrx_word' id='word_1_264' title='bbox 564 4020 612 4075; x_wconf 78' lang='lat' dir='ltr'><strong>vel</strong></span> <span class='ocrx_word' id='word_1_265' title='bbox 639 4016 837 4092; x_wconf 78' lang='lat' dir='ltr'><strong>subdelegatus</strong></span> <span class='ocrx_word' id='word_1_266' title='bbox 868 4027 968 4076; x_wconf 81' lang='lat' dir='ltr'><strong>contra</strong></span> <span class='ocrx_word' id='word_1_267' title='bbox 998 4038 1060 4076; x_wconf 84' lang='lat' dir='ltr'><strong>cum</strong></span> <span class='ocrx_word' id='word_1_268' title='bbox 1091 4027 1145 4077; x_wconf 88' lang='lat' dir='ltr'><strong>aut</strong></span> <span class='ocrx_word' id='word_1_269' title='bbox 1176 4021 1318 4077; x_wconf 84' lang='lat' dir='ltr'><strong>ecclesiam</strong></span> <span class='ocrx_word' id='word_1_270' title='bbox 1349 4020 1516 4077; x_wconf 81' lang='lat' dir='ltr'><strong>sententiam</strong></span> 
     </span>
     <span class='ocr_line' id='line_1_34' title="bbox 248 4124 1516 4199; baseline 0.001 -18"><span class='ocrx_word' id='word_1_271' title='bbox 248 4126 546 4181; x_wconf 77' lang='lat' dir='ltr'><strong>excommunicationis</strong></span> <span class='ocrx_word' id='word_1_272' title='bbox 577 4125 625 4180; x_wconf 80' lang='lat' dir='ltr'><strong>vel</strong></span> <span class='ocrx_word' id='word_1_273' title='bbox 652 4125 801 4191; x_wconf 80' lang='lat' dir='ltr'><strong>interdicti,</strong></span> <span class='ocrx_word' id='word_1_274' title='bbox 831 4124 935 4198; x_wconf 82' lang='lat' dir='ltr'><strong>absque</strong></span> <span class='ocrx_word' id='word_1_275' title='bbox 965 4125 1038 4182; x_wconf 82' lang='lat' dir='ltr'><strong>sedis</strong></span> <span class='ocrx_word' id='word_1_276' title='bbox 1068 4126 1239 4197; x_wconf 80' lang='lat' dir='ltr'><strong>apostolicae</strong></span> <span class='ocrx_word' id='word_1_277' title='bbox 1265 4125 1416 4193; x_wconf 70' lang='lat' dir='ltr'><strong>incendiato,</strong></span> <span class='ocrx_word' id='word_1_278' title='bbox 1445 4133 1516 4199; x_wconf 81' lang='lat' dir='ltr'><strong>pro-</strong></span> 
     </span>
     <span class='ocr_line' id='line_1_35' title="bbox 752 4232 1009 4301; baseline 0.008 -16"><span class='ocrx_word' id='word_1_279' title='bbox 752 4232 882 4301; x_wconf 81' lang='lat' dir='ltr'><strong>mulgare</strong></span> <span class='ocrx_word' id='word_1_280' title='bbox 905 4232 1009 4287; x_wconf 82' lang='lat' dir='ltr'><strong>valeat.</strong></span> 
     </span>
    </p>
   </div>
   <div class='ocr_carea' id='block_1_11' title="bbox 249 4352 1516 4747">
    <p class='ocr_par' dir='ltr' id='par_1_12' title="bbox 249 4352 1516 4747">
     <span class='ocr_line' id='line_1_36' title="bbox 336 4352 1516 4436; baseline 0.003 -23"><span class='ocrx_word' id='word_1_281' title='bbox 336 4357 534 4413; x_wconf 89' lang='lat' dir='ltr'><strong>lnnocencius</strong></span> <span class='ocrx_word' id='word_1_282' title='bbox 558 4358 721 4430; x_wconf 87' lang='lat' dir='ltr'><strong>episcopus</strong></span> <span class='ocrx_word' id='word_1_283' title='bbox 744 4372 851 4413; x_wconf 89' lang='lat' dir='ltr'><strong>servus</strong></span> <span class='ocrx_word' id='word_1_284' title='bbox 875 4372 1038 4414; x_wconf 86' lang='lat' dir='ltr'><strong>servorum</strong></span> <span class='ocrx_word' id='word_1_285' title='bbox 1061 4357 1118 4415; x_wconf 88' lang='lat' dir='ltr'><strong>dei.</strong></span> <span class='ocrx_word' id='word_1_286' title='bbox 1137 4358 1314 4415; x_wconf 84' lang='lat' dir='ltr'><strong>Venerabili</strong></span> <span class='ocrx_word' id='word_1_287' title='bbox 1333 4356 1421 4415; x_wconf 86' lang='lat' dir='ltr'><strong>fratri</strong></span> <span class='ocrx_word' id='word_1_288' title='bbox 1439 4352 1516 4436; x_wconf 84' lang='lat' dir='ltr'><strong>(Ste-</strong></span> 
     </span>
     <span class='ocr_line' id='line_1_37' title="bbox 252 4459 1516 4538; baseline 0.002 -19"><span class='ocrx_word' id='word_1_289' title='bbox 252 4459 365 4538; x_wconf 87' lang='lat' dir='ltr'><strong>phano)</strong></span> <span class='ocrx_word' id='word_1_290' title='bbox 378 4464 525 4536; x_wconf 86' lang='lat' dir='ltr'><strong>episcopo</strong></span> <span class='ocrx_word' id='word_1_291' title='bbox 542 4463 732 4534; x_wconf 83' lang='lat' dir='ltr'><strong>zagrabiensi</strong></span> <span class='ocrx_word' id='word_1_292' title='bbox 750 4463 882 4520; x_wconf 90' lang='lat' dir='ltr'><strong>salutem</strong></span> <span class='ocrx_word' id='word_1_293' title='bbox 898 4469 927 4519; x_wconf 93' lang='lat' dir='ltr'><strong>et</strong></span> <span class='ocrx_word' id='word_1_294' title='bbox 943 4463 1146 4536; x_wconf 90' lang='lat' dir='ltr'><strong>apostolicam</strong></span> <span class='ocrx_word' id='word_1_295' title='bbox 1166 4462 1417 4522; x_wconf 86' lang='lat' dir='ltr'><strong>benedictionem.</strong></span> <span class='ocrx_word' id='word_1_296' title='bbox 1432 4465 1516 4538; x_wconf 88' lang='lat' dir='ltr'><strong>Apo·</strong></span> 
     </span>
     <span class='ocr_line' id='line_1_38' title="bbox 249 4567 1516 4640; baseline 0.002 -15"><span class='ocrx_word' id='word_1_297' title='bbox 249 4569 356 4625; x_wconf 88' lang='lat' dir='ltr'><strong>stolice</strong></span> <span class='ocrx_word' id='word_1_298' title='bbox 373 4568 453 4625; x_wconf 89' lang='lat' dir='ltr'><strong>sedis</strong></span> <span class='ocrx_word' id='word_1_299' title='bbox 470 4569 642 4639; x_wconf 85' lang='lat' dir='ltr'><strong>benignitas</strong></span> <span class='ocrx_word' id='word_1_300' title='bbox 658 4568 774 4625; x_wconf 89' lang='lat' dir='ltr'><strong>sincere</strong></span> <span class='ocrx_word' id='word_1_301' title='bbox 794 4569 1035 4640; x_wconf 89' lang='lat' dir='ltr'><strong>obsequencium</strong></span> <span class='ocrx_word' id='word_1_302' title='bbox 1052 4576 1124 4628; x_wconf 92' lang='lat' dir='ltr'><strong>vota</strong></span> <span class='ocrx_word' id='word_1_303' title='bbox 1140 4568 1282 4626; x_wconf 86' lang='lat' dir='ltr'><strong>fidelium</strong></span> <span class='ocrx_word' id='word_1_304' title='bbox 1302 4567 1408 4628; x_wconf 84' lang='lat' dir='ltr'><strong>favore</strong></span> <span class='ocrx_word' id='word_1_305' title='bbox 1431 4570 1516 4628; x_wconf 91' lang='lat' dir='ltr'><strong>beni·</strong></span> 
     </span>
     <span class='ocr_line' id='line_1_39' title="bbox 251 4673 1515 4747; baseline 0.002 -16"><span class='ocrx_word' id='word_1_306' title='bbox 251 4675 324 4731; x_wconf 90' lang='lat' dir='ltr'><strong>volo</strong></span> <span class='ocrx_word' id='word_1_307' title='bbox 340 4675 487 4747; x_wconf 88' lang='lat' dir='ltr'><strong>prosequi</strong></span> <span class='ocrx_word' id='word_1_308' title='bbox 507 4674 666 4730; x_wconf 80' lang='lat' dir='ltr'><strong>consuevit</strong></span> <span class='ocrx_word' id='word_1_309' title='bbox 689 4680 719 4730; x_wconf 90' lang='lat' dir='ltr'><strong>et</strong></span> <span class='ocrx_word' id='word_1_310' title='bbox 742 4673 928 4733; x_wconf 88' lang='lat' dir='ltr'><strong>devotorum</strong></span> <span class='ocrx_word' id='word_1_311' title='bbox 943 4688 1099 4747; x_wconf 89' lang='lat' dir='ltr'><strong>personas,</strong></span> <span class='ocrx_word' id='word_1_312' title='bbox 1115 4691 1192 4747; x_wconf 89' lang='lat' dir='ltr'><strong>quas</strong></span> <span class='ocrx_word' id='word_1_313' title='bbox 1215 4676 1246 4732; x_wconf 92' lang='lat' dir='ltr'><strong>in</strong></span> <span class='ocrx_word' id='word_1_314' title='bbox 1269 4689 1325 4731; x_wconf 90' lang='lat' dir='ltr'><strong>sua</strong></span> <span class='ocrx_word' id='word_1_315' title='bbox 1347 4674 1515 4733; x_wconf 86' lang='lat' dir='ltr'><strong>devocione</strong></span> 
     </span>
    </p>
   </div>
   <div class='ocr_carea' id='block_1_12' title="bbox 250 4778 1514 4928">
    <p class='ocr_par' dir='ltr' id='par_1_13' title="bbox 250 4778 1514 4928">
     <span class='ocr_line' id='line_1_40' title="bbox 250 4778 1514 4855; baseline 0.001 -18"><span class='ocrx_word' id='word_1_316' title='bbox 250 4786 413 4855; x_wconf 89' lang='lat' dir='ltr'><strong>promptas</strong></span> <span class='ocrx_word' id='word_1_317' title='bbox 437 4779 587 4837; x_wconf 88' lang='lat' dir='ltr'><strong>invenerit</strong></span> <span class='ocrx_word' id='word_1_318' title='bbox 608 4785 638 4835; x_wconf 88' lang='lat' dir='ltr'><strong>et</strong></span> <span class='ocrx_word' id='word_1_319' title='bbox 662 4778 824 4850; x_wconf 84' lang='lat' dir='ltr'><strong>ferventes,</strong></span> <span class='ocrx_word' id='word_1_320' title='bbox 847 4779 1035 4851; x_wconf 89' lang='lat' dir='ltr'><strong>quibusdam</strong></span> <span class='ocrx_word' id='word_1_321' title='bbox 1060 4780 1158 4838; x_wconf 90' lang='lat' dir='ltr'><strong>titulis</strong></span> <span class='ocrx_word' id='word_1_322' title='bbox 1181 4778 1338 4838; x_wconf 89' lang='lat' dir='ltr'><strong>decentius</strong></span> <span class='ocrx_word' id='word_1_323' title='bbox 1361 4779 1514 4841; x_wconf 87' lang='lat' dir='ltr'><strong>decorare.</strong></span> 
     </span>
     <span class='ocr_line' id='line_1_41' title="bbox 1397 4896 1412 4928; baseline 0 0"><span class='ocrx_word' id='word_1_324' title='bbox 1397 4896 1412 4928; x_wconf 59' lang='grc'><strong>0</strong></span> 
     </span>
    </p>
   </div>
   <div class='ocr_carea' id='block_1_13' title="bbox 0 0 1763 5242">
    <p class='ocr_par' dir='ltr' id='par_1_14' title="bbox 0 0 1763 5242">
     <span class='ocr_line' id='line_1_42' title="bbox 0 0 1763 5242; baseline 0 0"><span class='ocrx_word' id='word_1_325' title='bbox 0 0 1763 5242; x_wconf 95' lang='lat' dir='ltr'><strong> </strong></span> 
     </span>
    </p>
   </div>
  </div>
 </body>
</html>
