3488 5242
237 289 368 354 CCXVF
767 286 953 360 Argumenta.
978 282 990 326 Γ

1405 489 1425 532 Ρ
1455 488 1461 500 ’
1497 522 1503 535 .

235 579 294 629 373.
313 569 389 619 Anno
411 576 486 631 1395,
508 575 548 623 15.
567 565 666 618 martii.
686 564 841 632 Zagrabiae.
861 564 995 615 americus
1014 565 1091 615 aulae
1112 563 1204 631 regiae
1223 563 1306 622 miles,
1326 563 1396 615 cives
1426 499 1494 544 um

314 655 474 706 Grecheuses
492 654 596 720 regium
614 668 720 705 censum
737 668 788 719 pro
808 654 895 704 tribus
913 654 988 706 anuis
1006 649 1144 711 exsolvise,
1164 658 1275 704 testatur
1291 678 1386 692 ······
1447 661 1499 710 352

237 774 296 826 374.
316 767 391 815 Anno
414 772 488 826 1395,
509 763 553 813 26.
572 761 666 828 aprilis
694 761 792 813 Budae.
813 761 997 827 sigismundus
1016 761 1170 828 Hungariae
1189 767 1237 811 ete.
1257 775 1312 819 rex,
1327 760 1397 810 cives

315 850 476 902 Grecheuses
494 851 526 899 de
545 848 651 900 iniuriis
670 864 685 899 a
704 849 804 900 vicario
817 848 944 913 Jobaunis
961 848 1079 915 episcopi
1098 848 1212 914 aagmh..
1226 847 1317 906 illatis,
1332 861 1393 913 pro·
1427 845 1429 850 ’

315 938 381 1006 tegit
388 962 1391 979 ·························································
1450 943 1501 992 353

237 1055 296 1105 375,
316 1048 392 1096 Anno
414 1053 487 1108 1395.
506 1042 626 1107 6.'Junii.
639 1044 794 1110 Zagiabiae.
808 1043 987 1099 Communit'as
1001 1042 1117 1094 civitatis
1129 1042 1225 1093 montis
1240 1040 1396 1091 Grechensis
1438 1044 1440 1049 '

316 1147 403 1184 coram
422 1133 532 1182 Detrico
551 1130 644 1182 Bubek
662 1131 731 1182 bano
751 1138 842 1182 contra
862 1133 989 1194 quosdam
1007 1130 1117 1187 nobiles,
1129 1130 1176 1194 qui
1195 1146 1221 1180 se
1235 1132 1261 1180 in
1274 1129 1397 1196 possessi·
1427 1125 1430 1133 '

319 1238 381 1272 ones
401 1220 544 1271 Petrovina
562 1226 588 1271 et
607 1220 733 1284 Hrastbja
753 1219 952 1280 intromiserim,
967 1221 1001 1269 de
1013 1235 1103 1272 earum
1117 1219 1289 1284 occupatione
1307 1223 1333 1269 et
1352 1219 1393 1268 de·

317 1311 432 1360 tentione
450 1307 1064 1360 contradicto·························-
1077 1331 1386 1348 ··················

238 1417 297 1475 376.
317 1418 393 1465 Anno
416 1424 491 1478 1395.
513 1413 645 1480 10.Juuii.
665 1414 817 1480 Zagrabiac.
838 1413 991 1480 Capitulum
1010 1412 1114 1480 zagrab.
1129 1408 1271 1464 nonnullos
1284 1413 1393 1472 nobiles,

318 1504 365 1568 qui
383 1502 522 1555 statutioui
542 1503 679 1552 cuiusdam
697 1501 844 1569 particulae
872 1509 958 1553 terrae
976 1502 1080 1554 civibus
1100 1501 1294 1552 Grechensibus
1313 1501 1398 1552 factae

316 1591 541 1650 contradixerant,
566 1591 599 1642 ad
619 1591 749 1642 iudicium
769 1591 861 1640 banale
879 1590 944 1641 citat
959 1615 1394 1630 ·························

241 1708 301 1760 377.
321 1702 396 1751 Anno
419 1707 493 1762 1395,
516 1709 555 1750 1ο.
576 1697 659 1762 Juuii.
678 1699 832 1765 Zagrabiae.
853 1698 1008 1766 Capitulum
1026 1697 1134 1764 zagrab.
1148 1699 1290 1749 nonnullos
1303 1700 1400 1765 posses-
1446 1692 1453 1707 ‘

321 1803 392 1839 sores
411 1788 443 1838 de
463 1787 539 1837 Odra
559 1787 586 1836 iu
604 1786 786 1839 controversia
802 1793 932 1838 metarum
944 1787 1013 1838 inter
1028 1787 1099 1853 ipsos
1112 1793 1138 1837 et
1153 1787 1222 1838 cives
1233 1787 1400 1839 Grecheuses.

323 1879 355 1927 ad
375 1876 504 1927 iudicium
522 1875 585 1926 bani
603 1875 669 1927 citat
689 1901 1395 1917 ········································

247 1985 305 2043 378.
325 1984 401 2033 Anno
423 1992 497 2046 1395.
520 1993 559 2035 10.
579 1981 661 2046 Junii.
690 1982 843 2047 Zagrabiae.
873 1983 1025 2049 Capitulum
1045 1982 1150 2049 zagrab.
1170 1983 1202 2033 de
1220 1982 1401 2033 controversia

321 2077 451 2123 metarum
488 2071 660 2138 possessionis
697 2071 840 2122 Petrovina
877 2071 1084 2122 contradictores
1116 2073 1148 2120 ad
1180 2071 1307 2121 iudicium
1338 2069 1400 2120 bani

320 2164 893 2211 V0cat...........................;
905 2185 1251 2199 ....................
1262 2160 1394 2198 2...‘....

242 2257 301 2312 379.
321 2251 397 2299 Auno
420 2257 495 2312 1395.
518 2258 556 2296 1ο.
576 2246 657 2311 Junii.
676 2248 832 2313 Zagrabiac.
853 2249 1006 2315 Capitulum
1024 2248 1131 2313 zagrab.
1144 2249 1286 2298 nonnullos
1299 2252 1400 2296 contra·

326 2337 448 2396 dictores,
477 2336 523 2401 qui
542 2337 636 2387 erectis
662 2338 739 2387 metis
766 2336 937 2402 possessionis
963 2335 1090 2401 Hrastbja
1116 2335 1339 2395 contradixerant,
1368 2334 1402 2384 ad

323 2426 450 2476 iudicium
469 2426 532 2476 bani
551 2426 615 2477 citat
626 2447 1397 2466 ············································

243 2517 301 2576 380.
321 2517 397 2565 Anno
414 2524 487 2579 1395,
510 2525 549 2578 19.
569 2512 826 2578 Junii.·Zagrabtae.
847 2512 969 2563 Detricus
988 2511 1080 2562 Bubek
1098 2512 1188 2570 banus,
1211 2526 1315 2561 causam
1335 2509 1402 2559 inter

322 2603 392 2654 cives
411 2603 573 2653 Grechenses
591 2608 619 2653 et
636 2603 775 2652 nonnullos
795 2614 956 2667 possessores
974 2602 1007 2650 de
1027 2600 1109 2654 Odra.
1128 2603 1259 2665 prorogat
1266 2624 1397 2638 ········

243 2693 303 2749 381.
323 2693 399 2741 Anno
420 2700 494 2754 1395,
516 2701 536 2740 1.
555 2688 718 2756 septembris.
738 2688 877 2753 Strigouii.
896 2687 1079 2754 sigismundus
1098 2686 1252 2751 Hungariae
1270 2692 1319 2739 etc.
1343 2702 1400 2744 rex,

322 2777 436 2845 johanni
455 2779 487 2827 de
506 2777 580 2830 Senis
600 2776 701 2828 vicario
719 2775 839 2843 episcopi
857 2775 963 2842 tagrab.
982 2791 1014 2824 ne
1033 2775 1101 2826 cives
1115 2775 1275 2826 Grechenses
1288 2775 1314 2824 in
1327 2789 1403 2824 exac-

324 2866 395 2916 tione
414 2865 576 2916 decimarum
596 2866 685 2925 „ultra
714 2865 832 2931 ipsorum
859 2864 1012 2914 libertatem
1030 2869 1056 2914 et
1074 2864 1288 2915 consvetudinem
1307 2864 1340 2914 ab
1359 2878 1401 2914 an-
1434 2847 1435 2850 Ἴ

327 2955 402 3018 tiquo
424 2953 615 3020 approbatam*
636 2957 765 3018 aggravet
793 2958 819 3002 et
844 2955 907 3005 eccl.
935 2952 1106 3003 interdictum
1132 2959 1162 3004 ut
1188 2958 1301 3011 revocet,
1329 2967 1403 3019 prae·

271 3072 273 3074 -
324 3042 486 3108 cipit
496 3066 663 3080 ··········
675 3080 680 3093 .
693 3066 1394 3081 ········································

245 3133 303 3190 382.
323 3134 399 3182 Anno
421 3139 495 3195 1395,
517 3141 539 3181 1,
558 3130 725 3196 septembris.
753 3130 908 3196 Zagrabiae.
938 3129 1067 3180 Martinus
1095 3129 1171 3188 Dera,
1191 3130 1339 3188 virebanus,
1360 3145 1400 3179 ne·

325 3219 393 3270 faria
412 3218 529 3269 facinora
549 3219 700 3282 aliquorum
720 3218 927 3269 inhabitatorum
947 3217 973 3269 in
996 3218 1131 3277 Lomnica‚
1152 3217 1254 3268 civibus
1275 3219 1403 3268 Grechen-

323 3308 395 3359 sibus
413 3318 557 3371 eorumque
577 3307 764 3373 iobagionibus
783 3308 816 3358 de
836 3306 977 3359 Petrovina
995 3306 1079 3364 illata,
1098 3306 1180 3356 refert
1193 3332 1394 3347 ············

247 3399 306 3456 383.
327 3400 403 3446 Anno
426 3406 499 3457 1395,
519 3405 558 3453 15,
573 3395 698 3446 octobris.
710 3396 865 3461 Zagrabiae.
878 3395 1002 3446 Detricus
1012 3395 1105 3445 Bubek
1115 3395 1198 3446 banus
1211 3402 1292 3446 metas
1305 3410 1403 3462 posses-

327 3485 407 3535 sionis
428 3484 525 3534 civinm
546 3483 743 3551 Grechensium,
771 3498 850 3547 quam
879 3484 1020 3534 Petrovina
1047 3489 1150 3542 vocant,
1180 3484 1297 3549 capitulo
1316 3498 1404 3548 ragra-

326 3573 409 3623 biensi
429 3571 590 3622 reambulari
608 3578 634 3623 et
652 3586 734 3622 novas
752 3578 832 3622 metas
850 3571 928 3638 erigi,
947 3573 1021 3622 iubet
1036 3597 1399 3612 ·····················
1494 3583 1509 3620 2

248 3663 305 3722 384
324 3663 401 3711 Anno
423 3669 497 3723 1395,
520 3670 559 3718 15.
578 3660 704 3710 octobris.
723 3660 877 3725 Zagrabiae.
897 3660 1049 3726 Capitulum
1068 3661 1172 3723 zagrab.
1191 3661 1363 3711 reambulatis
1375 3665 1402 3710 et

332 3749 426 3799 erectis
445 3748 520 3799 metis
538 3748 566 3798 in
585 3748 746 3814 possessione
764 3748 881 3814 lirastja,
901 3749 1106 3798 contradictores
1124 3750 1157 3797 ad
1171 3748 1298 3798 iudicium
1312 3749 1404 3798 banale

326 3843 418 3888 evocat
429 3862 1399 3877 ······················································

248 3928 306 3986 385.
326 3929 401 3976 Anno
423 3935 497 3990 1395,
517 3935 558 3975 22.
577 3925 737 3975 novembris.
756 3925 908 3989 Zagrabiae.
928 3924 1081 3991 Capitulum
1094 3925 1199 3990 ragrab.
1214 3925 1404 3976 reambulando

327 4013 513 4080 possessionem
533 4012 709 4070 Petroviuam‚
723 4012 833 4063 Detrico
854 4013 946 4063 Bubek
966 4013 1032 4063 bano
1051 4013 1140 4071 retert,
1160 4012 1195 4062 ad
1214 4028 1326 4074 eumque
1346 4027 1405 4061 con-

328 4102 485 4152 tradictores
503 4099 723 4153 reambulationis
742 4100 806 4151 citat
824 4126 1401 4143 ·································

252 4208 309 4266 386.
327 4209 404 4258 Anno
426 4206 636 4270 139ό,8.11111.
665 4206 819 4272 Zagrabiae.
847 4207 971 4258 Detricus
998 4207 1091 4258 Bubek
1118 4207 1202 4257 banus
1228 4205 1254 4256 in
1274 4221 1351 4257 cansa
1370 4206 1403 4254 dc

328 4295 403 4348 metis
422 4295 493 4348 cives
504 4296 664 4345 Grechenses
682 4295 752 4346 iuter
769 4301 795 4344 et
814 4298 943 4359 quosdam
955 4311 1115 4361 possessores
1130 4295 1157 4345 in
1170 4295 1269 4361 Oresja,
1285 4294 1406 4360 partibus

328 4385 362 4433 ad
379 4382 507 4443 iudicium
527 4383 705 4448 comparendi,
727 4384 867 4434 terminum
886 4384 1028 4449 praefigit·
1040 4409 1401 4425 .....................

251 4491 310 4548 387.
331 4493 407 4541 Anno
429 4491 503 4554 1396,
527 4499 566 4552 19.
586 4488 669 4553 Junii.
688 4489 843 4555 Zagrabiae.
861 4490 1041 4541 Fideiussorcs
1066 4491 1253 4540 nonnullorum
1271 4490 1406 4539 hominum

330 4580 363 4627 de
381 4579 523 4644 Churgow,
542 4593 608 4641 quos
627 4578 722 4629 civitas
742 4579 848 4643 zagrab.
867 4580 917 4629 sub
936 4579 989 4629 fide
1008 4578 1122 4629 iussoria
1140 4595 1153 4626 e
1173 4577 1324 4628 carceribus
1344 4578 1405 4626 emi·
1448 4617 1450 4620 Α

329 4673 407 4726 serat.
426 4682 515 4718 eoram
534 4666 661 4717 viccbauo
679 4666 796 4717 Martino
815 4668 891 4726 Ders‚
911 4667 1047 4733 spondent,
1066 4666 1169 4716 eosdem
1183 4666 1296 4716 vinculis
1309 4667 1406 4716 iterum

270 4771 274 4782 ·
315 4756 484 4824 ,mancipari
504 4755 526 4806 si
539 4757 577 4805 «dc
594 4755 644 4805 hac
663 4770 692 4805 re
710 4755 785 4806 litem
804 4771 863 4807 cum
881 4756 989 4808 civitate
1008 4754 1100 4818 aliquo
1118 4755 1202 4805 modo
1216 4753 1348 4804 inierint·
1359 4780 1366 4795 ·
1378 4779 1402 4798 ··
1443 4761 1513 4813 1370
