3488 5242
609 357 683 416 Dec.
707 371 774 415 101.
798 371 867 415 102.
887 391 923 399 -
941 357 997 415 An.
1021 372 1232 436 1313—1514.

871 551 952 616 101.

389 674 465 722 Anno
487 682 560 732 1313.
581 682 620 728 27.
641 674 722 740 Junii.
743 673 994 737 Quinqueeeclesiis.

290 782 453 856 Capitulum
477 782 768 857 Qutuqmccclesicnse
781 791 873 862 pactu
892 785 998 841 intuitu
1013 787 1103 842 castri
1116 785 1243 842 dletlued
1262 785 1344 853 inita,
1367 791 1435 840 ratu
1457 783 1548 841 habet.

374 925 438 982 Nos
462 926 634 1000 capitulum
658 925 995 1000 Quinqueecclesiensis
1017 929 1153 987 ecclesie.
1178 929 1326 986 Memorie
1351 926 1550 985 commenda·

286 1048 363 1103 muS,
388 1031 594 1104 significantes
618 1034 732 1105 quibus
754 1033 888 1106 expedit,
909 1036 1103 1107 presencium
1120 1051 1176 1108 per
1192 1041 1337 1092 tenorem.
1362 1032 1452 1107 Quod
1471 1048 1549 1091 anno

284 1137 403 1195 domini
428 1137 596 1195 millesimo
620 1139 834 1196 tercentesimo
858 1137 979 1197 decimo
1003 1141 1106 1210 tercio,
1131 1141 1166 1198 V.
1183 1139 1329 1197 kalendas
1355 1140 1439 1222 Julii.
1463 1155 1550 1196 reve-

285 1243 399 1301 rendus
419 1249 448 1300 et
465 1242 615 1301 discretus
631 1245 680 1301 vir
695 1245 843 1316 magister
859 1245 1048 1315 Dominicus,
1065 1251 1167 1302 custos
1184 1245 1310 1302 ecclesie
1334 1244 1550 1316 zagrabiensis,

285 1350 413 1407 nuncius
436 1354 465 1407 et
488 1355 671 1422 procurator
693 1349 830 1408 eiusdem
862 1350 990 1408 ecclesie
1014 1351 1153 1408 exhibuit
1178 1350 1268 1407 nobis
1292 1351 1429 1407 litteram
1454 1349 1550 1423 ipsius

286 1455 415 1527 capituli
429 1455 461 1512 in
483 1454 540 1513 hec
563 1456 676 1513 verba:
699 1450 773 1532 (vid.
797 1473 840 1513 nr.
863 1448 1378 1538 10011031101313,23.]111111),
1402 1454 1550 1512 Exhibuit
1622 1523 1626 1530 ,

286 1561 383 1618 eciam
396 1560 473 1618 alias
484 1560 603 1618 litteras
614 1561 771 1633 magnifici
784 1563 843 1620 viri
856 1561 1003 1635 Stephani
1016 1562 1088 1619 bani
1102 1563 1199 1619 tocius
1208 1561 1378 1632 Sclauonie,
1394 1575 1463 1617 cum
1477 1576 1550 1633 pen-

287 1667 370 1725 denti
394 1667 506 1740 sigillo,
530 1673 668 1726 tenorem
692 1669 870 1726 huiusmodi
886 1669 1088 1726 continentes:
1107 1663 1180 1745 (vid.
1198 1684 1242 1725 nr.
1260 1685 1308 1742 99.
1325 1647 1426 1724 dean.
1448 1658 1550 1741 1313.)

290 1771 352 1830 Nos
372 1774 467 1845 igitur
489 1773 528 1830 ad
552 1774 664 1831 iustam
696 1780 725 1831 et
755 1775 940 1845 legittimam
972 1775 1155 1847 peticionem
1189 1772 1327 1830 eiusdem
1360 1771 1551 1831 honorabilis

289 1880 417 1952 capituli
440 1880 567 1937 ecclesie
589 1881 803 1952 zagrabiensis,
820 1887 940 1938 tenores
965 1879 1172 1952 predictarum
1193 1879 1368 1937 litterarum
1392 1877 1430 1934 de
1454 1877 1550 1934 verbo

289 1983 327 2041 ad
352 1985 484 2042 verbum
508 1985 703 2058 presentibus
726 1986 817 2042 inseri
850 1985 981 2043 facimus
1012 1989 1041 2041 et
1071 1985 1176 2056 sigillo
1206 1990 1310 2042 nostro
1335 1984 1444 2041 maiori
1468 1998 1550 2039 com-

287 2091 409 2148 muniri.
433 2089 551 2148 Datum
573 2090 623 2148 die
646 2096 676 2148 et
699 2106 778 2148 anno
802 2092 977 2165 prenotatis.

376 2206 495 2256 Farlatti.
515 2206 582 2257 Illir.
602 2222 666 2257 sacr.
688 2214 748 2258 torn.
769 2208 800 2256 V.
821 2224 845 2274 p.
867 2209 923 2271 398.
944 2210 1017 2275 Joan.
1044 2208 1210 2273 Kukuljevic.
1234 2208 1322 2257 Arkiv
1344 2224 1372 2257 za
1391 2207 1495 2273 poviest
1512 2208 1551 2271 ju·

283 2296 350 2359 gosl.
370 2293 417 2344 111.
438 2309 462 2360 p.
483 2295 523 2353 83.

876 2421 961 2487 102.

392 2543 467 2591 Anno
488 2550 561 2603 1314,
581 2552 622 2591 21.
642 2543 773 2592 decembr.
794 2543 931 2593 Montiliis.

314 2649 437 2707 Clemens
453 2659 537 2725 pcipe
569 2652 598 2708 V.
621 2655 746 2727 episcopo
768 2654 883 2726 zogrnb.
908 2655 1079 2727 Augustino,
1102 2662 1200 2711 1011110
1224 2654 1378 2710 ileteutores
1400 2662 1428 2710 el
1449 2671 1526 2710 occic-

517 2765 637 2832 patorcs
659 2759 795 2816 bonorum
819 2761 879 2816 cccl.
902 2767 1114 2818 cotescruutures
1135 2760 1305 2816 richuinum.

374 2885 517 2942 Clemens
533 2885 695 2958 episcopus
711 2901 819 2943 servus
835 2902 996 2943 servorum
1017 2886 1074 2944 dei.
1091 2887 1118 2942 V
1121 2887 1330 2943 enerabilibus
1356 2885 1503 2943 fratribus
1513 2931 1518 2942 .
1530 2932 1550 2942 ..

284 2992 517 3063 archiepiscopo
535 2989 670 3048 ladrensi
694 3007 728 3047 ac
746 2991 895 3049 Gurcensi
911 2999 940 3049 et
956 2991 1276 3065 Quinqueecciesiensi
1292 2992 1454 3064 episcopis
1471 2991 1552 3049 salu-

285 3106 347 3153 tem
364 3102 393 3152 et
410 3095 613 3168 apostolicam
632 3095 883 3154 benedictionem.
901 3096 950 3154 Ad
967 3099 1025 3153 hoc
1041 3114 1096 3154 nos
1113 3097 1188 3154 deus
1205 3098 1336 3170 protulit
1351 3098 1382 3153 in
1400 3096 1550 3154 familiam

285 3202 396 3259 domus
419 3217 481 3271 sue,
505 3207 538 3258 ut
562 3209 737 3274 opportuna
760 3203 889 3274 singulis
907 3204 1093 3276 provisionis
1124 3204 1239 3260 auxilia
1269 3202 1371 3260 tidelis
1395 3203 1552 3260 servitutis

287 3308 418 3365 iniuncte
434 3306 598 3380 prudentia
614 3321 673 3379 pro
690 3313 829 3381 tempore
845 3307 1065 3381 dispensantes,
1085 3324 1192 3365 eorum
1210 3309 1374 3381 presertim
1391 3309 1550 3365 necessita-

288 3414 371 3471 tibus
384 3413 586 3483 intendamus,
599 3429 798 3472 occurramus
814 3414 992 3488 dispendiis
1011 3416 1155 3487 ipsosque
1172 3416 1211 3472 ab
1228 3414 1482 3488 oppressionibus
1505 3431 1551 3472 re·

288 3520 435 3589 levemus,
467 3519 520 3590 qui
544 3520 695 3591 assumpti
719 3520 748 3577 in
765 3526 886 3592 partem
910 3519 1127 3578 sollicitudinis
1151 3521 1280 3594 potioris
1300 3526 1370 3577 sunt
1394 3520 1551 3592 dignitatis

286 3625 377 3681 titulo
400 3625 543 3696 insigniti.
567 3624 646 3683 Sane
670 3626 856 3684 venerabilis
876 3625 979 3684 fratris
1003 3627 1099 3684 nostri
1115 3627 1278 3698 Augustini
1303 3626 1441 3698 episcopi
1464 3641 1551 3697 zaga·

287 3730 418 3786 briensis
434 3730 651 3802 conquestione
667 3731 872 3804 percepimus,
889 3730 972 3804 quod
989 3732 1130 3789 nonnulli
1146 3731 1250 3788 clerici
1267 3730 1420 3788 seculares
1436 3737 1464 3787 et
1480 3731 1551 3788 reli-

286 3836 373 3907 giosi,
396 3851 451 3892 nec
474 3851 534 3892 non
558 3836 758 3907 marchiones,
783 3837 883 3908 duces,
905 3839 1040 3907 comites,
1066 3839 1205 3906 barones,
1229 3837 1349 3894 nobiles
1365 3842 1395 3892 et
1411 3837 1464 3892 alii
1481 3837 1550 3892 laici

287 3941 419 3998 civitatis
442 3948 472 3997 et
492 3939 621 3999 diocesis
638 3942 845 4014 zagabriensis
869 3950 898 4000 et
921 3943 1057 4015 partium
1073 3943 1246 3999 vicinarum
1269 3958 1367 4015 nuper
1384 3956 1552 4014 occupave-

287 4053 358 4103 runt
381 4053 410 4102 et
432 4048 577 4119 occupari
601 4046 738 4105 iecerunt
753 4054 861 4118 castra,
878 4049 978 4118 villas
996 4054 1101 4118 terras,
1126 4049 1341 4122 possessiones,
1365 4046 1503 4103 redditus
1523 4051 1552 4102 et

288 4157 465 4224 proventus
482 4152 707 4211 iurisdictiones
731 4159 760 4233 et
776 4154 842 4210 iura
859 4170 893 4211 ac
909 4154 1058 4211 nonnulla
1074 4155 1135 4210 alia
1152 4154 1232 4210 bona
1248 4153 1424 4210 immobilia
1440 4158 1468 4208 et
1487 4167 1552 4208 mo·

288 4256 364 4313 bilia
387 4256 424 4314 ad
450 4272 587 4315 mensam
609 4259 818 4333 episcopalem
846 4260 1077 4332 zagabriensem
1100 4260 1276 4332 spectantia,
1307 4263 1336 4315 et
1360 4275 1395 4314 ea
1417 4257 1553 4314 detinent

289 4368 445 4434 occupata,
463 4379 515 4420 seu
547 4364 725 4422 huiusmodi
756 4365 962 4423 detinentibus
994 4372 1130 4439 prestant
1162 4365 1312 4421 auxilium
1342 4373 1371 4420 et
1404 4363 1551 4433 favorem,

291 4467 436 4541 quodque
459 4471 607 4541 inhibent,
631 4488 668 4529 ne
691 4473 795 4530 clerici
819 4473 1083 4545 ecclesiasticeque
1107 4486 1236 4545 persone
1252 4487 1287 4527 ac
1304 4470 1395 4527 vidue
1419 4470 1468 4526 vel
1492 4470 1553 4527 alie

291 4574 483 4632 miserabiles
506 4591 644 4648 persone,
668 4577 781 4650 quibus
804 4579 872 4636 iura
895 4577 1103 4635 defensionem
1120 4575 1291 4649 spiritualis
1307 4575 1411 4632 iudicii
1431 4574 1552 4631 favora-

292 4678 397 4737 biliter
412 4690 634 4753 concesserunt,
650 4683 784 4741 habeant
800 4682 839 4741 ad
855 4683 972 4741 dictum
989 4682 1137 4740 iudicium
1153 4680 1314 4753 spirituale
1328 4694 1497 4750 recursum,
1517 4694 1553 4736 ac

293 4798 331 4840 ne
346 4782 430 4842 idem
445 4785 608 4860 episcopus
630 4787 809 4847 molendina
832 4795 862 4847 et
884 4788 946 4846 alia
968 4788 1058 4846 utilia
1080 4785 1201 4845 edificia
1222 4786 1253 4844 in
1276 4785 1352 4844 locis
1375 4783 1414 4842 ad
1437 4783 1553 4842 dictam
