3488 5242
587 338 661 395 Dec.
685 348 753 414 237.
775 333 846 414 238.
874 371 910 381 -
934 334 1225 416 An.1356-1357.
1475 355 1535 416 213

274 533 355 590 bano
378 533 416 589 de
440 534 589 604 Machow,
612 536 761 607 magistro
794 510 977 593 Leustachio
1008 536 1105 593 tocius
1137 535 1299 595 Sclauonie
1323 538 1473 595 banatum
1496 545 1539 596 te·

271 645 360 696 nente
383 648 412 696 et
435 641 548 697 comite
571 641 759 712 symigiensi,
782 641 914 698 tolnensi
944 648 974 698 et
1004 643 1150 711 crisiensi,
1184 643 1333 713 Dyonisio
1359 658 1541 715 agazonum

272 744 393 802 Leulrus
417 744 631 818 dapiferorum
652 753 682 802 et
707 747 932 820 pincernarum,
957 764 992 804 ac
1014 747 1142 818 Thema,
1168 747 1234 805 filio
1255 748 1345 812 Petri.
1369 747 1537 824 janitorum

271 857 447 909 nostrorum
473 853 638 923 magistris,
662 860 693 909 et
716 851 859 924 Symone,
884 853 951 910 filio
971 855 1119 924 Mauricii,
1136 856 1248 912 comite
1265 857 1442 929 posoniensi
1458 856 1541 913 aliis-

270 973 330 1029 que
354 973 448 1031 quam
472 958 616 1031 pluribus
639 959 725 1031 regni
749 959 844 1016 nostri
868 960 1030 1017 comitatus
1054 961 1228 1017 tenentibus
1250 969 1280 1017 et
1302 962 1441 1019 honores.

359 1092 500 1157 Originale
520 1091 552 1146 in.
565 1094 724 1151 membrana,
743 1092 863 1159 sigillum
882 1097 1010 1145 avulsum.
1032 1096 1061 1146 ln
1080 1096 1150 1146 arch.
1171 1112 1227 1146 ven.
1248 1097 1325 1162 capit.
1345 1097 1450 1161 zagrab.
1474 1096 1528 1145 iaec

272 1184 312 1236 70.
332 1197 370 1231 nr.
395 1182 432 1230 16.

377 1490 452 1537 Anno
474 1487 547 1546 1356.
568 1498 608 1545 25.
628 1487 749 1552 Augusti.
769 1490 850 1552 Apud
869 1488 969 1537 Villam
988 1504 1088 1538 novam.

423 1614 586 1689 Stephanus
609 1615 669 1672 [ΙΙ.
693 1616 794 1673 electus
816 1618 959 1690 episcopus
981 1617 1185 1688 aagrabicnsis,
1206 1625 1386 1673 menecratum

362 1760 555 1817 Innocentius
580 1760 743 1833 episcopus
766 1775 875 1816 servus
897 1774 1059 1816 servorum
1084 1759 1141 1816 dei.
1169 1760 1338 1817 Carissimo
1360 1759 1391 1816 in
1416 1757 1540 1816 Christo

276 1868 342 1925 filio
366 1866 524 1924 Ludouico
547 1867 612 1938 regi
636 1866 771 1939 Vngarie
802 1867 926 1936 illustri,
957 1867 1089 1923 salutem
1114 1875 1144 1923 et
1168 1867 1374 1939 apostolicam
1398 1864 1541 1922 benedic·

274 1975 397 2032 tionem.
421 1973 562 2030 Dilectus
594 1973 677 2030 filius
707 1971 890 2046 Stephanus
922 1973 1037 2030 electus
1064 1974 1281 2044 zagrabiensis,
1305 1977 1489 2046 procurator
1511 1977 1541 2029 et

275 2080 401 2137 nuntius
425 2085 503 2148 tuus,
528 2078 565 2135 ad
590 2077 757 2152 petendum
782 2079 906 2135 nomine
930 2084 983 2135 tuo
1000 2079 1131 2135 verbum
1150 2079 1249 2136 crucis
1265 2078 1419 2152 predicari
1434 2083 1541 2135 contra

274 2185 424 2242 hereticos
448 2191 477 2240 et
501 2184 641 2242 infideles
665 2184 750 2256 regni
775 2184 881 2241 Rassie
904 2185 934 2241 in
960 2183 1101 2241 favorem
1125 2185 1177 2255 tui,
1202 2185 1256 2256 qui
1279 2185 1430 2241 hereticos
1450 2189 1481 2240 et
1497 2184 1541 2241 in·

273 2291 381 2348 fideles
405 2291 489 2363 ipsos
513 2291 542 2346 in
568 2290 682 2347 virtute
713 2289 831 2347 domini
862 2306 1039 2364 expugnare
1074 2290 1229 2364 proponis,
1254 2306 1289 2347 ac
1313 2289 1479 2347 delendam
1502 2288 1540 2346 de

273 2412 368 2469 regno
393 2397 461 2470 ipso
484 2397 652 2453 hereticam
675 2397 872 2469 pravitatem,
905 2403 935 2453 et
957 2395 996 2453 ad
1021 2395 1187 2454 iurandum
1212 2396 1326 2468 aliqua,
1350 2411 1410 2469 que
1433 2395 1540 2453 huius·

272 2502 358 2559 modi
382 2502 600 2576 predicationis
622 2503 786 2574 negocium
809 2502 995 2575 requirebat,
1019 2518 1076 2575 per
1097 2503 1216 2560 litteras
1231 2503 1332 2575 regias
1348 2501 1540 2573 constitutus,

273 2615 439 2682 postquam
464 2624 508 2677 ea,
531 2607 570 2664 ad
595 2623 656 2681 qua
671 2606 800 2665 iuranda
816 2607 999 2664 constitutus
1015 2607 1123 2677 iuerat,
1141 2608 1262 2678 iuravit,
1287 2609 1366 2665 sicut
1390 2608 1540 2664 habuerat

273 2716 303 2772 in
328 2714 488 2784 mandatis,
512 2713 638 2770 easdem
661 2713 780 2771 litteras
803 2713 979 2771 referendas
1004 2714 1068 2784 tibi,
1093 2714 1213 2770 restitui
1233 2715 1294 2771 sibi
1309 2729 1380 2771 cum
1397 2714 1540 2771 instantia

273 2821 451 2894 postulavit.
476 2820 539 2878 Nos
563 2826 666 2877 autem
698 2820 771 2893 quia
798 2818 836 2877 de
859 2835 946 2876 more
969 2819 1052 2877 curie
1076 2835 1203 2877 romane
1225 2819 1404 2877 huiusmodi
1427 2825 1457 2876 et
1480 2819 1540 2877 alie

273 2927 392 2984 similes
415 2928 567 3000 scripture
590 2931 815 2984 consueverunt
837 2926 867 2982 in
891 2926 1030 2983 archivio
1058 2926 1155 3000 ipsius
1178 2927 1262 2982 curie
1285 2925 1462 2982 conservari
1491 2925 1539 2982 lit·

274 3039 353 3090 teras
377 3034 460 3107 ipsas
483 3033 630 3090 duximus
660 3031 842 3089 retinendas.
877 3031 993 3088 Datum
1016 3031 1100 3105 apud
1125 3031 1242 3088 Villam
1266 3046 1389 3102 novam,
1413 3030 1539 3087 Avinio·

274 3141 375 3197 nensis
401 3140 538 3210 diocesis,
571 3139 649 3195 Vlll.
672 3136 812 3195 kalendis
835 3138 1029 3211 septembris.
1054 3140 1143 3195 Anno
1167 3138 1216 3194 lV.

364 3276 386 3324 E
406 3291 460 3340 reg.
481 3274 548 3339 orig.
567 3290 606 3324 an.
627 3275 672 3324 lv.
691 3289 755 3323 secr.
776 3274 821 3323 iol.
844 3275 899 3331 165.
924 3275 955 3322 Λ.
975 3272 1098 3323 Theiner.
1119 3272 1187 3322 Mon.
1208 3273 1297 3337 Hung.
1317 3271 1377 3320 hist.
1397 3270 1430 3320 ll.
1452 3287 1476 3337 p.
1497 3271 1537 3320 28.

381 3671 456 3716 Anno
479 3675 553 3724 1357,
575 3667 615 3714 26.
635 3664 757 3730 Augusti.
776 3664 929 3730 Zagrabiae.

275 3797 440 3872 Stephanus
464 3798 523 3853 ΙΙΙ.
546 3797 625 3868 episc
649 3794 766 3868 zagrab.
789 3793 990 3851 archidiacano
1010 3793 1152 3868 Dionysia
1171 3801 1228 3866 pra
1250 3792 1376 3849 dotando
1400 3792 1494 3848 altari
1513 3791 1538 3846 b.

275 3904 395 3961 Mariae
418 3901 617 3980 Magdalenae
647 3901 676 3957 in
704 3901 765 3958 cccl.
799 3898 967 3957 cathedrali.
1000 3898 1172 3956 mertt'etatem
1194 3897 1290 3972 fundi
1322 3899 1425 3971 „cutia
1448 3896 1536 3952 bani“

572 4008 646 4078 aaa,
669 4006 815 4081 applicari
826 4014 920 4080 passe,
943 4022 1105 4062 consensum
1119 4004 1248 4077 praebet.

362 4153 426 4210 Nos
457 4151 631 4225 Stephanus
661 4151 711 4208 dei
742 4156 771 4208 et
794 4149 964 4224 apostolice
993 4147 1075 4205 sedis
1097 4147 1202 4219 gracia
1225 4146 1388 4219 episcopus
1411 4144 1538 4201 ecclesie

273 4259 488 4332 zagrabiensis.
511 4258 630 4315 Tenore
653 4257 848 4331 presencium
871 4255 1080 4329 significamus
1104 4254 1218 4327 quibus
1237 4251 1362 4326 expedit
1377 4251 1538 4321 universis,

275 4365 357 4437 quod
382 4365 455 4420 licet
479 4364 623 4420 dominus
646 4361 817 4434 ladislaus,
848 4363 934 4434 olym
958 4361 1123 4435 episcopus
1146 4357 1283 4433 predicte
1306 4357 1441 4420 ecclesie,
1468 4372 1538 4430 pre·

275 4471 416 4528 decessor
438 4477 543 4527 noster
566 4469 665 4527 felicis
689 4469 847 4537 memorie,
871 4467 1039 4542 quemdam
1064 4465 1195 4523 fundum
1218 4464 1303 4521 curia
1322 4462 1395 4521 bani
1411 4461 1537 4533 dictum,

274 4577 312 4634 ad
345 4576 544 4634 reficiendum
578 4576 726 4649 magistro
756 4574 915 4646 Dyonisio,
945 4590 1026 4631 nunc
1056 4571 1271 4631 archidiacono
1301 4569 1340 4627 de
1372 4567 1537 4639 Kemlyulr,

275 4690 346 4740 tunc
377 4698 452 4740 vero
484 4683 597 4740 clerico
627 4688 658 4739 et
687 4682 808 4739 notario
838 4680 1003 4755 capitulari
1033 4695 1092 4753 pro
1123 4678 1186 4735 suis
1217 4676 1366 4734 fidelibus
1399 4674 1538 4732 serviciis

276 4788 363 4847 factis
387 4795 417 4846 et
439 4787 595 4859 faciendis,
628 4788 775 4861 magistro
806 4787 955 4859 Dyonisio
982 4785 1160 4860 supradicto
1183 4798 1329 4856 generose
1352 4781 1539 4840 consenserit
