3488 5242
648 325 721 385 Doc.
744 320 820 404 408.
846 357 883 366 —
909 323 965 381 Aa
989 330 1076 398 1397.
1436 334 1496 394 393

234 545 305 586 rum
328 545 421 602 super
445 529 525 585 sacto
541 526 801 595 contradiccionis,
818 523 996 581 statucionis
1013 520 1172 578 cuiusdam
1198 517 1398 591 possessionis
1421 516 1498 573 Hra-

236 636 309 692 scha
332 641 449 704 vocate,
473 635 502 691 in
527 633 644 690 octavis
668 631 737 689 festi
762 631 843 688 beati
867 628 993 699 Georgii
1026 625 1170 693 martiris,
1195 639 1321 680 movere
1344 622 1501 680 habebant

237 757 341 798 coram
365 741 462 810 nobiS,
487 739 525 795 tle
550 738 690 811 parcium
713 736 872 794 voluntate
894 734 933 790 ad
949 739 1073 790 octavas
1090 732 1172 788 beati
1188 729 1357 802 Mychaelis
1373 729 1500 786 archan·

236 847 307 918 geli,
339 861 418 902 nunc
448 850 602 913 venturas,
634 842 780 899 duximus
810 838 1048 915 prorogandam.
1082 837 1240 894 Presentes
1263 841 1366 893 autem
1389 835 1502 907 sigillis

236 951 348 1008 nostris
371 949 558 1018 absentibus,
583 948 687 1021 sigillo
714 947 856 1019 magistri
886 944 992 1003 Bakou
1023 944 1163 1001 vicebani
1192 950 1223 1000 et
1254 941 1375 1000 comitis
1405 942 1503 998 nostri

235 1056 442 1128 zagrabiensis
465 1053 595 1111 fecimus
619 1052 799 1124 consignari.
830 1052 946 1109 Datum
977 1050 1135 1122 Zagrabie,
1168 1055 1278 1106 octavo
1301 1047 1353 1105 die
1380 1047 1503 1105 termini

198 1189 200 1194 ·
238 1162 396 1235 prenotati.
423 1163 511 1217 Anno
534 1159 651 1216 domini
676 1157 846 1215 millesimo
870 1156 947 1214 CCC
970 1156 1169 1229 nonagesimo
1192 1155 1333 1228 septimo.

325 1313 464 1378 Originale
484 1313 510 1362 in
534 1311 632 1369 charta,
651 1326 666 1360 a
686 1317 761 1376 tergo
782 1310 925 1376 vestigium
943 1310 1028 1377 sigilli
1053 1309 1181 1375 impressi.
1201 1309 1232 1359 Iu
1250 1308 1360 1358 archivo
1380 1307 1426 1358 lib.
1447 1323 1501 1373 reg.

237 1403 308 1453 civit.
329 1402 434 1468 zagrab.

827 1615 921 1681 408.

331 1778 406 1824 Αηηο
429 1782 502 1837 1397,
522 1790 608 1824 mense
628 1774 778 1839 septembri.
798 1774 952 1839 Zagrabiae.

246 1920 437 1977 Communitas
459 1920 561 1975 inolitis
590 1917 760 1976 Greclzensis
783 1919 889 1976 abolito
910 1921 1005 1993 sigillo
1029 1921 1121 1978 veteri
1148 1937 1252 1976 trovam
1274 1920 1367 1992 sculpi
1390 1919 1508 1976 claravit

614 2023 755 2098 eidemque
777 2025 851 2082 iuris
875 2026 999 2098 vigorem
1022 2026 1129 2084 tribuit.

327 2185 481 2259 Tempore
506 2186 635 2243 banatus
665 2184 783 2243 domini
814 2185 932 2245 Nicolai
965 2186 1004 2244 de
1032 2187 1122 2258 Gara,
1148 2202 1315 2260 regnorum
1340 2185 1502 2244 Sclauonie

239 2293 399 2349 Dalmacie
422 2298 451 2349 et
475 2292 602 2349 Croacie
627 2292 707 2348 bani.
730 2292 817 2363 Item,
841 2308 896 2350 nos
920 2294 1126 2351 communitas
1151 2293 1283 2350 civitatis
1298 2293 1412 2350 montis
1428 2291 1504 2349 Gre-

238 2399 357 2455 chensis
380 2399 409 2454 in
434 2405 539 2455 nostro
563 2398 700 2469 generali
723 2398 853 2456 consilio
876 2399 955 2456 inter
978 2415 1033 2456 nos
1057 2416 1150 2473 super
1174 2400 1221 2457 his
1244 2405 1364 2456 mature
1388 2397 1505 2456 delibe-

238 2511 314 2572 rat0,
336 2505 557 2574 constituimus,
582 2503 777 2561 decrevimus
801 2504 856 2562 tali
882 2504 991 2563 modo:
1017 2505 1100 2579 quod
1118 2507 1191 2579 quia
1207 2505 1388 2579 Stephanus,
1404 2504 1505 2563 dictus

239 2611 340 2681 Virus,
364 2610 549 2667 castellanus
573 2609 611 2667 de
635 2616 735 2667 castro
759 2609 927 2668 Medueuar
943 2627 978 2668 ac
994 2612 1157 2694 Johannes,
1175 2611 1259 2670 filius
1277 2611 1408 2682 Martini,
1426 2612 1505 2670 vice·

238 2717 424 2775 castellanus
447 2716 485 2774 de
509 2717 591 2774 dicto
615 2723 724 2787 castro,
749 2716 870 2774 decimo
894 2716 944 2774 die
962 2724 1031 2789 post
1047 2717 1159 2776 festum
1184 2718 1352 2775 nativitatis
1376 2717 1505 2789 virginis

238 2823 380 2895 gloriose,
405 2822 573 2897 providum
597 2823 698 2880 virum
731 2822 892 2880 dominum
915 2823 1096 2905 Johannem‚
1131 2823 1234 2880 filium
1260 2822 1407 2897 Stephani
1431 2822 1505 2882 dicti

240 2929 327 2997 llozo,
350 2945 409 3003 pro
433 2936 503 2986 ωηο
527 2928 660 2987 iudicem
684 2908 764 2986 dicte
794 2928 927 2986 civitatis
961 2944 1020 2985 una
1051 2945 1123 2986 cum
1156 2930 1225 2987 aliis
1252 2929 1389 2987 eiusdem
1414 2931 1505 2987 sociis

238 3036 417 3093 concivibus
440 3034 520 3091 dicte
544 3035 675 3091 civitatis
699 3032 859 3092 invitando
883 3033 1007 3091 eosdem
1031 3034 1070 3092 ad
1092 3051 1188 3093 unum
1203 3036 1369 3109 prandium
1384 3036 1424 3094 ad
1442 3036 1505 3095 dic-

239 3149 305 3198 tum
330 3146 473 3210 castrum,
498 3139 702 3197 assecurando
724 3138 849 3196 eosdem
867 3138 928 3197 fide
948 3141 1088 3214 ipsorum
1104 3142 1274 3212 mediante;
1299 3149 1328 3200 et
1350 3145 1505 3217 cumipse

240 3247 332 3305 iudex
359 3263 421 3304 una
451 3262 520 3303 curn
552 3246 621 3303 aliis
650 3247 713 3302 suis
743 3245 833 3301 sociis
864 3244 904 3302 ad
936 3245 1035 3303 dictos
1066 3248 1203 3321 hospites
1234 3249 1445 3307 transivissent
1476 3257 1506 3307 et

239 3353 357 3410 dictum
381 3358 516 3409 castrum
540 3353 711 3421 intrassent,
728 3359 800 3409 tuuc
816 3350 890 3408 dicti
907 3351 1091 3410 castellanus
1114 3360 1144 3410 et
1164 3355 1417 3413 vicecastellanus
1436 3372 1507 3432 pre·

240 3459 319 3516 satos
342 3459 476 3516 iudicem
500 3464 531 3515 et
549 3458 628 3515 alios
643 3473 714 3514 suos
730 3457 828 3514 socios
844 3456 1038 3529 hospitasset,
1055 3459 1287 3534 hospitatosque
1303 3462 1407 3519 statim
1424 3461 1506 3522 sacto

239 3564 371 3639 prandio
388 3565 608 3637 captivassent,
632 3572 662 3619 et
684 3563 725 3619 ab
748 3561 859 3618 eodem
884 3562 984 3620 iudice
1007 3564 1149 3637 sigillum
1172 3582 1264 3625 suum
1286 3574 1316 3626 et
1331 3568 1412 3627 dicte
1428 3571 1503 3630 civi·

240 3671 309 3728 tatis
332 3670 517 3743 recepissent
552 3685 588 3726 ac
611 3668 714 3725 omnia
738 3667 819 3724 bona
846 3668 986 3740 ipsorum
1018 3671 1134 3728 civium
1163 3688 1221 3745 pro
1253 3681 1323 3732 tunc
1353 3692 1427 3749 erga
1449 3669 1506 3754 (se)

240 3778 344 3835 habita
368 3777 562 3851 recepissent,
587 3781 755 3849 captosque
778 3773 817 3831 ad
841 3774 1021 3832 tenebrosos
1044 3793 1181 3836 carceres
1202 3783 1374 3853 posuissent
1390 3789 1420 3840 et
1436 3789 1505 3841 octo

239 3884 349 3941 diebus
373 3883 523 3940 continuis
540 3884 569 3939 in
586 3881 675 3940 dictis
692 3880 867 3938 carceribus
883 3889 1064 3951 servassent,
1088 3884 1245 3957 prefatum
1268 3904 1343 3947 vero
1365 3890 1503 3963 sigillum

239 3996 363 4064 portare
387 3989 529 4047 fecissent
552 4005 609 4062 per
632 3988 700 4045 loca
723 3987 799 4059 ipsis
822 4000 958 4060 congrua
974 3990 1044 4047 hinc
1068 3991 1194 4064 inde,et
1210 3995 1342 4053 eundem
1365 3998 1504 4070 sigillum

239 4111 399 4168 nunquam
421 4094 542 4152 restitui
564 4098 721 4152 curassent
744 4097 773 4148 et
796 4107 852 4147 nec
869 4097 1089 4168 restituissent3
1113 4098 1183 4159 ideo
1206 4116 1262 4159 nos
1286 4102 1407 4176 prefata
1422 4120 1504 4162 corn·

240 4202 373 4258 munitas
396 4200 553 4275 prefatum
585 4198 725 4270 sigillum
757 4196 970 4260 commisimus
1001 4203 1067 4263 fore
1097 4207 1160 4264 suis
1184 4207 1304 4265 viribus
1327 4210 1505 4282 cariturum,

239 4323 274 4363 ac
298 4321 405 4363 omnes
429 4306 547 4363 litteras
571 4306 630 4362 sub
654 4303 764 4361 eodem
787 4301 892 4374 sigillo
923 4321 1080 4373 emanatas
1112 4321 1176 4373 tam
1199 4323 1268 4374 ante
1291 4317 1503 4392 secepcionem

240 4413 336 4486 ipsius
359 4414 463 4486 sigilli,
488 4427 583 4486 quam
604 4410 805 4485 POStmOdum
838 4425 897 4481 sub
926 4426 1175 4497 quibuscumque
1198 4424 1278 4482 datis
1300 4430 1400 4482 essent
1423 4441 1505 4482 ema·

239 4524 317 4588 nate,
343 4519 441 4577 immo
463 4521 589 4579 omniuo
612 4538 795 4584 revocamus
813 4528 949 4602 prefatas
965 4531 1083 4587 litteras
1097 4531 1156 4587 sub
1172 4529 1282 4589 eodem
1297 4530 1403 4602 sigillo
1419 4529 1504 4588 latas.

328 4673 349 4721 E
369 4673 467 4725 tabulis
486 4674 635 4727 iudiciariis
653 4679 702 4729 civ.
722 4682 818 4733 montis
837 4683 1003 4742 Grechensis,
1023 4683 1130 4735 ibidem
