<?xml version="1.0" encoding="UTF-8"?>
<!DOCTYPE html PUBLIC "-//W3C//DTD XHTML 1.0 Transitional//EN"
    "http://www.w3.org/TR/xhtml1/DTD/xhtml1-transitional.dtd">
<html xmlns="http://www.w3.org/1999/xhtml" xml:lang="en" lang="en">
 <head>
  <title>
</title>
<meta http-equiv="Content-Type" content="text/html;charset=utf-8" />
  <meta name='ocr-system' content='tesseract 3.04.00' />
  <meta name='ocr-capabilities' content='ocr_page ocr_carea ocr_par ocr_line ocrx_word'/>
</head>
<body>
  <div class='ocr_page' id='page_1' title='image "./monumentahistor11laszgoog_0558.png"; bbox 0 0 3488 5242; ppageno 0'>
   <div class='ocr_carea' id='block_1_1' title="bbox 629 336 1480 415">
    <p class='ocr_par' dir='ltr' id='par_1_1' title="bbox 629 336 1480 415">
     <span class='ocr_line' id='line_1_1' title="bbox 629 336 1480 415; baseline 0.006 -23"><span class='ocrx_word' id='word_1_1' title='bbox 629 336 702 394; x_wconf 85' lang='lat' dir='ltr'><strong>Doc.</strong></span> <span class='ocrx_word' id='word_1_2' title='bbox 720 351 797 413; x_wconf 77' lang='lat'><strong>344.</strong></span> <span class='ocrx_word' id='word_1_3' title='bbox 825 370 861 378; x_wconf 97' lang='lat'>—</span> <span class='ocrx_word' id='word_1_4' title='bbox 887 336 1056 413; x_wconf 71' lang='lat' dir='ltr'><strong>An.&#39;1391.</strong></span> <span class='ocrx_word' id='word_1_5' title='bbox 1419 356 1480 415; x_wconf 85' lang='lat'><strong>319</strong></span> 
     </span>
    </p>
   </div>
   <div class='ocr_carea' id='block_1_2' title="bbox 138 531 1480 1878">
    <p class='ocr_par' dir='ltr' id='par_1_2' title="bbox 214 531 1480 1662">
     <span class='ocr_line' id='line_1_2' title="bbox 216 531 1480 607; baseline 0.004 -20"><span class='ocrx_word' id='word_1_6' title='bbox 216 531 370 602; x_wconf 85' lang='lat' dir='ltr'><strong>regalium</strong></span> <span class='ocrx_word' id='word_1_7' title='bbox 394 532 444 588; x_wconf 89' lang='lat' dir='ltr'><strong>vel</strong></span> <span class='ocrx_word' id='word_1_8' title='bbox 461 533 526 589; x_wconf 90' lang='lat' dir='ltr'><strong>eius</strong></span> <span class='ocrx_word' id='word_1_9' title='bbox 542 534 625 590; x_wconf 91' lang='lat' dir='ltr'><strong>vices</strong></span> <span class='ocrx_word' id='word_1_10' title='bbox 641 534 672 590; x_wconf 93' lang='lat' dir='ltr'><strong>in</strong></span> <span class='ocrx_word' id='word_1_11' title='bbox 687 533 822 591; x_wconf 89' lang='lat' dir='ltr'><strong>iudicatu</strong></span> <span class='ocrx_word' id='word_1_12' title='bbox 840 535 957 607; x_wconf 83' lang='lat' dir='ltr'>gerenti</span> <span class='ocrx_word' id='word_1_13' title='bbox 973 534 1106 592; x_wconf 90' lang='lat' dir='ltr'><strong>salutem</strong></span> <span class='ocrx_word' id='word_1_14' title='bbox 1123 540 1152 591; x_wconf 89' lang='lat' dir='ltr'><strong>et</strong></span> <span class='ocrx_word' id='word_1_15' title='bbox 1168 536 1312 607; x_wconf 84' lang='lat' dir='ltr'><strong>graciam.</strong></span> <span class='ocrx_word' id='word_1_16' title='bbox 1328 534 1408 592; x_wconf 89' lang='lat' dir='ltr'><strong>Cum</strong></span> <span class='ocrx_word' id='word_1_17' title='bbox 1425 551 1480 592; x_wconf 93' lang='lat' dir='ltr'><strong>nos</strong></span> 
     </span>
     <span class='ocr_line' id='line_1_3' title="bbox 215 638 1480 712; baseline 0.005 -20"><span class='ocrx_word' id='word_1_18' title='bbox 215 651 339 693; x_wconf 91' lang='lat' dir='ltr'><strong>causam</strong></span> <span class='ocrx_word' id='word_1_19' title='bbox 364 638 443 694; x_wconf 86' lang='lat' dir='ltr'><strong>inter</strong></span> <span class='ocrx_word' id='word_1_20' title='bbox 465 638 574 695; x_wconf 86' lang='lat' dir='ltr'><strong>fideles</strong></span> <span class='ocrx_word' id='word_1_21' title='bbox 597 640 680 697; x_wconf 87' lang='lat' dir='ltr'><strong>cives</strong></span> <span class='ocrx_word' id='word_1_22' title='bbox 703 646 733 696; x_wconf 88' lang='lat' dir='ltr'><strong>et</strong></span> <span class='ocrx_word' id='word_1_23' title='bbox 757 640 894 712; x_wconf 82' lang='lat' dir='ltr'><strong>hospites</strong></span> <span class='ocrx_word' id='word_1_24' title='bbox 908 647 1030 697; x_wconf 91' lang='lat' dir='ltr'><strong>nostros</strong></span> <span class='ocrx_word' id='word_1_25' title='bbox 1053 639 1091 697; x_wconf 93' lang='lat' dir='ltr'><strong>de</strong></span> <span class='ocrx_word' id='word_1_26' title='bbox 1115 639 1266 712; x_wconf 85' lang='lat' dir='ltr'><strong>Zagrabia</strong></span> <span class='ocrx_word' id='word_1_27' title='bbox 1289 657 1325 697; x_wconf 90' lang='lat' dir='ltr'><strong>ac</strong></span> <span class='ocrx_word' id='word_1_28' title='bbox 1349 643 1480 698; x_wconf 90' lang='lat' dir='ltr'><strong>honora-</strong></span> 
     </span>
     <span class='ocr_line' id='line_1_4' title="bbox 215 742 1479 819; baseline 0.004 -21"><span class='ocrx_word' id='word_1_29' title='bbox 215 742 280 799; x_wconf 85' lang='lat' dir='ltr'>bile</span> <span class='ocrx_word' id='word_1_30' title='bbox 303 743 474 816; x_wconf 89' lang='lat' dir='ltr'><strong>capitulum</strong></span> <span class='ocrx_word' id='word_1_31' title='bbox 498 744 558 802; x_wconf 86' lang='lat' dir='ltr'><strong>ioci</strong></span> <span class='ocrx_word' id='word_1_32' title='bbox 582 745 719 803; x_wconf 91' lang='lat' dir='ltr'><strong>eiusdem</strong></span> <span class='ocrx_word' id='word_1_33' title='bbox 744 747 774 803; x_wconf 92' lang='lat' dir='ltr'><strong>in</strong></span> <span class='ocrx_word' id='word_1_34' title='bbox 799 744 879 803; x_wconf 85' lang='lat' dir='ltr'><strong>facto</strong></span> <span class='ocrx_word' id='word_1_35' title='bbox 903 746 1153 819; x_wconf 90' lang='lat' dir='ltr'><strong>interempcionis</strong></span> <span class='ocrx_word' id='word_1_36' title='bbox 1180 745 1341 803; x_wconf 92' lang='lat' dir='ltr'><strong>cuiusdam</strong></span> <span class='ocrx_word' id='word_1_37' title='bbox 1364 745 1479 803; x_wconf 87' lang='lat' dir='ltr'><strong>famili·</strong></span> 
     </span>
     <span class='ocr_line' id='line_1_5' title="bbox 214 848 1479 926; baseline 0.004 -22"><span class='ocrx_word' id='word_1_38' title='bbox 214 848 276 904; x_wconf 88' lang='lat' dir='ltr'><strong>aris</strong></span> <span class='ocrx_word' id='word_1_39' title='bbox 299 848 439 921; x_wconf 90' lang='lat' dir='ltr'><strong>ipsorum</strong></span> <span class='ocrx_word' id='word_1_40' title='bbox 463 865 566 907; x_wconf 90' lang='lat' dir='ltr'><strong>coram</strong></span> <span class='ocrx_word' id='word_1_41' title='bbox 592 851 681 908; x_wconf 90' lang='lat' dir='ltr'><strong>vobis</strong></span> <span class='ocrx_word' id='word_1_42' title='bbox 712 856 830 908; x_wconf 93' lang='lat' dir='ltr'><strong>motam</strong></span> <span class='ocrx_word' id='word_1_43' title='bbox 861 858 891 909; x_wconf 90' lang='lat' dir='ltr'><strong>et</strong></span> <span class='ocrx_word' id='word_1_44' title='bbox 922 852 1098 909; x_wconf 85' lang='lat' dir='ltr'>suscitatam</span> <span class='ocrx_word' id='word_1_45' title='bbox 1128 868 1184 926; x_wconf 89' lang='lat' dir='ltr'><strong>per</strong></span> <span class='ocrx_word' id='word_1_46' title='bbox 1213 853 1350 925; x_wconf 88' lang='lat' dir='ltr'><strong>prelatos</strong></span> <span class='ocrx_word' id='word_1_47' title='bbox 1373 859 1403 910; x_wconf 92' lang='lat' dir='ltr'><strong>et</strong></span> <span class='ocrx_word' id='word_1_48' title='bbox 1425 854 1479 909; x_wconf 93' lang='lat' dir='ltr'><strong>ba·</strong></span> 
     </span>
     <span class='ocr_line' id='line_1_6' title="bbox 214 957 1479 1034; baseline 0.005 -24"><span class='ocrx_word' id='word_1_49' title='bbox 214 968 304 1011; x_wconf 90' lang='lat' dir='ltr'><strong>rones</strong></span> <span class='ocrx_word' id='word_1_50' title='bbox 326 961 447 1013; x_wconf 94' lang='lat' dir='ltr'><strong>nostros</strong></span> <span class='ocrx_word' id='word_1_51' title='bbox 470 962 600 1030; x_wconf 89' lang='lat' dir='ltr'><strong>propter</strong></span> <span class='ocrx_word' id='word_1_52' title='bbox 623 957 774 1014; x_wconf 92' lang='lat' dir='ltr'><strong>maiorem</strong></span> <span class='ocrx_word' id='word_1_53' title='bbox 797 957 842 1015; x_wconf 91' lang='lat' dir='ltr'><strong>rei</strong></span> <span class='ocrx_word' id='word_1_54' title='bbox 865 957 1056 1015; x_wconf 90' lang='lat' dir='ltr'><strong>evidenciam</strong></span> <span class='ocrx_word' id='word_1_55' title='bbox 1081 959 1112 1034; x_wconf 88' lang='lat' dir='ltr'><strong>in</strong></span> <span class='ocrx_word' id='word_1_56' title='bbox 1135 959 1220 1016; x_wconf 90' lang='lat' dir='ltr'><strong>curia</strong></span> <span class='ocrx_word' id='word_1_57' title='bbox 1243 965 1348 1017; x_wconf 90' lang='lat' dir='ltr'><strong>nostra</strong></span> <span class='ocrx_word' id='word_1_58' title='bbox 1364 961 1479 1017; x_wconf 87' lang='lat' dir='ltr'><strong>exami-</strong></span> 
     </span>
     <span class='ocr_line' id='line_1_7' title="bbox 214 1060 1478 1136; baseline 0.006 -21"><span class='ocrx_word' id='word_1_59' title='bbox 214 1060 281 1116; x_wconf 92' lang='lat' dir='ltr'><strong>nari</strong></span> <span class='ocrx_word' id='word_1_60' title='bbox 303 1065 333 1117; x_wconf 90' lang='lat' dir='ltr'><strong>et</strong></span> <span class='ocrx_word' id='word_1_61' title='bbox 356 1060 467 1119; x_wconf 86' lang='lat' dir='ltr'><strong>discuti</strong></span> <span class='ocrx_word' id='word_1_62' title='bbox 497 1062 598 1120; x_wconf 87' lang='lat' dir='ltr'><strong>facere</strong></span> <span class='ocrx_word' id='word_1_63' title='bbox 631 1062 841 1133; x_wconf 89' lang='lat' dir='ltr'><strong>intendamus;</strong></span> <span class='ocrx_word' id='word_1_64' title='bbox 872 1063 1056 1121; x_wconf 90' lang='lat' dir='ltr'><strong>mandamus</strong></span> <span class='ocrx_word' id='word_1_65' title='bbox 1087 1065 1180 1136; x_wconf 85' lang='lat' dir='ltr'><strong>igitur</strong></span> <span class='ocrx_word' id='word_1_66' title='bbox 1211 1073 1311 1121; x_wconf 86' lang='lat' dir='ltr'>vestre</span> <span class='ocrx_word' id='word_1_67' title='bbox 1335 1065 1478 1122; x_wconf 88' lang='lat' dir='ltr'><strong>fidelitati</strong></span> 
     </span>
     <span class='ocr_line' id='line_1_8' title="bbox 214 1164 1476 1247; baseline 0.006 -25"><span class='ocrx_word' id='word_1_68' title='bbox 214 1164 347 1224; x_wconf 89' lang='lat' dir='ltr'><strong>firmiter</strong></span> <span class='ocrx_word' id='word_1_69' title='bbox 369 1184 426 1240; x_wconf 90' lang='lat' dir='ltr'><strong>per</strong></span> <span class='ocrx_word' id='word_1_70' title='bbox 449 1175 613 1241; x_wconf 70' lang='lat' dir='ltr'><strong>presentes</strong></span> <span class='ocrx_word' id='word_1_71' title='bbox 638 1174 787 1242; x_wconf 89' lang='lat' dir='ltr'><strong>quatenus</strong></span> <span class='ocrx_word' id='word_1_72' title='bbox 818 1170 972 1242; x_wconf 84' lang='lat' dir='ltr'><strong>prefatam</strong></span> <span class='ocrx_word' id='word_1_73' title='bbox 1003 1186 1136 1241; x_wconf 85' lang='lat' dir='ltr'><strong>causam,</strong></span> <span class='ocrx_word' id='word_1_74' title='bbox 1170 1169 1262 1228; x_wconf 88' lang='lat' dir='ltr'><strong>modo</strong></span> <span class='ocrx_word' id='word_1_75' title='bbox 1280 1187 1342 1243; x_wconf 93' lang='lat' dir='ltr'><strong>quo</strong></span> <span class='ocrx_word' id='word_1_76' title='bbox 1373 1187 1476 1247; x_wconf 87' lang='lat' dir='ltr'><strong>supra,</strong></span> 
     </span>
     <span class='ocr_line' id='line_1_9' title="bbox 214 1275 1477 1350; baseline 0.004 -21"><span class='ocrx_word' id='word_1_77' title='bbox 214 1287 319 1329; x_wconf 89' lang='lat' dir='ltr'><strong>coram</strong></span> <span class='ocrx_word' id='word_1_78' title='bbox 344 1275 434 1332; x_wconf 89' lang='lat' dir='ltr'><strong>vobis</strong></span> <span class='ocrx_word' id='word_1_79' title='bbox 457 1284 527 1332; x_wconf 85' lang='lat' dir='ltr'><strong>ante</strong></span> <span class='ocrx_word' id='word_1_80' title='bbox 551 1278 627 1333; x_wconf 87' lang='lat' dir='ltr'><strong>latas</strong></span> <span class='ocrx_word' id='word_1_81' title='bbox 651 1282 755 1350; x_wconf 91' lang='lat' dir='ltr'><strong>partes</strong></span> <span class='ocrx_word' id='word_1_82' title='bbox 777 1282 949 1334; x_wconf 85' lang='lat' dir='ltr'><strong>vertentem</strong></span> <span class='ocrx_word' id='word_1_83' title='bbox 981 1281 1062 1334; x_wconf 88' lang='lat' dir='ltr'><strong>statu</strong></span> <span class='ocrx_word' id='word_1_84' title='bbox 1093 1277 1123 1334; x_wconf 92' lang='lat' dir='ltr'><strong>in</strong></span> <span class='ocrx_word' id='word_1_85' title='bbox 1155 1276 1264 1333; x_wconf 85' lang='lat' dir='ltr'><strong>eodem</strong></span> <span class='ocrx_word' id='word_1_86' title='bbox 1297 1277 1361 1335; x_wconf 89' lang='lat' dir='ltr'><strong>sine</strong></span> <span class='ocrx_word' id='word_1_87' title='bbox 1392 1278 1477 1334; x_wconf 92' lang='lat' dir='ltr'><strong>omni</strong></span> 
     </span>
     <span class='ocr_line' id='line_1_10' title="bbox 218 1381 1480 1457; baseline 0.006 -22"><span class='ocrx_word' id='word_1_88' title='bbox 218 1381 399 1449; x_wconf 82' lang='lat' dir='ltr'><strong>gravamine</strong></span> <span class='ocrx_word' id='word_1_89' title='bbox 423 1381 452 1438; x_wconf 90' lang='lat' dir='ltr'><strong>in</strong></span> <span class='ocrx_word' id='word_1_90' title='bbox 476 1382 594 1439; x_wconf 88' lang='lat' dir='ltr'><strong>curiam</strong></span> <span class='ocrx_word' id='word_1_91' title='bbox 628 1389 775 1453; x_wconf 89' lang='lat' dir='ltr'><strong>nostram,</strong></span> <span class='ocrx_word' id='word_1_92' title='bbox 806 1383 998 1457; x_wconf 87' lang='lat' dir='ltr'><strong>prelatorum</strong></span> <span class='ocrx_word' id='word_1_93' title='bbox 1034 1398 1157 1455; x_wconf 90' lang='lat' dir='ltr'><strong>quoque</strong></span> <span class='ocrx_word' id='word_1_94' title='bbox 1187 1389 1216 1440; x_wconf 89' lang='lat' dir='ltr'><strong>et</strong></span> <span class='ocrx_word' id='word_1_95' title='bbox 1247 1384 1398 1440; x_wconf 87' lang='lat' dir='ltr'><strong>baronum</strong></span> <span class='ocrx_word' id='word_1_96' title='bbox 1428 1400 1480 1442; x_wconf 88' lang='lat' dir='ltr'><strong>no-</strong></span> 
     </span>
     <span class='ocr_line' id='line_1_11' title="bbox 216 1486 1478 1560; baseline 0.005 -20"><span class='ocrx_word' id='word_1_97' title='bbox 216 1489 351 1542; x_wconf 87' lang='lat' dir='ltr'><strong>strorum</strong></span> <span class='ocrx_word' id='word_1_98' title='bbox 375 1486 584 1560; x_wconf 88' lang='lat' dir='ltr'><strong>predictorum</strong></span> <span class='ocrx_word' id='word_1_99' title='bbox 610 1489 800 1560; x_wconf 88' lang='lat' dir='ltr'><strong>presenciam</strong></span> <span class='ocrx_word' id='word_1_100' title='bbox 832 1489 1040 1546; x_wconf 84' lang='lat' dir='ltr'><strong>transmittere</strong></span> <span class='ocrx_word' id='word_1_101' title='bbox 1072 1488 1210 1545; x_wconf 88' lang='lat' dir='ltr'><strong>debeatis</strong></span> <span class='ocrx_word' id='word_1_102' title='bbox 1234 1489 1478 1560; x_wconf 83' lang='lat' dir='ltr'><strong>examinandam,</strong></span> 
     </span>
     <span class='ocr_line' id='line_1_12' title="bbox 216 1590 1478 1662; baseline 0.005 -17"><span class='ocrx_word' id='word_1_103' title='bbox 216 1590 417 1661; x_wconf 88' lang='lat' dir='ltr'><strong>tractandam,</strong></span> <span class='ocrx_word' id='word_1_104' title='bbox 442 1591 667 1650; x_wconf 88' lang='lat' dir='ltr'><strong>discutiendam</strong></span> <span class='ocrx_word' id='word_1_105' title='bbox 693 1599 722 1649; x_wconf 90' lang='lat' dir='ltr'><strong>et</strong></span> <span class='ocrx_word' id='word_1_106' title='bbox 745 1592 806 1649; x_wconf 86' lang='lat' dir='ltr'><strong>fine</strong></span> <span class='ocrx_word' id='word_1_107' title='bbox 833 1593 938 1650; x_wconf 90' lang='lat' dir='ltr'><strong>debito</strong></span> <span class='ocrx_word' id='word_1_108' title='bbox 969 1593 1229 1662; x_wconf 87' lang='lat' dir='ltr'><strong>concludendam;</strong></span> <span class='ocrx_word' id='word_1_109' title='bbox 1257 1599 1286 1649; x_wconf 87' lang='lat' dir='ltr'><strong>et</strong></span> <span class='ocrx_word' id='word_1_110' title='bbox 1310 1593 1392 1650; x_wconf 90' lang='lat' dir='ltr'><strong>aliud</strong></span> <span class='ocrx_word' id='word_1_111' title='bbox 1419 1610 1478 1651; x_wconf 94' lang='lat' dir='ltr'><strong>non</strong></span> 
     </span>
    </p>

    <p class='ocr_par' dir='ltr' id='par_1_3' title="bbox 138 1693 1475 1878">
     <span class='ocr_line' id='line_1_13' title="bbox 217 1693 1475 1772; baseline 0.004 -21"><span class='ocrx_word' id='word_1_112' title='bbox 217 1693 335 1753; x_wconf 84' lang='lat' dir='ltr'><strong>facturi.</strong></span> <span class='ocrx_word' id='word_1_113' title='bbox 360 1697 475 1754; x_wconf 88' lang='lat' dir='ltr'><strong>Datum</strong></span> <span class='ocrx_word' id='word_1_114' title='bbox 500 1699 529 1755; x_wconf 90' lang='lat' dir='ltr'><strong>in</strong></span> <span class='ocrx_word' id='word_1_115' title='bbox 554 1697 677 1769; x_wconf 78' lang='lat' dir='ltr'><strong>Segesd,</strong></span> <span class='ocrx_word' id='word_1_116' title='bbox 703 1699 780 1756; x_wconf 88' lang='lat' dir='ltr'><strong>feria</strong></span> <span class='ocrx_word' id='word_1_117' title='bbox 802 1701 897 1757; x_wconf 87' lang='lat' dir='ltr'><strong>tercia</strong></span> <span class='ocrx_word' id='word_1_118' title='bbox 913 1700 1056 1772; x_wconf 87' lang='lat' dir='ltr'><strong>proxima</strong></span> <span class='ocrx_word' id='word_1_119' title='bbox 1071 1704 1141 1771; x_wconf 91' lang='lat' dir='ltr'><strong>post</strong></span> <span class='ocrx_word' id='word_1_120' title='bbox 1158 1698 1345 1755; x_wconf 89' lang='lat' dir='ltr'><strong>dominicam</strong></span> <span class='ocrx_word' id='word_1_121' title='bbox 1370 1699 1475 1756; x_wconf 87' lang='lat' dir='ltr'><strong>Ramis</strong></span> 
     </span>
     <span class='ocr_line' id='line_1_14' title="bbox 138 1778 1146 1878; baseline 0.004 -21"><span class='ocrx_word' id='word_1_122' title='bbox 138 1778 144 1793; x_wconf 55' lang='lat'>⁸</span> <span class='ocrx_word' id='word_1_123' title='bbox 214 1802 399 1874; x_wconf 85' lang='lat' dir='ltr'><strong>palmarum.</strong></span> <span class='ocrx_word' id='word_1_124' title='bbox 425 1806 515 1861; x_wconf 83' lang='lat' dir='ltr'><strong>Anno</strong></span> <span class='ocrx_word' id='word_1_125' title='bbox 539 1804 657 1861; x_wconf 91' lang='lat' dir='ltr'><strong>domini</strong></span> <span class='ocrx_word' id='word_1_126' title='bbox 681 1805 790 1861; x_wconf 83' lang='lat' dir='ltr'>MCCC</span> <span class='ocrx_word' id='word_1_127' title='bbox 813 1805 1011 1876; x_wconf 86' lang='lat' dir='ltr'><strong>nonagesimo</strong></span> <span class='ocrx_word' id='word_1_128' title='bbox 1036 1806 1146 1878; x_wconf 87' lang='lat' dir='ltr'><strong>primo</strong></span> 
     </span>
    </p>
   </div>
   <div class='ocr_carea' id='block_1_3' title="bbox 304 1956 1332 2023">
    <p class='ocr_par' dir='ltr' id='par_1_4' title="bbox 304 1956 1332 2023">
     <span class='ocr_line' id='line_1_15' title="bbox 304 1956 1332 2023; baseline 0 -18"><span class='ocrx_word' id='word_1_129' title='bbox 304 1956 443 2021; x_wconf 85' lang='lat' dir='ltr'><strong>Originale</strong></span> <span class='ocrx_word' id='word_1_130' title='bbox 464 1957 489 2006; x_wconf 94' lang='lat' dir='ltr'><strong>in</strong></span> <span class='ocrx_word' id='word_1_131' title='bbox 509 1957 606 2014; x_wconf 86' lang='lat' dir='ltr'><strong>charta,</strong></span> <span class='ocrx_word' id='word_1_132' title='bbox 626 1957 745 2023; x_wconf 84' lang='lat' dir='ltr'><strong>sigillum</strong></span> <span class='ocrx_word' id='word_1_133' title='bbox 765 1958 928 2023; x_wconf 83' lang='lat' dir='ltr'><strong>impressum.</strong></span> <span class='ocrx_word' id='word_1_134' title='bbox 942 1958 971 2008; x_wconf 91' lang='lat' dir='ltr'><strong>In</strong></span> <span class='ocrx_word' id='word_1_135' title='bbox 991 1959 1060 2008; x_wconf 86' lang='lat' dir='ltr'><strong>arch.</strong></span> <span class='ocrx_word' id='word_1_136' title='bbox 1081 1959 1097 2007; x_wconf 92' lang='lat' dir='ltr'><strong>l.</strong></span> <span class='ocrx_word' id='word_1_137' title='bbox 1119 1975 1139 2007; x_wconf 89' lang='lat' dir='ltr'><strong>r.</strong></span> <span class='ocrx_word' id='word_1_138' title='bbox 1160 1958 1208 2007; x_wconf 84' lang='lat' dir='ltr'><strong>civ.</strong></span> <span class='ocrx_word' id='word_1_139' title='bbox 1228 1957 1332 2023; x_wconf 76' lang='lat' dir='ltr'><strong>zagrab.</strong></span> 
     </span>
    </p>
   </div>
   <div class='ocr_carea' id='block_1_4' title="bbox 803 2295 894 2360">
    <p class='ocr_par' dir='ltr' id='par_1_5' title="bbox 803 2295 894 2360">
     <span class='ocr_line' id='line_1_16' title="bbox 803 2295 894 2360; baseline -0.022 0"><span class='ocrx_word' id='word_1_140' title='bbox 803 2295 894 2360; x_wconf 81' lang='lat'><strong>344.</strong></span> 
     </span>
    </p>
   </div>
   <div class='ocr_carea' id='block_1_5' title="bbox 317 2450 822 2516">
    <p class='ocr_par' dir='ltr' id='par_1_6' title="bbox 317 2450 822 2516">
     <span class='ocr_line' id='line_1_17' title="bbox 317 2450 822 2516; baseline 0 -16"><span class='ocrx_word' id='word_1_141' title='bbox 317 2453 393 2500; x_wconf 80' lang='lat' dir='ltr'><strong>Anno</strong></span> <span class='ocrx_word' id='word_1_142' title='bbox 415 2461 491 2513; x_wconf 82' lang='lat'>1391,</span> <span class='ocrx_word' id='word_1_143' title='bbox 511 2451 535 2500; x_wconf 88' lang='lat'><strong>6.</strong></span> <span class='ocrx_word' id='word_1_144' title='bbox 555 2450 656 2516; x_wconf 91' lang='lat' dir='ltr'><strong>aprilis.</strong></span> <span class='ocrx_word' id='word_1_145' title='bbox 678 2451 707 2501; x_wconf 94' lang='lat' dir='ltr'><strong>In</strong></span> <span class='ocrx_word' id='word_1_146' title='bbox 727 2452 822 2501; x_wconf 88' lang='lat' dir='ltr'><strong>Zakan.</strong></span> 
     </span>
    </p>
   </div>
   <div class='ocr_carea' id='block_1_6' title="bbox 211 2596 1480 2884">
    <p class='ocr_par' dir='ltr' id='par_1_7' title="bbox 211 2596 1480 2884">
     <span class='ocr_line' id='line_1_18' title="bbox 211 2596 1478 2672; baseline 0.007 -20"><span class='ocrx_word' id='word_1_147' title='bbox 211 2596 318 2655; x_wconf 78' lang='lat' dir='ltr'><strong>Maria</strong></span> <span class='ocrx_word' id='word_1_148' title='bbox 341 2598 443 2669; x_wconf 77' lang='lat' dir='ltr'><strong>regino</strong></span> <span class='ocrx_word' id='word_1_149' title='bbox 470 2599 648 2669; x_wconf 79' lang='lat' dir='ltr'><strong>Hungariae</strong></span> <span class='ocrx_word' id='word_1_150' title='bbox 680 2605 764 2668; x_wconf 84' lang='lat' dir='ltr'><strong>vetat,</strong></span> <span class='ocrx_word' id='word_1_151' title='bbox 795 2606 828 2654; x_wconf 88' lang='lat' dir='ltr'><strong>ut</strong></span> <span class='ocrx_word' id='word_1_152' title='bbox 856 2599 1017 2672; x_wconf 73' lang='lat' dir='ltr'><strong>indaginnes</strong></span> <span class='ocrx_word' id='word_1_153' title='bbox 1045 2601 1149 2658; x_wconf 81' lang='lat' dir='ltr'><strong>civium</strong></span> <span class='ocrx_word' id='word_1_154' title='bbox 1183 2601 1389 2661; x_wconf 78' lang='lat' dir='ltr'><strong>Grechensium</strong></span> <span class='ocrx_word' id='word_1_155' title='bbox 1424 2599 1478 2661; x_wconf 77' lang='lat' dir='ltr'><strong>Pe-</strong></span> 
     </span>
     <span class='ocr_line' id='line_1_19' title="bbox 213 2705 1480 2783; baseline 0.006 -25"><span class='ocrx_word' id='word_1_156' title='bbox 213 2705 358 2761; x_wconf 81' lang='lat' dir='ltr'><strong>trooinnm</strong></span> <span class='ocrx_word' id='word_1_157' title='bbox 389 2712 418 2761; x_wconf 89' lang='lat' dir='ltr'><strong>et</strong></span> <span class='ocrx_word' id='word_1_158' title='bbox 448 2705 626 2779; x_wconf 78' lang='lat' dir='ltr'><strong>Hrasthjatn</strong></span> <span class='ocrx_word' id='word_1_159' title='bbox 667 2705 815 2761; x_wconf 81' lang='lat' dir='ltr'><strong>incolentes</strong></span> <span class='ocrx_word' id='word_1_160' title='bbox 849 2705 970 2763; x_wconf 83' lang='lat' dir='ltr'><strong>decimas</strong></span> <span class='ocrx_word' id='word_1_161' title='bbox 1004 2709 1235 2765; x_wconf 75' lang='lat' dir='ltr'><strong>marturinomm</strong></span> <span class='ocrx_word' id='word_1_162' title='bbox 1270 2717 1299 2765; x_wconf 88' lang='lat' dir='ltr'><strong>et</strong></span> <span class='ocrx_word' id='word_1_163' title='bbox 1327 2717 1480 2783; x_wconf 74' lang='lat' dir='ltr'><strong>percomta</strong></span> 
     </span>
     <span class='ocr_line' id='line_1_20' title="bbox 772 2819 929 2884; baseline 0 -17"><span class='ocrx_word' id='word_1_164' title='bbox 772 2819 929 2884; x_wconf 81' lang='lat' dir='ltr'><strong>praestent.</strong></span> 
     </span>
    </p>
   </div>
   <div class='ocr_carea' id='block_1_7' title="bbox 211 2955 1535 4832">
    <p class='ocr_par' dir='ltr' id='par_1_8' title="bbox 211 2955 1535 4832">
     <span class='ocr_line' id='line_1_21' title="bbox 301 2955 1475 3028; baseline 0.004 -18"><span class='ocrx_word' id='word_1_165' title='bbox 301 2956 398 3012; x_wconf 90' lang='lat' dir='ltr'><strong>Maria</strong></span> <span class='ocrx_word' id='word_1_166' title='bbox 419 2955 469 3011; x_wconf 92' lang='lat' dir='ltr'><strong>dei</strong></span> <span class='ocrx_word' id='word_1_167' title='bbox 492 2956 595 3027; x_wconf 77' lang='lat' dir='ltr'><strong>gracia</strong></span> <span class='ocrx_word' id='word_1_168' title='bbox 618 2956 724 3026; x_wconf 85' lang='lat' dir='ltr'><strong>regina</strong></span> <span class='ocrx_word' id='word_1_169' title='bbox 754 2955 920 3026; x_wconf 84' lang='lat' dir='ltr'><strong>Hungarie,</strong></span> <span class='ocrx_word' id='word_1_170' title='bbox 951 2957 1120 3028; x_wconf 80' lang='lat' dir='ltr'><strong>Dalmacie‚</strong></span> <span class='ocrx_word' id='word_1_171' title='bbox 1152 2957 1279 3014; x_wconf 91' lang='lat' dir='ltr'><strong>Croacie</strong></span> <span class='ocrx_word' id='word_1_172' title='bbox 1303 2963 1357 3014; x_wconf 89' lang='lat' dir='ltr'><strong>etc.</strong></span> <span class='ocrx_word' id='word_1_173' title='bbox 1386 2957 1475 3015; x_wconf 86' lang='lat' dir='ltr'><strong>Fide·</strong></span> 
     </span>
     <span class='ocr_line' id='line_1_22' title="bbox 213 3060 1480 3134; baseline 0.003 -18"><span class='ocrx_word' id='word_1_174' title='bbox 213 3060 296 3117; x_wconf 92' lang='lat' dir='ltr'><strong>libus</strong></span> <span class='ocrx_word' id='word_1_175' title='bbox 319 3062 382 3117; x_wconf 90' lang='lat' dir='ltr'><strong>suis</strong></span> <span class='ocrx_word' id='word_1_176' title='bbox 405 3060 570 3132; x_wconf 82' lang='lat' dir='ltr'><strong>magnifico</strong></span> <span class='ocrx_word' id='word_1_177' title='bbox 603 3063 671 3118; x_wconf 89' lang='lat' dir='ltr'><strong>viro</strong></span> <span class='ocrx_word' id='word_1_178' title='bbox 702 3060 829 3118; x_wconf 91' lang='lat' dir='ltr'><strong>domino</strong></span> <span class='ocrx_word' id='word_1_179' title='bbox 861 3062 986 3119; x_wconf 90' lang='lat' dir='ltr'><strong>Detrico</strong></span> <span class='ocrx_word' id='word_1_180' title='bbox 1017 3061 1132 3132; x_wconf 74' lang='lat' dir='ltr'><strong>Boset,</strong></span> <span class='ocrx_word' id='word_1_181' title='bbox 1165 3064 1250 3134; x_wconf 82' lang='lat' dir='ltr'><strong>regni</strong></span> <span class='ocrx_word' id='word_1_182' title='bbox 1275 3064 1371 3119; x_wconf 90' lang='lat' dir='ltr'><strong>nostri</strong></span> <span class='ocrx_word' id='word_1_183' title='bbox 1395 3062 1480 3120; x_wconf 88' lang='lat' dir='ltr'><strong>Scla-</strong></span> 
     </span>
     <span class='ocr_line' id='line_1_23' title="bbox 213 3165 1478 3226; baseline 0.003 -4"><span class='ocrx_word' id='word_1_184' title='bbox 213 3168 303 3223; x_wconf 89' lang='lat' dir='ltr'><strong>uonie</strong></span> <span class='ocrx_word' id='word_1_185' title='bbox 326 3168 406 3223; x_wconf 89' lang='lat' dir='ltr'><strong>bano</strong></span> <span class='ocrx_word' id='word_1_186' title='bbox 429 3176 459 3223; x_wconf 87' lang='lat' dir='ltr'><strong>et</strong></span> <span class='ocrx_word' id='word_1_187' title='bbox 483 3167 632 3224; x_wconf 89' lang='lat' dir='ltr'><strong>vicebano</strong></span> <span class='ocrx_word' id='word_1_188' title='bbox 655 3166 794 3223; x_wconf 85' lang='lat' dir='ltr'><strong>eiusdem</strong></span> <span class='ocrx_word' id='word_1_189' title='bbox 819 3172 847 3223; x_wconf 89' lang='lat' dir='ltr'><strong>et</strong></span> <span class='ocrx_word' id='word_1_190' title='bbox 871 3165 1060 3224; x_wconf 85' lang='lat' dir='ltr'><strong>officialibus</strong></span> <span class='ocrx_word' id='word_1_191' title='bbox 1080 3168 1262 3225; x_wconf 88' lang='lat' dir='ltr'><strong>eorumdem</strong></span> <span class='ocrx_word' id='word_1_192' title='bbox 1287 3169 1318 3226; x_wconf 92' lang='lat' dir='ltr'><strong>in</strong></span> <span class='ocrx_word' id='word_1_193' title='bbox 1341 3170 1478 3226; x_wconf 85' lang='lat' dir='ltr'><strong>exaccio-</strong></span> 
     </span>
     <span class='ocr_line' id='line_1_24' title="bbox 212 3272 1477 3349; baseline 0.003 -21"><span class='ocrx_word' id='word_1_194' title='bbox 212 3272 304 3329; x_wconf 92' lang='lat' dir='ltr'><strong>nibus</strong></span> <span class='ocrx_word' id='word_1_195' title='bbox 326 3273 578 3330; x_wconf 88' lang='lat' dir='ltr'><strong>mardurinarum</strong></span> <span class='ocrx_word' id='word_1_196' title='bbox 602 3289 637 3330; x_wconf 92' lang='lat' dir='ltr'><strong>ac</strong></span> <span class='ocrx_word' id='word_1_197' title='bbox 661 3273 788 3330; x_wconf 89' lang='lat' dir='ltr'><strong>decimis</strong></span> <span class='ocrx_word' id='word_1_198' title='bbox 812 3288 980 3346; x_wconf 90' lang='lat' dir='ltr'><strong>porcorum</strong></span> <span class='ocrx_word' id='word_1_199' title='bbox 1005 3274 1252 3345; x_wconf 69' lang='lat' dir='ltr'><strong>procedentibus</strong></span> <span class='ocrx_word' id='word_1_200' title='bbox 1277 3275 1391 3347; x_wconf 90' lang='lat' dir='ltr'><strong>quibus</strong></span> <span class='ocrx_word' id='word_1_201' title='bbox 1407 3291 1477 3349; x_wconf 93' lang='lat' dir='ltr'><strong>pre·</strong></span> 
     </span>
     <span class='ocr_line' id='line_1_25' title="bbox 212 3378 1475 3451; baseline 0.003 -17"><span class='ocrx_word' id='word_1_202' title='bbox 212 3384 312 3435; x_wconf 89' lang='lat' dir='ltr'><strong>sentes</strong></span> <span class='ocrx_word' id='word_1_203' title='bbox 335 3378 544 3449; x_wconf 87' lang='lat' dir='ltr'><strong>ostenduntur,</strong></span> <span class='ocrx_word' id='word_1_204' title='bbox 567 3379 700 3436; x_wconf 90' lang='lat' dir='ltr'><strong>salutem</strong></span> <span class='ocrx_word' id='word_1_205' title='bbox 724 3385 753 3434; x_wconf 90' lang='lat' dir='ltr'><strong>et</strong></span> <span class='ocrx_word' id='word_1_206' title='bbox 776 3378 922 3450; x_wconf 86' lang='lat' dir='ltr'><strong>graciam.</strong></span> <span class='ocrx_word' id='word_1_207' title='bbox 948 3379 980 3435; x_wconf 91' lang='lat' dir='ltr'><strong>in</strong></span> <span class='ocrx_word' id='word_1_208' title='bbox 1004 3380 1143 3451; x_wconf 91' lang='lat' dir='ltr'><strong>personis</strong></span> <span class='ocrx_word' id='word_1_209' title='bbox 1166 3380 1384 3437; x_wconf 90' lang='lat' dir='ltr'><strong>universorum</strong></span> <span class='ocrx_word' id='word_1_210' title='bbox 1400 3380 1475 3438; x_wconf 89' lang='lat' dir='ltr'><strong>fide-</strong></span> 
     </span>
     <span class='ocr_line' id='line_1_26' title="bbox 213 3484 1478 3558; baseline 0.003 -18"><span class='ocrx_word' id='word_1_211' title='bbox 213 3484 290 3541; x_wconf 91' lang='lat' dir='ltr'><strong>lium</strong></span> <span class='ocrx_word' id='word_1_212' title='bbox 314 3486 430 3542; x_wconf 86' lang='lat' dir='ltr'><strong>civium</strong></span> <span class='ocrx_word' id='word_1_213' title='bbox 454 3492 483 3541; x_wconf 91' lang='lat' dir='ltr'><strong>et</strong></span> <span class='ocrx_word' id='word_1_214' title='bbox 507 3486 666 3558; x_wconf 89' lang='lat' dir='ltr'><strong>hospitum</strong></span> <span class='ocrx_word' id='word_1_215' title='bbox 689 3492 866 3541; x_wconf 90' lang='lat' dir='ltr'><strong>nostrorum</strong></span> <span class='ocrx_word' id='word_1_216' title='bbox 882 3485 1015 3541; x_wconf 87' lang='lat' dir='ltr'><strong>civitatis</strong></span> <span class='ocrx_word' id='word_1_217' title='bbox 1031 3492 1135 3541; x_wconf 89' lang='lat' dir='ltr'><strong>nostre</strong></span> <span class='ocrx_word' id='word_1_218' title='bbox 1150 3486 1357 3556; x_wconf 86' lang='lat' dir='ltr'><strong>zagrabiensis</strong></span> <span class='ocrx_word' id='word_1_219' title='bbox 1374 3494 1478 3544; x_wconf 91' lang='lat' dir='ltr'><strong>nostre</strong></span> 
     </span>
     <span class='ocr_line' id='line_1_27' title="bbox 213 3589 1477 3666; baseline 0.003 -20"><span class='ocrx_word' id='word_1_220' title='bbox 213 3590 326 3648; x_wconf 90' lang='lat' dir='ltr'><strong>dicitur</strong></span> <span class='ocrx_word' id='word_1_221' title='bbox 349 3593 500 3649; x_wconf 87' lang='lat' dir='ltr'><strong>maiestati</strong></span> <span class='ocrx_word' id='word_1_222' title='bbox 524 3635 744 3649; x_wconf 89' lang='grc'><em>........</em></span> <span class='ocrx_word' id='word_1_223' title='bbox 768 3589 851 3662; x_wconf 88' lang='lat' dir='ltr'><strong>quod</strong></span> <span class='ocrx_word' id='word_1_224' title='bbox 877 3606 932 3647; x_wconf 91' lang='lat' dir='ltr'><strong>vos</strong></span> <span class='ocrx_word' id='word_1_225' title='bbox 956 3606 1049 3663; x_wconf 91' lang='lat' dir='ltr'><strong>super</strong></span> <span class='ocrx_word' id='word_1_226' title='bbox 1080 3591 1258 3663; x_wconf 84' lang='lat' dir='ltr'><strong>iobagiones</strong></span> <span class='ocrx_word' id='word_1_227' title='bbox 1283 3592 1422 3666; x_wconf 91' lang='lat' dir='ltr'><strong>ipsorum</strong></span> <span class='ocrx_word' id='word_1_228' title='bbox 1447 3594 1477 3650; x_wconf 91' lang='lat' dir='ltr'><strong>in</strong></span> 
     </span>
     <span class='ocr_line' id='line_1_28' title="bbox 213 3696 1478 3771; baseline 0.003 -19"><span class='ocrx_word' id='word_1_229' title='bbox 213 3711 322 3755; x_wconf 89' lang='lat' dir='ltr'><strong>eorum</strong></span> <span class='ocrx_word' id='word_1_230' title='bbox 344 3698 590 3771; x_wconf 87' lang='lat' dir='ltr'><strong>possessionibus</strong></span> <span class='ocrx_word' id='word_1_231' title='bbox 613 3697 796 3768; x_wconf 87' lang='lat' dir='ltr'><strong>Petrowyna</strong></span> <span class='ocrx_word' id='word_1_232' title='bbox 816 3701 846 3752; x_wconf 89' lang='lat' dir='ltr'><strong>et</strong></span> <span class='ocrx_word' id='word_1_233' title='bbox 862 3696 1018 3767; x_wconf 87' lang='lat' dir='ltr'><strong>Hrasthya</strong></span> <span class='ocrx_word' id='word_1_234' title='bbox 1043 3741 1048 3753; x_wconf 95' lang='lat'><strong>.</strong></span> <span class='ocrx_word' id='word_1_235' title='bbox 1073 3705 1096 3752; x_wconf 83' lang='grc'><strong>.’</strong></span> <span class='ocrx_word' id='word_1_236' title='bbox 1103 3741 1291 3754; x_wconf 89' lang='grc'><strong><em>.......</em></strong></span> <span class='ocrx_word' id='word_1_237' title='bbox 1316 3697 1478 3757; x_wconf 90' lang='lat' dir='ltr'><strong>dominum</strong></span> 
     </span>
     <span class='ocr_line' id='line_1_29' title="bbox 212 3801 1479 3877; baseline 0 -17"><span class='ocrx_word' id='word_1_238' title='bbox 212 3801 443 3875; x_wconf 88' lang='lat' dir='ltr'><strong>Sigismundum</strong></span> <span class='ocrx_word' id='word_1_239' title='bbox 468 3820 573 3877; x_wconf 84' lang='lat' dir='ltr'><strong>regem</strong></span> <span class='ocrx_word' id='word_1_240' title='bbox 598 3808 627 3860; x_wconf 90' lang='lat' dir='ltr'><strong>et</strong></span> <span class='ocrx_word' id='word_1_241' title='bbox 651 3807 824 3859; x_wconf 91' lang='lat' dir='ltr'><strong>consortem</strong></span> <span class='ocrx_word' id='word_1_242' title='bbox 848 3809 989 3859; x_wconf 86' lang='lat' dir='ltr'><strong>nostrum</strong></span> <span class='ocrx_word' id='word_1_243' title='bbox 1012 3802 1208 3860; x_wconf 90' lang='lat' dir='ltr'><strong>carissimum</strong></span> <span class='ocrx_word' id='word_1_244' title='bbox 1225 3839 1479 3864; x_wconf 85' lang='lat'><strong>.........</strong></span> 
     </span>
     <span class='ocr_line' id='line_1_30' title="bbox 213 3901 1535 3982; baseline 0.001 -17"><span class='ocrx_word' id='word_1_245' title='bbox 213 3909 407 3967; x_wconf 90' lang='lat' dir='ltr'><strong>mardurinas</strong></span> <span class='ocrx_word' id='word_1_246' title='bbox 430 3917 459 3967; x_wconf 91' lang='lat' dir='ltr'><strong>et</strong></span> <span class='ocrx_word' id='word_1_247' title='bbox 482 3910 617 3967; x_wconf 89' lang='lat' dir='ltr'><strong>decimas</strong></span> <span class='ocrx_word' id='word_1_248' title='bbox 641 3923 808 3982; x_wconf 89' lang='lat' dir='ltr'><strong>porcorum</strong></span> <span class='ocrx_word' id='word_1_249' title='bbox 833 3907 935 3964; x_wconf 92' lang='lat' dir='ltr'><strong>dicare</strong></span> <span class='ocrx_word' id='word_1_250' title='bbox 966 3913 995 3964; x_wconf 92' lang='lat' dir='ltr'><strong>et</strong></span> <span class='ocrx_word' id='word_1_251' title='bbox 1028 3908 1110 3979; x_wconf 81' lang='lat' dir='ltr'><strong>exigi</strong></span> <span class='ocrx_word' id='word_1_252' title='bbox 1133 3906 1234 3965; x_wconf 84' lang='lat' dir='ltr'><strong>iacere</strong></span> <span class='ocrx_word' id='word_1_253' title='bbox 1259 3953 1479 3970; x_wconf 88' lang='grc'><strong>........</strong></span> <span class='ocrx_word' id='word_1_254' title='bbox 1533 3901 1535 3905; x_wconf 68' lang='grc'>’</span> 
     </span>
     <span class='ocr_line' id='line_1_31' title="bbox 212 4013 1479 4087; baseline 0.003 -16"><span class='ocrx_word' id='word_1_255' title='bbox 212 4014 390 4072; x_wconf 91' lang='lat' dir='ltr'><strong>huiusmodi</strong></span> <span class='ocrx_word' id='word_1_256' title='bbox 413 4016 585 4073; x_wconf 88' lang='lat' dir='ltr'><strong>dicaciones</strong></span> <span class='ocrx_word' id='word_1_257' title='bbox 608 4022 637 4072; x_wconf 88' lang='lat' dir='ltr'><strong>et</strong></span> <span class='ocrx_word' id='word_1_258' title='bbox 661 4014 838 4071; x_wconf 89' lang='lat' dir='ltr'><strong>exacciones</strong></span> <span class='ocrx_word' id='word_1_259' title='bbox 860 4013 929 4069; x_wconf 88' lang='lat' dir='ltr'><strong>ulio</strong></span> <span class='ocrx_word' id='word_1_260' title='bbox 944 4027 1094 4085; x_wconf 90' lang='lat' dir='ltr'><strong>umquam</strong></span> <span class='ocrx_word' id='word_1_261' title='bbox 1115 4017 1255 4085; x_wconf 87' lang='lat' dir='ltr'><strong>tempore</strong></span> <span class='ocrx_word' id='word_1_262' title='bbox 1271 4031 1365 4087; x_wconf 91' lang='lat' dir='ltr'><strong>super</strong></span> <span class='ocrx_word' id='word_1_263' title='bbox 1380 4014 1479 4076; x_wconf 91' lang='lat' dir='ltr'><strong>dictos</strong></span> 
     </span>
     <span class='ocr_line' id='line_1_32' title="bbox 212 4117 1478 4194; baseline 0.002 -16"><span class='ocrx_word' id='word_1_264' title='bbox 212 4122 390 4194; x_wconf 85' lang='lat' dir='ltr'><strong>iobagiones</strong></span> <span class='ocrx_word' id='word_1_265' title='bbox 414 4138 521 4180; x_wconf 91' lang='lat' dir='ltr'><strong>eorum</strong></span> <span class='ocrx_word' id='word_1_266' title='bbox 546 4122 588 4179; x_wconf 92' lang='lat' dir='ltr'><strong>ali</strong></span> <span class='ocrx_word' id='word_1_267' title='bbox 610 4165 799 4179; x_wconf 91' lang='grc'><strong>.......</strong></span> <span class='ocrx_word' id='word_1_268' title='bbox 823 4119 940 4176; x_wconf 90' lang='lat' dir='ltr'><strong>scilicet</strong></span> <span class='ocrx_word' id='word_1_269' title='bbox 963 4117 1126 4176; x_wconf 87' lang='lat' dir='ltr'><strong>Sclauonie</strong></span> <span class='ocrx_word' id='word_1_270' title='bbox 1150 4119 1223 4176; x_wconf 92' lang='lat' dir='ltr'><strong>bani</strong></span> <span class='ocrx_word' id='word_1_271' title='bbox 1246 4119 1478 4193; x_wconf 88' lang='lat' dir='ltr'><strong>predecessores</strong></span> 
     </span>
     <span class='ocr_line' id='line_1_33' title="bbox 213 4224 1477 4300; baseline 0.001 -16"><span class='ocrx_word' id='word_1_272' title='bbox 213 4229 307 4286; x_wconf 88' lang='lat' dir='ltr'><strong>vestri</strong></span> <span class='ocrx_word' id='word_1_273' title='bbox 330 4229 413 4300; x_wconf 84' lang='lat' dir='ltr'><strong>exigi</strong></span> <span class='ocrx_word' id='word_1_274' title='bbox 436 4228 514 4285; x_wconf 86' lang='lat' dir='ltr'><strong>facte</strong></span> <span class='ocrx_word' id='word_1_275' title='bbox 538 4227 667 4285; x_wconf 86' lang='lat' dir='ltr'><strong>fuissent</strong></span> <span class='ocrx_word' id='word_1_276' title='bbox 690 4269 1122 4284; x_wconf 83' lang='grc'><em>...............</em></span> <span class='ocrx_word' id='word_1_277' title='bbox 1146 4224 1257 4282; x_wconf 83' lang='lat' dir='ltr'><strong>damus</strong></span> <span class='ocrx_word' id='word_1_278' title='bbox 1271 4227 1402 4298; x_wconf 84' lang='lat' dir='ltr'><strong>reginali</strong></span> <span class='ocrx_word' id='word_1_279' title='bbox 1419 4229 1477 4286; x_wconf 91' lang='lat' dir='ltr'><strong>sub</strong></span> 
     </span>
     <span class='ocr_line' id='line_1_34' title="bbox 212 4332 1477 4407; baseline 0 -17"><span class='ocrx_word' id='word_1_280' title='bbox 212 4335 320 4405; x_wconf 86' lang='lat' dir='ltr'><strong>edicto,</strong></span> <span class='ocrx_word' id='word_1_281' title='bbox 345 4343 495 4407; x_wconf 89' lang='lat' dir='ltr'><strong>quatenus</strong></span> <span class='ocrx_word' id='word_1_282' title='bbox 519 4335 593 4391; x_wconf 90' lang='lat' dir='ltr'><strong>visis</strong></span> <span class='ocrx_word' id='word_1_283' title='bbox 617 4333 812 4407; x_wconf 89' lang='lat' dir='ltr'><strong>presentibus</strong></span> <span class='ocrx_word' id='word_1_284' title='bbox 836 4375 1145 4389; x_wconf 88' lang='grc'><strong>...........</strong></span> <span class='ocrx_word' id='word_1_285' title='bbox 1169 4332 1284 4388; x_wconf 86' lang='lat' dir='ltr'><strong>civium</strong></span> <span class='ocrx_word' id='word_1_286' title='bbox 1316 4338 1346 4388; x_wconf 90' lang='lat' dir='ltr'><strong>et</strong></span> <span class='ocrx_word' id='word_1_287' title='bbox 1374 4334 1477 4407; x_wconf 92' lang='lat' dir='ltr'><strong>hospi·</strong></span> 
     </span>
     <span class='ocr_line' id='line_1_35' title="bbox 212 4436 1477 4497; baseline 0 0"><span class='ocrx_word' id='word_1_288' title='bbox 212 4449 278 4497; x_wconf 87' lang='lat' dir='ltr'><strong>tum</strong></span> <span class='ocrx_word' id='word_1_289' title='bbox 302 4446 478 4497; x_wconf 87' lang='lat' dir='ltr'><strong>nostrorum</strong></span> <span class='ocrx_word' id='word_1_290' title='bbox 506 4440 543 4496; x_wconf 92' lang='lat' dir='ltr'><strong>ad</strong></span> <span class='ocrx_word' id='word_1_291' title='bbox 576 4439 749 4496; x_wconf 85' lang='lat' dir='ltr'><strong>soluciones</strong></span> <span class='ocrx_word' id='word_1_292' title='bbox 773 4482 931 4495; x_wconf 89' lang='grc'><strong>......</strong></span> <span class='ocrx_word' id='word_1_293' title='bbox 955 4436 1206 4494; x_wconf 88' lang='lat' dir='ltr'><strong>mardurinarum</strong></span> <span class='ocrx_word' id='word_1_294' title='bbox 1230 4443 1260 4495; x_wconf 89' lang='lat' dir='ltr'><strong>et</strong></span> <span class='ocrx_word' id='word_1_295' title='bbox 1285 4438 1477 4497; x_wconf 90' lang='lat' dir='ltr'><strong>decimarum</strong></span> 
     </span>
     <span class='ocr_line' id='line_1_36' title="bbox 211 4544 1478 4622; baseline -0.002 -18"><span class='ocrx_word' id='word_1_296' title='bbox 211 4564 379 4622; x_wconf 91' lang='lat' dir='ltr'><strong>porcorum</strong></span> <span class='ocrx_word' id='word_1_297' title='bbox 404 4589 923 4605; x_wconf 85' lang='lat'>..................</span> <span class='ocrx_word' id='word_1_298' title='bbox 940 4544 1182 4617; x_wconf 86' lang='lat' dir='ltr'><strong>presumpmatis</strong></span> <span class='ocrx_word' id='word_1_299' title='bbox 1205 4560 1263 4601; x_wconf 89' lang='lat' dir='ltr'><strong>nec</strong></span> <span class='ocrx_word' id='word_1_300' title='bbox 1283 4544 1349 4602; x_wconf 87' lang='lat' dir='ltr'><strong>sitis</strong></span> <span class='ocrx_word' id='word_1_301' title='bbox 1372 4547 1478 4604; x_wconf 89' lang='lat' dir='ltr'><strong>ausuri</strong></span> 
     </span>
     <span class='ocr_line' id='line_1_37' title="bbox 212 4649 1477 4726; baseline -0.002 -16"><span class='ocrx_word' id='word_1_302' title='bbox 212 4654 306 4711; x_wconf 88' lang='lat' dir='ltr'><strong>modo</strong></span> <span class='ocrx_word' id='word_1_303' title='bbox 329 4653 467 4726; x_wconf 85' lang='lat' dir='ltr'><strong>aliquali.</strong></span> <span class='ocrx_word' id='word_1_304' title='bbox 499 4653 535 4709; x_wconf 88' lang='lat' dir='ltr'><strong>Et</strong></span> <span class='ocrx_word' id='word_1_305' title='bbox 567 4653 625 4709; x_wconf 92' lang='lat' dir='ltr'><strong>hoc</strong></span> <span class='ocrx_word' id='word_1_306' title='bbox 648 4651 730 4709; x_wconf 90' lang='lat' dir='ltr'><strong>idem</strong></span> <span class='ocrx_word' id='word_1_307' title='bbox 755 4695 1247 4709; x_wconf 88' lang='grc'><strong>.................</strong></span> <span class='ocrx_word' id='word_1_308' title='bbox 1270 4649 1377 4710; x_wconf 88' lang='lat' dir='ltr'><strong>dantes</strong></span> <span class='ocrx_word' id='word_1_309' title='bbox 1401 4652 1477 4725; x_wconf 94' lang='lat' dir='ltr'><strong>ipsis</strong></span> 
     </span>
     <span class='ocr_line' id='line_1_38' title="bbox 211 4757 1472 4832; baseline -0.001 -16"><span class='ocrx_word' id='word_1_310' title='bbox 211 4759 311 4817; x_wconf 89' lang='lat' dir='ltr'><strong>firmis</strong></span> <span class='ocrx_word' id='word_1_311' title='bbox 334 4760 489 4818; x_wconf 85' lang='lat' dir='ltr'><strong>similibus</strong></span> <span class='ocrx_word' id='word_1_312' title='bbox 512 4758 570 4815; x_wconf 92' lang='lat' dir='ltr'><strong>sub</strong></span> <span class='ocrx_word' id='word_1_313' title='bbox 593 4757 755 4831; x_wconf 85' lang='lat' dir='ltr'><strong>preceptis.</strong></span> <span class='ocrx_word' id='word_1_314' title='bbox 780 4757 938 4816; x_wconf 83' lang='lat' dir='ltr'><strong>Presentes</strong></span> <span class='ocrx_word' id='word_1_315' title='bbox 956 4762 1061 4814; x_wconf 91' lang='lat' dir='ltr'><strong>autem</strong></span> <span class='ocrx_word' id='word_1_316' title='bbox 1084 4763 1154 4829; x_wconf 91' lang='lat' dir='ltr'><strong>post</strong></span> <span class='ocrx_word' id='word_1_317' title='bbox 1177 4757 1324 4815; x_wconf 85' lang='lat' dir='ltr'><strong>lectivam</strong></span> <span class='ocrx_word' id='word_1_318' title='bbox 1347 4772 1472 4832; x_wconf 87' lang='lat' dir='ltr'><strong>semper</strong></span> 
     </span>
    </p>
   </div>
   <div class='ocr_carea' id='block_1_8' title="bbox 0 0 1748 5242">
    <p class='ocr_par' dir='ltr' id='par_1_9' title="bbox 0 0 1748 5242">
     <span class='ocr_line' id='line_1_39' title="bbox 0 0 1748 5242; baseline 0 0"><span class='ocrx_word' id='word_1_319' title='bbox 0 0 1748 5242; x_wconf 95' lang='lat' dir='ltr'><strong> </strong></span> 
     </span>
    </p>
   </div>
  </div>
 </body>
</html>
