3488 5242
276 315 336 384 256
700 314 774 372 Doc.
798 311 868 391 265.
895 349 932 358 -
957 315 1124 392 Are1377.

272 495 425 579 premisse
447 510 522 552 vero
546 495 783 568 composicionis
807 501 836 554 et
858 495 1064 555 ordinacionis
1095 494 1276 553 firmitatem
1301 499 1330 553 et
1353 495 1539 553 memoriam

274 606 456 674 perpetuam
479 600 620 672 sigillum
635 601 732 658 nostri
749 607 917 659 conventus
932 600 1079 659 duximus
1100 602 1294 674 presentibus
1309 600 1538 675 apponendum.

273 704 391 762 Datum
424 705 573 777 vigesima
596 704 729 763 secunda
754 706 803 764 dei
826 707 940 764 mensis
962 707 1079 780 aprilis.
1112 709 1201 764 Auno
1228 707 1345 764 domini
1370 708 1539 765 millesimo

274 809 436 867 CCCLXX
460 811 601 884 septimo.

363 943 384 991 E
403 948 569 1007 transumpto
588 943 757 1008 magistratus
777 945 893 996 civitatis
913 943 1077 1001 Grechensis‚
1097 959 1164 994 anno
1186 946 1259 1003 1378.

862 1233 948 1300 265.

379 1393 455 1441 Anno
478 1399 551 1449 1377.
572 1401 612 1449 25.
632 1391 733 1456 aprilis.
755 1391 911 1456 Zagrabiae.

274 1519 324 1575 Fr.
348 1526 500 1577 coniventes
522 1539 543 1576 s.
569 1519 689 1576 Nicolai
716 1519 776 1576 orel.
808 1521 1047 1578 praetentorum
1076 1523 1202 1592 legatarii
1227 1520 1285 1578 sibi
1305 1521 1426 1583 vincam,
1450 1521 1536 1577 Mar·

274 1627 333 1681 tino
354 1614 383 1682 'et
402 1626 546 1701 Dionysio
567 1627 675 1682 civiles
705 1626 912 1684 Grechcnsr'bus
941 1628 1025 1684 certis
1054 1627 1106 1683 sut
1137 1627 1355 1697 obligationibus
1380 1628 1536 1701 construat.

362 1787 425 1845 Nos
449 1786 559 1845 fratres
580 1794 748 1846 conventus
771 1791 866 1847 sancti
892 1789 1010 1846 Nicolai
1034 1789 1072 1847 de
1095 1789 1255 1860 Zagrabia‚
1272 1789 1388 1846 ordinis
1407 1787 1537 1845 fratrum

274 1892 516 1964 Predicatorurn,
541 1894 699 1952 videlicet:
732 1895 827 1952 irater
856 1896 1019 1978 Johannes,
1051 1895 1145 1969 prior,
1178 1894 1272 1952 frater
1303 1894 1418 1964 Petrus
1443 1894 1538 1950 irater

273 1999 464 2070 Dominicus‚
488 1999 582 2056 frater
607 1999 745 2058 Andreas
767 2008 797 2058 et
814 2000 908 2058 irater
930 2002 1084 2058 Fabianus
1107 2016 1142 2057 ac
1158 2001 1250 2058 ceteri
1271 1999 1388 2058 iratres
1414 1999 1536 2072 Signifi-

274 2121 380 2163 camus
402 2108 516 2179 quibus
539 2106 665 2179 expedit
696 2107 848 2164 universis
880 2108 1076 2181 presencium
1108 2123 1163 2180 per
1194 2113 1340 2178 tenorem,
1371 2106 1456 2179 quod
1479 2122 1534 2163 nos
1571 2106 1576 2112 '

274 2227 367 2269 unam
392 2213 517 2273 vineam
542 2229 598 2286 per
622 2212 753 2284 Kusecb,
778 2212 881 2270 fratris
905 2211 998 2286 Span,
1023 2213 1100 2270 civis
1123 2213 1161 2269 de
1186 2219 1290 2270 monte
1314 2212 1424 2274 Grech.
1448 2218 1537 2270 testa-

273 2318 416 2375 mentarii
448 2318 523 2375 iuris
550 2318 641 2374 titulo
670 2317 708 2374 ad
740 2318 910 2375 claustrum
944 2317 1099 2391 prelatum
1130 2318 1266 2389 legitime
1297 2316 1475 2374 devolutam
1509 2323 1538 2374 et

273 2422 457 2480 iudicialiter
494 2425 661 2494 obtentam,
695 2423 724 2479 in
757 2424 912 2481 territorio
943 2423 1044 2481 Grech
1076 2423 1266 2493 existentem,
1298 2438 1367 2480 cum
1391 2424 1536 2480 omnibus

273 2530 393 2587 iuribus
425 2534 456 2586 et
487 2529 674 2587 utilitatibus
701 2530 764 2586 suis
799 2530 940 2600 Martin0,
971 2527 1038 2585 filio
1069 2527 1197 2585 Doklisa
1229 2534 1259 2586 et
1289 2529 1446 2600 Dyonisio‚
1471 2528 1538 2585 filio

273 2635 386 2706 Paulis,
411 2635 532 2692 civibus
556 2634 693 2708 predicte
716 2635 849 2693 civitatis
880 2640 911 2691 et
941 2651 997 2709 per
1027 2650 1079 2692 eos
1111 2649 1219 2691 eorum
1249 2634 1424 2704 heredibus,
1452 2635 1537 2691 here-

274 2739 411 2813 dumque
434 2741 576 2814 ipsorum
600 2741 837 2811 successoribus,
862 2739 1004 2797 dedimus
1032 2741 1098 2797 iure
1129 2747 1280 2814 perpetuo
1309 2739 1536 2814 possidendam,

273 2846 438 2904 tenendam
461 2852 491 2904 et
513 2845 690 2903 habendam
721 2848 770 2903 vel
803 2847 987 2918 cuicumque
1019 2846 1174 2903 voluerint
1205 2846 1429 2920 disponendam
1454 2847 1537 2904 iuxta

274 2953 527 3011 consuetudinem
549 2960 579 3010 et
602 2952 812 3010 condicionem
837 2951 917 3009 dicte
951 2952 1084 3009 civitatis
1115 2952 1338 3025 approbatam;
1361 2954 1403 3010 ita
1426 2959 1537 3023 tamen,

274 3060 357 3132 quod
382 3059 513 3132 predicti
537 3058 687 3116 Martinus
711 3064 740 3114 et
763 3058 930 3129 Dyonisius
953 3072 1011 3130 pro
1033 3074 1065 3113 se
1096 3058 1188 3131 ipsos,
1215 3073 1385 3129 eorumque
1409 3057 1536 3114 heredes

274 3171 303 3222 et
326 3180 516 3221 successores
540 3164 636 3237 ipsius
660 3165 747 3221 vinee
779 3163 906 3235 quosvis
927 3177 1118 3235 possessores
1141 3162 1171 3218 in
1197 3162 1335 3218 futurum
1357 3162 1470 3219 dictam
1489 3163 1536 3217 vi·

275 3287 364 3329 neam
389 3270 588 3345 possidentes,
613 3269 765 3342 prefatam
790 3270 912 3326 vineam
937 3270 1014 3326 bene
1038 3270 1148 3338 colere,
1165 3284 1280 3325 necnon
1297 3269 1427 3339 singulis
1451 3270 1537 3325 annis

275 3377 313 3433 de
336 3378 409 3434 vino
432 3377 592 3449 ipsiusmet
617 3377 704 3432 vinee
729 3375 758 3432 in
783 3374 938 3432 vindemie
961 3381 1101 3448 tempore
1125 3374 1230 3431 decem
1263 3375 1394 3431 cubulos
1418 3389 1537 3431 recusa-

275 3485 361 3541 cione
384 3483 501 3555 absque
525 3482 618 3551 omni,
642 3481 746 3537 salvos
770 3487 800 3537 et
823 3481 863 3536 ab
888 3481 970 3536 omni
1000 3480 1206 3536 decimacione
1230 3479 1390 3551 expeditos
1414 3481 1443 3537 in
1470 3496 1537 3536 vee-

276 3595 343 3645 tura
367 3588 494 3662 propria
517 3586 555 3642 ad
581 3586 698 3644 dictum
720 3585 871 3642 elustrum
895 3584 1084 3654 deducendo
1111 3584 1259 3640 fratribus
1283 3584 1393 3657 prefati
1411 3586 1536 3641 claustri

274 3700 422 3767 perpetue
446 3691 519 3749 dare
543 3697 572 3748 et
595 3691 822 3748 amministrare
846 3691 1030 3747 tenebuntur
1049 3696 1078 3746 et
1095 3690 1250 3746 debebunt
1267 3705 1302 3746 ac
1318 3691 1414 3747 eciam
1443 3690 1536 3747 t'uturi

274 3799 376 3870 quivis
400 3812 590 3871 possessores
614 3796 694 3854 dicte
719 3797 806 3854 vinee
831 3798 897 3869 pari
921 3797 1043 3852 racione
1067 3796 1251 3852 tenebuntur
1267 3801 1297 3851 et
1313 3796 1470 3852 debebunt
1497 3796 1535 3852 ad

274 3904 373 3972 idem;
397 3904 454 3960 hoc
478 3904 575 3960 eciam
600 3903 766 3973 interiecto
799 3902 881 3974 quod
913 3903 939 3959 si
973 3918 1027 3975 per
1059 3901 1225 3972 grandines
1256 3907 1308 3957 aut
1330 3903 1400 3958 anni
1425 3902 1536 3958 sterili·

274 4017 350 4066 tates
374 4010 404 4066 in
430 4008 549 4081 prefata
573 4009 662 4066 vinea
687 4007 803 4064 fructus
832 4025 895 4064 non
926 4008 1111 4080 proveniret,
1144 4013 1214 4063 tunc
1245 4007 1303 4079 ipsi
1336 4008 1483 4064 Martinus
1508 4013 1537 4063 et

275 4114 441 4185 Dyonisius
464 4129 500 4170 ac
522 4129 629 4170 omnes
652 4113 733 4170 dicte
758 4115 844 4170 vinee
868 4114 970 4185 quivis
995 4113 1088 4169 futuri
1112 4128 1303 4186 possessores
1327 4119 1486 4169 tencantur
1507 4091 1535 4169 in

275 4219 343 4276 soro
366 4219 404 4276 de
428 4220 510 4277 bono
542 4220 614 4276 vino
643 4218 779 4293 prefatos
812 4218 917 4275 decem
949 4219 1080 4275 cubulos
1111 4234 1214 4274 emere
1244 4226 1273 4274 et
1304 4218 1342 4274 ad
1367 4219 1536 4275 claustrum

273 4332 481 4382 memoratum
504 4324 598 4382 modo
623 4341 685 4397 quo
708 4325 899 4397 premittitur
921 4325 1099 4381 conducere.
1124 4327 1192 4396 Que
1215 4325 1318 4381 omnia
1344 4326 1491 4382 Martinus
1507 4332 1537 4380 et

272 4431 440 4503 Dyonisius
464 4448 521 4505 per
544 4432 628 4505 ipsos
652 4430 791 4487 facienda
814 4436 843 4486 et
868 4446 924 4503 per
948 4431 1019 4487 illos
1043 4429 1081 4486 ad
1106 4445 1318 4502 quoscumque
1343 4429 1423 4486 dicta
1449 4432 1535 4487 vinea

273 4554 329 4612 per
351 4538 436 4611 ipsos
458 4537 677 4594 devolveretur
700 4535 801 4593 fienda
824 4542 1065 4608 assumpserunt,
1090 4542 1123 4592 ut
1147 4536 1343 4609 premittitur.
1361 4536 1441 4591 Meta
1459 4550 1532 4591 vero

274 4643 412 4717 predicte
436 4644 523 4700 vinee
546 4657 564 4699 a
586 4647 675 4716 parte
696 4657 758 4699 una
780 4648 826 4698 est
849 4643 938 4699 vinea
960 4641 1194 4712 Dragozlauicb‚
1219 4640 1275 4697 filii
1292 4641 1383 4710 iwan,
1400 4641 1476 4698 civis
1495 4640 1533 4697 de

273 4749 384 4821 Grech,
408 4764 427 4806 a
448 4753 537 4823 parte
560 4762 636 4806 vero
659 4748 721 4805 alia
743 4746 902 4822 protendit
932 4745 970 4805 de
998 4745 1078 4804 dicta
1111 4747 1200 4805 vinea
1230 4746 1261 4804 in
1283 4747 1414 4818 longum
1437 4762 1535 4820 usque
