3488 5242
473 379 476 386 ·
646 353 719 410 Dec.
744 366 814 430 242.
841 386 878 395 -
902 353 959 411 An.
983 347 1071 429 1361.

338 692 413 738 Anno
436 690 509 746 1361,
529 690 552 738 8.
573 687 669 737 martii.
689 687 719 737 In
739 686 877 752 Visegrad.

238 815 401 888 Capitulum
413 815 532 888 aagrnb.
546 834 565 870 a
573 815 746 887 gravamine
760 815 921 870 calumniae
932 821 1032 871 contra
1042 814 1116 871 ciues
1135 813 1317 882 Grechenses,
1331 813 1496 869 absolvitur.

320 978 383 1035 Nos
413 979 576 1060 Johannes,
608 978 692 1035 filius
723 976 843 1035 Nicolai
874 977 1004 1034 condam
1034 978 1171 1051 palatini,
1195 977 1342 1049 magister
1365 977 1498 1033 tavarni-

232 1099 342 1141 norum
367 1083 484 1140 domini
507 1083 663 1153 Lodouici,
686 1083 735 1140 dei
759 1083 863 1155 gracia
886 1083 967 1154 regis
991 1083 1157 1154 Hungarie,
1181 1097 1284 1140 comes
1307 1081 1499 1153 zaladyensis

231 1199 261 1247 et
280 1190 520 1262 wesprimiensis
537 1189 746 1246 comitatuum.
763 1189 912 1246 Memorie
928 1188 1190 1259 commendamus,
1211 1188 1292 1261 quod
1310 1204 1381 1245 cum
1397 1187 1498 1257 iudex,

234 1296 325 1353 iurati
348 1301 378 1352 et
402 1295 536 1352 universi
561 1295 644 1352 cives
667 1296 780 1353 montis
804 1293 967 1351 Grecensis
990 1293 1029 1350 de
1052 1293 1211 1367 Zagrabia,
1242 1293 1426 1351 honorabile
1450 1307 1499 1349 ca·

232 1402 368 1475 pitulum
391 1401 519 1458 ecclesie
539 1401 754 1473 zagrabiensis,
770 1404 897 1474 accepto
912 1400 1038 1457 homine
1054 1400 1148 1472 regio,
1166 1407 1307 1473 presente
1324 1398 1499 1458 testimonio

235 1508 363 1581 capituli
399 1507 438 1564 de
463 1507 587 1578 Posaga,
623 1506 777 1565 mediante
811 1506 975 1575 citacione,
1009 1506 1095 1563 iuxta
1128 1505 1215 1577 regni
1246 1504 1500 1563 consvetudinem

235 1613 364 1670 modum
389 1613 593 1682 observando,
620 1612 660 1669 ad
683 1618 809 1670 octavas
832 1611 901 1668 festi
926 1612 1065 1668 omnium
1089 1618 1266 1668 sanctornm
1290 1611 1321 1669 in
1343 1626 1423 1668 anno
1446 1609 1499 1667 do-

232 1720 307 1776 mini
332 1718 498 1775 MCCCXL
519 1726 630 1775 octavo
653 1718 691 1775 ad
717 1718 905 1791 presenciam
933 1717 1017 1788 regie
1034 1718 1201 1775 maiestatis
1217 1719 1249 1775 in
1266 1733 1390 1775 causam
1407 1722 1501 1774 attra-

232 1827 356 1893 xissent,
381 1826 510 1898 ipsaque
532 1840 623 1882 causa
647 1826 732 1881 iuxta
755 1824 978 1881 continenciam
1002 1823 1156 1895 regalium
1177 1824 1350 1880 litterarum
1368 1822 1408 1879 ab
1425 1822 1500 1895 ipsis

233 1931 350 1987 octavis
381 1930 449 1987 sesti
479 1931 619 1987 omnium
653 1935 829 1986 sanctorum
857 1928 894 1986 ad
919 1933 1045 1986 octavas
1068 1927 1137 1986 sesti
1161 1929 1244 1986 beati
1268 1928 1393 2001 Georgii
1419 1941 1500 1985 mar-

233 2038 299 2094 tiris
323 2053 436 2094 annum
463 2037 636 2110 predictum
669 2036 899 2108 subsequentes,
927 2041 957 2093 et
980 2035 1092 2092 abhinc
1115 2035 1211 2092 simili
1234 2033 1329 2091 modo
1362 2034 1498 2092 median-

233 2144 315 2201 tibus
346 2143 457 2200 litteris
488 2143 647 2215 regalibus
676 2143 714 2200 ad
746 2149 871 2199 octavas
899 2141 968 2198 sesti
992 2141 1074 2198 beati
1097 2140 1221 2198 Martini
1245 2139 1429 2197 confessoris
1460 2139 1500 2196 ad

233 2250 425 2321 presenciam
449 2249 588 2320 magistri
612 2249 751 2319 Oliuerii,
775 2252 847 2305 tunc
870 2247 939 2319 ipso
962 2263 999 2303 ex
1020 2245 1189 2303 dileccione
1204 2246 1289 2318 regia
1305 2244 1421 2302 honore
1435 2260 1500 2302 ma·

235 2355 352 2428 gisterii
376 2353 605 2412 tavar'nicorum
630 2354 824 2429 prefulgente
860 2353 1022 2427 protelata,
1046 2359 1076 2410 et
1099 2352 1139 2410 ab
1162 2352 1280 2411 eisdem
1303 2352 1421 2409 octavis
1445 2367 1502 2424 per

234 2461 352 2517 litteras
383 2461 481 2533 ipsius
510 2461 652 2532 magistri
684 2460 813 2517 Oliuerii
844 2459 883 2516 de
914 2460 1045 2516 termino
1072 2457 1112 2516 ad
1132 2459 1301 2516 terminum
1324 2463 1500 2532 prorogata,

232 2574 262 2623 et
287 2566 409 2623 tandem
434 2566 471 2623 ad
497 2566 667 2639 quindenas
698 2565 768 2623 sesti
792 2565 875 2622 beati
897 2563 1067 2636 Mychaelis
1090 2563 1267 2636 archangeli
1289 2564 1320 2621 in
1343 2578 1424 2620 anno
1447 2563 1502 2620 do·

236 2672 310 2729 mini
327 2671 463 2728 MCCCL
475 2677 593 2742 octavo
614 2672 731 2728 honore
747 2670 917 2742 magisterii
934 2669 1139 2727 tavamicatus
1155 2668 1193 2726 ad
1212 2669 1396 2742 magistrum
1412 2667 1500 2741 Cylro

234 2777 453 2835 conscendente
477 2777 513 2834 ad
541 2777 729 2851 presenciam
753 2774 892 2834 eiusdem
915 2773 1055 2846 deducta,
1078 2781 1109 2832 et
1130 2775 1172 2832 ab
1195 2774 1311 2832 eisdem
1338 2761 1502 2847 quindenis

233 2899 290 2956 per
320 2883 438 2940 litteras
467 2882 606 2940 eiusdem
637 2882 776 2955 magistri
807 2880 895 2952 Cyko
922 2880 1053 2938 diversis
1089 2881 1349 2955 prorogacionum
1372 2880 1500 2938 cautelis

233 2987 271 3045 de
295 2989 427 3046 termino
450 2989 488 3046 ad
514 2989 689 3058 terminum,
713 2988 751 3045 de
774 3003 854 3045 anno
877 2987 915 3044 ad
941 3002 1056 3044 annum
1076 2988 1237 3061 protelata,
1254 2987 1428 3059 ultimoque
1444 3002 1501 3060 per

235 3095 337 3167 ipsum
368 3095 550 3165 magistrum
583 3094 670 3167 Cyko
704 3093 742 3151 ad
782 3099 907 3151 octavas
938 3092 1008 3151 festi
1038 3093 1120 3151 beati
1150 3092 1277 3167 Georgii
1306 3093 1442 3151 martiris
1469 3093 1499 3150 in

234 3213 313 3256 anno
347 3199 465 3256 domini
497 3199 671 3267 MCCCLX‚
702 3204 852 3257 annuente
882 3199 988 3256 divina
1018 3199 1187 3257 clemencia
1217 3206 1248 3257 et
1270 3215 1308 3256 ex
1331 3199 1500 3257 dileccione

235 3307 318 3377 regia
341 3321 396 3362 nos
419 3305 457 3362 ad
482 3307 630 3363 honorem
655 3306 823 3378 magisterii
850 3304 1057 3362 tavarnicatus
1092 3304 1289 3375 sublimante,
1312 3305 1352 3362 ad
1375 3312 1500 3363 octavas

235 3411 303 3468 festi
327 3412 409 3469 beati
431 3413 540 3494 Jacohi
563 3412 706 3487 apostoli,
730 3419 759 3469 et
783 3413 823 3469 ab
847 3412 906 3469 hiis
929 3411 967 3468 de
984 3411 1145 3468 voluntate
1162 3411 1305 3485 parcium
1320 3411 1360 3469 ad
1375 3418 1500 3469 octavas

236 3517 303 3574 sesti
329 3518 409 3574 beati
442 3519 610 3589 Mychaelis
640 3518 827 3590 archangeli,
858 3525 888 3574 et
911 3517 1025 3574 abhinc
1046 3516 1087 3574 ad
1109 3523 1268 3591 presentes
1290 3522 1415 3575 octavas
1438 3517 1500 3576 diei

235 3639 382 3694 cynerum
406 3631 534 3696 propter
557 3623 743 3680 arduitatem
767 3624 864 3698 ipsius
887 3638 977 3679 cause
1001 3638 1057 3696 per
1072 3637 1128 3679 nos
1144 3629 1311 3696 prorogata
1327 3623 1499 3681 exstitisset.

234 3729 372 3787 Tandem
399 3730 474 3802 ipsis
497 3730 615 3786 octavis
637 3729 698 3787 diei
722 3746 868 3803 cynerum
886 3729 1126 3800 occurrentibus,
1144 3730 1261 3800 Petrus,
1277 3729 1361 3788 filius
1377 3729 1500 3801 Rubini,

235 3835 353 3907 ltlykus,
377 3835 461 3892 filius
484 3837 576 3906 iwan,
600 3835 732 3894 Bartuch
757 3842 786 3893 et
810 3836 951 3907 Mathyas
975 3835 1136 3906 litteratus,
1160 3835 1244 3892 filius
1267 3835 1394 3906 Kucine,
1417 3835 1501 3894 cives

234 3942 367 3998 civitatis
399 3941 545 4015 predicte,
576 3959 634 4014 pro
666 3942 784 3999 eisdem
814 3941 922 4013 iudice,
954 3941 1062 3999 iuratis
1091 3948 1121 3999 et
1150 3941 1303 3999 universis
1325 3941 1447 3999 civibus
1470 3947 1501 4003 et

234 4049 410 4122 hospitibus
433 4048 472 4105 de
495 4047 597 4106 Grech
621 4065 692 4107 cum
716 4049 827 4106 litteris
851 4048 1071 4121 procuratoriis
1095 4048 1277 4105 eorumdem
1299 4047 1338 4105 ad
1362 4053 1500 4105 nostram

235 4154 391 4211 venientes
424 4156 614 4226 presenciam
645 4157 674 4213 in
707 4170 838 4229 persona
872 4154 1084 4229 predictorum
1118 4154 1234 4211 civium
1269 4158 1299 4211 et
1333 4154 1499 4228 hospitum,

235 4259 387 4332 quasdam
411 4260 529 4317 litteras
553 4261 766 4333 privilegiales
789 4259 910 4318 Nicolai
933 4259 1031 4317 tocius
1053 4258 1215 4317 Sclauonie
1238 4265 1269 4317 et
1283 4258 1410 4318 Croacie
1427 4260 1501 4318 bani

235 4367 441 4424 transcribens
476 4367 677 4440 privilegium
708 4366 878 4436 Laurencii‚
914 4371 985 4423 tunc
1017 4367 1157 4438 magistri
1191 4367 1420 4424 tavamicorum
1453 4383 1500 4424 re·

233 4481 360 4553 galium,
393 4473 469 4541 feria
502 4473 610 4544 quinta
643 4474 788 4548 proxima
817 4475 889 4546 post
919 4470 1032 4529 festum
1062 4472 1144 4529 beati
1174 4472 1323 4554 Johannis
1357 4472 1499 4545 baptiste,

126 4589 131 4601 ¹
234 4606 313 4648 anno
345 4592 463 4650 domini
494 4578 630 4636 MCCCL
660 4586 769 4655 quarto
793 4574 957 4648 confectas,
977 4578 1067 4636 nobis
1090 4579 1286 4652 presentavit
1310 4577 1344 4636 In
1367 4593 1500 4651 quarum

234 4697 391 4754 tenoribus
415 4699 494 4755 inter
516 4704 616 4755 cetera
631 4697 768 4755 vidimus
784 4680 941 4756 contineris
958 4683 1041 4757 qu⁰d
1057 4684 1089 4742 in
1104 4699 1185 4742 ³1¹110
1200 4685 1319 4743 dOmifli
1335 4684 1502 4742 MCCCXL

233 4806 320 4858 sexto
343 4802 373 4859 in
397 4801 447 4859 die
472 4801 572 4860 medie
603 4803 847 4877 quadragesime,
880 4802 1027 4876 magister
1049 4796 1226 4858 Demetrius
1257 4791 1501 4864 archydiaconus
