<?xml version="1.0" encoding="UTF-8"?>
<!DOCTYPE html PUBLIC "-//W3C//DTD XHTML 1.0 Transitional//EN"
    "http://www.w3.org/TR/xhtml1/DTD/xhtml1-transitional.dtd">
<html xmlns="http://www.w3.org/1999/xhtml" xml:lang="en" lang="en">
 <head>
  <title>
</title>
<meta http-equiv="Content-Type" content="text/html;charset=utf-8" />
  <meta name='ocr-system' content='tesseract 3.04.00' />
  <meta name='ocr-capabilities' content='ocr_page ocr_carea ocr_par ocr_line ocrx_word'/>
</head>
<body>
  <div class='ocr_page' id='page_1' title='image "./monumentahistor11laszgoog_0613.png"; bbox 0 0 3488 5242; ppageno 0'>
   <div class='ocr_carea' id='block_1_1' title="bbox 252 531 1519 1344">
    <p class='ocr_par' dir='ltr' id='par_1_1' title="bbox 252 531 1519 1344">
     <span class='ocr_line' id='line_1_1' title="bbox 256 531 1518 604; baseline 0.002 -16"><span class='ocrx_word' id='word_1_1' title='bbox 256 547 312 604; x_wconf 89' lang='lat' dir='ltr'><strong>per</strong></span> <span class='ocrx_word' id='word_1_2' title='bbox 334 532 416 590; x_wconf 88' lang='lat' dir='ltr'><strong>cives</strong></span> <span class='ocrx_word' id='word_1_3' title='bbox 440 532 572 589; x_wconf 88' lang='lat' dir='ltr'><strong>civitatis</strong></span> <span class='ocrx_word' id='word_1_4' title='bbox 596 532 709 589; x_wconf 91' lang='lat' dir='ltr'><strong>montis</strong></span> <span class='ocrx_word' id='word_1_5' title='bbox 732 531 915 589; x_wconf 89' lang='lat' dir='ltr'><strong>Grechensis</strong></span> <span class='ocrx_word' id='word_1_6' title='bbox 938 531 977 589; x_wconf 92' lang='lat' dir='ltr'><strong>de</strong></span> <span class='ocrx_word' id='word_1_7' title='bbox 1006 531 1157 604; x_wconf 87' lang='lat' dir='ltr'><strong>Zagrabia</strong></span> <span class='ocrx_word' id='word_1_8' title='bbox 1180 532 1217 589; x_wconf 91' lang='lat' dir='ltr'><strong>ad</strong></span> <span class='ocrx_word' id='word_1_9' title='bbox 1250 532 1437 590; x_wconf 88' lang='lat' dir='ltr'><strong>edificandas</strong></span> <span class='ocrx_word' id='word_1_10' title='bbox 1465 532 1518 590; x_wconf 92' lang='lat' dir='ltr'><strong>do·</strong></span> 
     </span>
     <span class='ocr_line' id='line_1_2' title="bbox 256 636 1518 712; baseline 0.002 -18"><span class='ocrx_word' id='word_1_11' title='bbox 256 653 323 695; x_wconf 90' lang='lat' dir='ltr'><strong>mos</strong></span> <span class='ocrx_word' id='word_1_12' title='bbox 347 636 552 696; x_wconf 89' lang='lat' dir='ltr'><strong>conducendis</strong></span> <span class='ocrx_word' id='word_1_13' title='bbox 576 639 606 695; x_wconf 92' lang='lat' dir='ltr'><strong>in</strong></span> <span class='ocrx_word' id='word_1_14' title='bbox 630 638 720 695; x_wconf 89' lang='lat' dir='ltr'><strong>dictis</strong></span> <span class='ocrx_word' id='word_1_15' title='bbox 743 638 886 712; x_wconf 91' lang='lat' dir='ltr'><strong>portibus</strong></span> <span class='ocrx_word' id='word_1_16' title='bbox 908 638 1030 694; x_wconf 91' lang='lat' dir='ltr'><strong>nullum</strong></span> <span class='ocrx_word' id='word_1_17' title='bbox 1053 639 1205 695; x_wconf 90' lang='lat' dir='ltr'><strong>tributum</strong></span> <span class='ocrx_word' id='word_1_18' title='bbox 1237 639 1319 710; x_wconf 86' lang='lat' dir='ltr'>exigi</span> <span class='ocrx_word' id='word_1_19' title='bbox 1343 637 1443 696; x_wconf 83' lang='lat' dir='ltr'><strong>lacere</strong></span> <span class='ocrx_word' id='word_1_20' title='bbox 1466 638 1518 695; x_wconf 90' lang='lat' dir='ltr'><strong>de·</strong></span> 
     </span>
     <span class='ocr_line' id='line_1_3' title="bbox 254 743 1519 816; baseline 0.002 -17"><span class='ocrx_word' id='word_1_21' title='bbox 254 743 415 813; x_wconf 88' lang='lat' dir='ltr'><strong>beremus;</strong></span> <span class='ocrx_word' id='word_1_22' title='bbox 439 758 497 816; x_wconf 94' lang='lat' dir='ltr'><strong>pro</strong></span> <span class='ocrx_word' id='word_1_23' title='bbox 520 759 556 800; x_wconf 91' lang='lat' dir='ltr'><strong>eo</strong></span> <span class='ocrx_word' id='word_1_24' title='bbox 571 749 674 800; x_wconf 85' lang='lat' dir='ltr'>vestre</span> <span class='ocrx_word' id='word_1_25' title='bbox 693 743 853 801; x_wconf 91' lang='lat' dir='ltr'><strong>dileccioni</strong></span> <span class='ocrx_word' id='word_1_26' title='bbox 869 744 1092 800; x_wconf 80' lang='lat' dir='ltr'><strong>committimus</strong></span> <span class='ocrx_word' id='word_1_27' title='bbox 1108 750 1138 801; x_wconf 94' lang='lat' dir='ltr'><strong>et</strong></span> <span class='ocrx_word' id='word_1_28' title='bbox 1154 743 1346 813; x_wconf 85' lang='lat' dir='ltr'><strong>mandamus,</strong></span> <span class='ocrx_word' id='word_1_29' title='bbox 1366 751 1519 816; x_wconf 88' lang='lat' dir='ltr'><strong>quatenus</strong></span> 
     </span>
     <span class='ocr_line' id='line_1_4' title="bbox 254 847 1516 923; baseline 0.002 -19"><span class='ocrx_word' id='word_1_30' title='bbox 254 847 292 904; x_wconf 90' lang='lat' dir='ltr'><strong>de</strong></span> <span class='ocrx_word' id='word_1_31' title='bbox 315 848 408 921; x_wconf 88' lang='lat' dir='ltr'><strong>lignis</strong></span> <span class='ocrx_word' id='word_1_32' title='bbox 430 849 616 923; x_wconf 88' lang='lat' dir='ltr'><strong>supradictis</strong></span> <span class='ocrx_word' id='word_1_33' title='bbox 638 864 735 922; x_wconf 89' lang='lat' dir='ltr'><strong>usque</strong></span> <span class='ocrx_word' id='word_1_34' title='bbox 759 855 882 923; x_wconf 89' lang='lat' dir='ltr'><strong>tempus</strong></span> <span class='ocrx_word' id='word_1_35' title='bbox 910 848 1065 921; x_wconf 87' lang='lat' dir='ltr'><strong>prefixum</strong></span> <span class='ocrx_word' id='word_1_36' title='bbox 1088 850 1129 905; x_wconf 90' lang='lat' dir='ltr'><strong>ab</strong></span> <span class='ocrx_word' id='word_1_37' title='bbox 1151 848 1268 905; x_wconf 89' lang='lat' dir='ltr'><strong>eisdem</strong></span> <span class='ocrx_word' id='word_1_38' title='bbox 1295 848 1417 906; x_wconf 87' lang='lat' dir='ltr'><strong>civibus</strong></span> <span class='ocrx_word' id='word_1_39' title='bbox 1448 851 1516 907; x_wconf 91' lang='lat' dir='ltr'><strong>nul·</strong></span> 
     </span>
     <span class='ocr_line' id='line_1_5' title="bbox 253 952 1515 1027; baseline 0.001 -17"><span class='ocrx_word' id='word_1_40' title='bbox 253 954 319 1011; x_wconf 92' lang='lat' dir='ltr'><strong>lum</strong></span> <span class='ocrx_word' id='word_1_41' title='bbox 343 954 494 1011; x_wconf 89' lang='lat' dir='ltr'><strong>tributum</strong></span> <span class='ocrx_word' id='word_1_42' title='bbox 519 956 642 1027; x_wconf 84' lang='lat' dir='ltr'><strong>exigere</strong></span> <span class='ocrx_word' id='word_1_43' title='bbox 665 962 694 1012; x_wconf 94' lang='lat' dir='ltr'><strong>et</strong></span> <span class='ocrx_word' id='word_1_44' title='bbox 717 971 772 1012; x_wconf 94' lang='lat' dir='ltr'><strong>nec</strong></span> <span class='ocrx_word' id='word_1_45' title='bbox 795 955 877 1026; x_wconf 81' lang='lat' dir='ltr'><strong>exigi</strong></span> <span class='ocrx_word' id='word_1_46' title='bbox 901 952 1001 1010; x_wconf 83' lang='lat' dir='ltr'><strong>lacere</strong></span> <span class='ocrx_word' id='word_1_47' title='bbox 1024 952 1179 1020; x_wconf 90' lang='lat' dir='ltr'><strong>debeatis;</strong></span> <span class='ocrx_word' id='word_1_48' title='bbox 1207 959 1236 1010; x_wconf 95' lang='lat' dir='ltr'><strong>et</strong></span> <span class='ocrx_word' id='word_1_49' title='bbox 1259 952 1344 1010; x_wconf 85' lang='lat' dir='ltr'><strong>aliud</strong></span> <span class='ocrx_word' id='word_1_50' title='bbox 1368 969 1429 1011; x_wconf 93' lang='lat' dir='ltr'><strong>non</strong></span> <span class='ocrx_word' id='word_1_51' title='bbox 1453 952 1515 1011; x_wconf 85' lang='lat' dir='ltr'><strong>iac-</strong></span> 
     </span>
     <span class='ocr_line' id='line_1_6' title="bbox 253 1057 1516 1135; baseline -0.001 -19"><span class='ocrx_word' id='word_1_52' title='bbox 253 1061 321 1117; x_wconf 92' lang='lat' dir='ltr'><strong>turi.</strong></span> <span class='ocrx_word' id='word_1_53' title='bbox 344 1060 459 1117; x_wconf 89' lang='lat' dir='ltr'><strong>Datum</strong></span> <span class='ocrx_word' id='word_1_54' title='bbox 484 1061 513 1118; x_wconf 91' lang='lat' dir='ltr'><strong>in</strong></span> <span class='ocrx_word' id='word_1_55' title='bbox 537 1061 703 1135; x_wconf 87' lang='lat' dir='ltr'><strong>campestri</strong></span> <span class='ocrx_word' id='word_1_56' title='bbox 725 1061 811 1132; x_wconf 88' lang='lat' dir='ltr'><strong>regio</strong></span> <span class='ocrx_word' id='word_1_57' title='bbox 835 1060 969 1117; x_wconf 90' lang='lat' dir='ltr'><strong>exercitu</strong></span> <span class='ocrx_word' id='word_1_58' title='bbox 986 1075 1083 1133; x_wconf 87' lang='lat' dir='ltr'><strong>prope</strong></span> <span class='ocrx_word' id='word_1_59' title='bbox 1098 1059 1211 1116; x_wconf 88' lang='lat' dir='ltr'><strong>villam</strong></span> <span class='ocrx_word' id='word_1_60' title='bbox 1226 1057 1343 1127; x_wconf 89' lang='lat' dir='ltr'><strong>Hudos,</strong></span> <span class='ocrx_word' id='word_1_61' title='bbox 1360 1058 1516 1117; x_wconf 90' lang='lat' dir='ltr'><strong>dominico</strong></span> 
     </span>
     <span class='ocr_line' id='line_1_7' title="bbox 252 1163 1515 1240; baseline -0.001 -18"><span class='ocrx_word' id='word_1_62' title='bbox 252 1165 303 1224; x_wconf 89' lang='lat' dir='ltr'><strong>die</strong></span> <span class='ocrx_word' id='word_1_63' title='bbox 325 1167 470 1240; x_wconf 91' lang='lat' dir='ltr'><strong>proximo</strong></span> <span class='ocrx_word' id='word_1_64' title='bbox 493 1174 563 1240; x_wconf 94' lang='lat' dir='ltr'><strong>post</strong></span> <span class='ocrx_word' id='word_1_65' title='bbox 586 1166 698 1224; x_wconf 84' lang='lat' dir='ltr'><strong>festum</strong></span> <span class='ocrx_word' id='word_1_66' title='bbox 723 1167 812 1223; x_wconf 90' lang='lat' dir='ltr'><strong>beate</strong></span> <span class='ocrx_word' id='word_1_67' title='bbox 835 1167 931 1233; x_wconf 84' lang='lat' dir='ltr'><strong>Anne,</strong></span> <span class='ocrx_word' id='word_1_68' title='bbox 947 1165 1055 1222; x_wconf 90' lang='lat' dir='ltr'><strong>matris</strong></span> <span class='ocrx_word' id='word_1_69' title='bbox 1079 1164 1180 1221; x_wconf 87' lang='lat' dir='ltr'><strong>Marie.</strong></span> <span class='ocrx_word' id='word_1_70' title='bbox 1205 1165 1294 1220; x_wconf 83' lang='lat' dir='ltr'><strong>Anno</strong></span> <span class='ocrx_word' id='word_1_71' title='bbox 1309 1163 1428 1221; x_wconf 92' lang='lat' dir='ltr'><strong>domini</strong></span> <span class='ocrx_word' id='word_1_72' title='bbox 1444 1165 1515 1221; x_wconf 90' lang='lat' dir='ltr'><strong>mil-</strong></span> 
     </span>
     <span class='ocr_line' id='line_1_8' title="bbox 252 1271 803 1344; baseline 0.002 -17"><span class='ocrx_word' id='word_1_73' title='bbox 252 1271 364 1328; x_wconf 90' lang='lat' dir='ltr'><strong>lesimo</strong></span> <span class='ocrx_word' id='word_1_74' title='bbox 387 1271 464 1328; x_wconf 90' lang='lat' dir='ltr'><strong>CCC</strong></span> <span class='ocrx_word' id='word_1_75' title='bbox 488 1273 686 1344; x_wconf 87' lang='lat' dir='ltr'><strong>nonagesimo</strong></span> <span class='ocrx_word' id='word_1_76' title='bbox 709 1277 803 1329; x_wconf 90' lang='lat' dir='ltr'><strong>sexto.</strong></span> 
     </span>
    </p>
   </div>
   <div class='ocr_carea' id='block_1_2' title="bbox 252 1405 1515 1560">
    <p class='ocr_par' dir='ltr' id='par_1_2' title="bbox 252 1405 1515 1560">
     <span class='ocr_line' id='line_1_9' title="bbox 341 1405 1515 1473; baseline -0.002 -17"><span class='ocrx_word' id='word_1_77' title='bbox 341 1407 480 1473; x_wconf 86' lang='lat' dir='ltr'><strong>Originale</strong></span> <span class='ocrx_word' id='word_1_78' title='bbox 501 1408 526 1456; x_wconf 93' lang='lat' dir='ltr'><strong>in</strong></span> <span class='ocrx_word' id='word_1_79' title='bbox 546 1407 643 1457; x_wconf 86' lang='lat' dir='ltr'><strong>charta.</strong></span> <span class='ocrx_word' id='word_1_80' title='bbox 663 1407 788 1473; x_wconf 85' lang='lat' dir='ltr'><strong>Sigillum</strong></span> <span class='ocrx_word' id='word_1_81' title='bbox 808 1406 906 1457; x_wconf 90' lang='lat' dir='ltr'><strong>coloris</strong></span> <span class='ocrx_word' id='word_1_82' title='bbox 925 1405 996 1471; x_wconf 84' lang='lat' dir='ltr'><strong>nigri</strong></span> <span class='ocrx_word' id='word_1_83' title='bbox 1019 1406 1181 1471; x_wconf 87' lang='lat' dir='ltr'><strong>impressum.</strong></span> <span class='ocrx_word' id='word_1_84' title='bbox 1209 1406 1238 1455; x_wconf 94' lang='lat' dir='ltr'><strong>ln</strong></span> <span class='ocrx_word' id='word_1_85' title='bbox 1264 1405 1372 1456; x_wconf 85' lang='lat' dir='ltr'><strong>archivo</strong></span> <span class='ocrx_word' id='word_1_86' title='bbox 1394 1405 1440 1455; x_wconf 92' lang='lat' dir='ltr'><strong>lib.</strong></span> <span class='ocrx_word' id='word_1_87' title='bbox 1461 1422 1515 1472; x_wconf 81' lang='lat' dir='ltr'><strong>reg·</strong></span> 
     </span>
     <span class='ocr_line' id='line_1_10' title="bbox 252 1494 447 1560; baseline -0.005 -17"><span class='ocrx_word' id='word_1_88' title='bbox 252 1494 323 1544; x_wconf 86' lang='lat' dir='ltr'><strong>civit.</strong></span> <span class='ocrx_word' id='word_1_89' title='bbox 343 1494 447 1560; x_wconf 85' lang='lat' dir='ltr'><strong>zagrab.</strong></span> 
     </span>
    </p>
   </div>
   <div class='ocr_carea' id='block_1_3' title="bbox 839 1743 933 1810">
    <p class='ocr_par' dir='ltr' id='par_1_3' title="bbox 839 1743 933 1810">
     <span class='ocr_line' id='line_1_11' title="bbox 839 1743 933 1810; baseline 0 -1"><span class='ocrx_word' id='word_1_90' title='bbox 839 1743 933 1810; x_wconf 80' lang='lat'><strong>390.</strong></span> 
     </span>
    </p>
   </div>
   <div class='ocr_carea' id='block_1_4' title="bbox 357 1902 826 1966">
    <p class='ocr_par' dir='ltr' id='par_1_4' title="bbox 357 1902 826 1966">
     <span class='ocr_line' id='line_1_12' title="bbox 357 1902 826 1966; baseline 0 -14"><span class='ocrx_word' id='word_1_91' title='bbox 357 1903 433 1953; x_wconf 79' lang='lat' dir='ltr'><strong>Anno</strong></span> <span class='ocrx_word' id='word_1_92' title='bbox 456 1902 530 1965; x_wconf 83' lang='lat'><strong>1396,</strong></span> <span class='ocrx_word' id='word_1_93' title='bbox 549 1917 573 1966; x_wconf 85' lang='lat'><strong>9.</strong></span> <span class='ocrx_word' id='word_1_94' title='bbox 592 1902 718 1954; x_wconf 87' lang='lat' dir='ltr'><strong>octobris.</strong></span> <span class='ocrx_word' id='word_1_95' title='bbox 738 1902 826 1953; x_wconf 90' lang='lat' dir='ltr'><strong>Crisii.</strong></span> 
     </span>
    </p>
   </div>
   <div class='ocr_carea' id='block_1_5' title="bbox 250 2043 1515 2228">
    <p class='ocr_par' dir='ltr' id='par_1_5' title="bbox 250 2043 1515 2228">
     <span class='ocr_line' id='line_1_13' title="bbox 250 2043 1515 2123; baseline 0.001 -19"><span class='ocrx_word' id='word_1_96' title='bbox 250 2047 402 2105; x_wconf 81' lang='lat' dir='ltr'><strong>Martinus</strong></span> <span class='ocrx_word' id='word_1_97' title='bbox 424 2048 505 2113; x_wconf 86' lang='lat' dir='ltr'><strong>Dcrs</strong></span> <span class='ocrx_word' id='word_1_98' title='bbox 527 2047 678 2105; x_wconf 72' lang='lat' dir='ltr'><strong>nitebanus</strong></span> <span class='ocrx_word' id='word_1_99' title='bbox 700 2048 796 2123; x_wconf 82' lang='lat' dir='ltr'><strong>refert,</strong></span> <span class='ocrx_word' id='word_1_100' title='bbox 819 2046 945 2105; x_wconf 80' lang='lat' dir='ltr'><strong>homines</strong></span> <span class='ocrx_word' id='word_1_101' title='bbox 959 2043 1085 2121; x_wconf 75' lang='lat' dir='ltr'><strong>episcopi</strong></span> <span class='ocrx_word' id='word_1_102' title='bbox 1097 2052 1125 2103; x_wconf 82' lang='lat' dir='ltr'><strong>et</strong></span> <span class='ocrx_word' id='word_1_103' title='bbox 1145 2046 1267 2119; x_wconf 80' lang='lat' dir='ltr'><strong>capituli</strong></span> <span class='ocrx_word' id='word_1_104' title='bbox 1286 2046 1403 2120; x_wconf 77' lang='lat' dir='ltr'><strong>zagrab.</strong></span> <span class='ocrx_word' id='word_1_105' title='bbox 1421 2048 1453 2104; x_wconf 83' lang='lat' dir='ltr'><strong>ni</strong></span> <span class='ocrx_word' id='word_1_106' title='bbox 1474 2066 1515 2105; x_wconf 79' lang='lat' dir='ltr'><strong>se·</strong></span> 
     </span>
     <span class='ocr_line' id='line_1_14' title="bbox 319 2151 1443 2228; baseline 0.001 -18"><span class='ocrx_word' id='word_1_107' title='bbox 319 2153 454 2212; x_wconf 82' lang='lat' dir='ltr'><strong>decimam</strong></span> <span class='ocrx_word' id='word_1_108' title='bbox 473 2161 588 2228; x_wconf 81' lang='lat' dir='ltr'><strong>partem</strong></span> <span class='ocrx_word' id='word_1_109' title='bbox 612 2153 782 2211; x_wconf 84' lang='lat' dir='ltr'><strong>decimarum</strong></span> <span class='ocrx_word' id='word_1_110' title='bbox 806 2153 913 2211; x_wconf 75' lang='lat' dir='ltr'><strong>civibus</strong></span> <span class='ocrx_word' id='word_1_111' title='bbox 941 2151 1149 2210; x_wconf 81' lang='lat' dir='ltr'><strong>Grechensibus</strong></span> <span class='ocrx_word' id='word_1_112' title='bbox 1170 2152 1290 2210; x_wconf 81' lang='lat' dir='ltr'><strong>debitam</strong></span> <span class='ocrx_word' id='word_1_113' title='bbox 1312 2154 1443 2225; x_wconf 80' lang='lat' dir='ltr'><strong>exegisse.</strong></span> 
     </span>
    </p>
   </div>
   <div class='ocr_carea' id='block_1_6' title="bbox 241 2313 1514 4483">
    <p class='ocr_par' dir='ltr' id='par_1_6' title="bbox 241 2313 1514 4483">
     <span class='ocr_line' id='line_1_15' title="bbox 336 2313 1514 2387; baseline 0.003 -16"><span class='ocrx_word' id='word_1_114' title='bbox 336 2313 400 2372; x_wconf 91' lang='lat' dir='ltr'><strong>Nos</strong></span> <span class='ocrx_word' id='word_1_115' title='bbox 424 2315 570 2386; x_wconf 86' lang='lat' dir='ltr'><strong>magister</strong></span> <span class='ocrx_word' id='word_1_116' title='bbox 593 2315 743 2372; x_wconf 88' lang='lat' dir='ltr'><strong>Martinus</strong></span> <span class='ocrx_word' id='word_1_117' title='bbox 773 2314 861 2385; x_wconf 86' lang='lat' dir='ltr'><strong>Ders,</strong></span> <span class='ocrx_word' id='word_1_118' title='bbox 891 2315 1059 2372; x_wconf 88' lang='lat' dir='ltr'><strong>vicebanus</strong></span> <span class='ocrx_word' id='word_1_119' title='bbox 1088 2321 1118 2371; x_wconf 88' lang='lat' dir='ltr'><strong>et</strong></span> <span class='ocrx_word' id='word_1_120' title='bbox 1148 2328 1251 2371; x_wconf 89' lang='lat' dir='ltr'><strong>comes</strong></span> <span class='ocrx_word' id='word_1_121' title='bbox 1284 2315 1456 2387; x_wconf 88' lang='lat' dir='ltr'><strong>crisyensis,</strong></span> <span class='ocrx_word' id='word_1_122' title='bbox 1479 2331 1514 2374; x_wconf 92' lang='lat' dir='ltr'><strong>ac</strong></span> 
     </span>
     <span class='ocr_line' id='line_1_16' title="bbox 247 2418 1511 2494; baseline 0.002 -17"><span class='ocrx_word' id='word_1_123' title='bbox 247 2418 364 2478; x_wconf 90' lang='lat' dir='ltr'><strong>iudices</strong></span> <span class='ocrx_word' id='word_1_124' title='bbox 395 2420 549 2478; x_wconf 89' lang='lat' dir='ltr'><strong>nobilium</strong></span> <span class='ocrx_word' id='word_1_125' title='bbox 579 2419 717 2477; x_wconf 89' lang='lat' dir='ltr'><strong>eiusdem</strong></span> <span class='ocrx_word' id='word_1_126' title='bbox 749 2421 919 2477; x_wconf 89' lang='lat' dir='ltr'><strong>comitatus.</strong></span> <span class='ocrx_word' id='word_1_127' title='bbox 952 2419 1100 2476; x_wconf 88' lang='lat' dir='ltr'><strong>Memorie</strong></span> <span class='ocrx_word' id='word_1_128' title='bbox 1131 2418 1394 2489; x_wconf 87' lang='lat' dir='ltr'><strong>commendamus,</strong></span> <span class='ocrx_word' id='word_1_129' title='bbox 1428 2421 1511 2494; x_wconf 90' lang='lat' dir='ltr'><strong>quod</strong></span> 
     </span>
     <span class='ocr_line' id='line_1_17' title="bbox 247 2525 1510 2598; baseline 0.002 -16"><span class='ocrx_word' id='word_1_130' title='bbox 247 2541 319 2582; x_wconf 92' lang='lat' dir='ltr'><strong>cum</strong></span> <span class='ocrx_word' id='word_1_131' title='bbox 342 2539 399 2583; x_wconf 93' lang='lat' dir='ltr'><strong>nos</strong></span> <span class='ocrx_word' id='word_1_132' title='bbox 421 2525 460 2582; x_wconf 90' lang='lat' dir='ltr'><strong>ad</strong></span> <span class='ocrx_word' id='word_1_133' title='bbox 484 2526 648 2583; x_wconf 88' lang='lat' dir='ltr'><strong>instantem</strong></span> <span class='ocrx_word' id='word_1_134' title='bbox 672 2526 857 2598; x_wconf 92' lang='lat' dir='ltr'><strong>peticionem</strong></span> <span class='ocrx_word' id='word_1_135' title='bbox 881 2526 1085 2598; x_wconf 87' lang='lat' dir='ltr'><strong>providorum</strong></span> <span class='ocrx_word' id='word_1_136' title='bbox 1114 2526 1264 2594; x_wconf 88' lang='lat' dir='ltr'><strong>virorum,</strong></span> <span class='ocrx_word' id='word_1_137' title='bbox 1288 2525 1405 2596; x_wconf 90' lang='lat' dir='ltr'><strong>iudicis,</strong></span> <span class='ocrx_word' id='word_1_138' title='bbox 1430 2528 1510 2584; x_wconf 89' lang='lat' dir='ltr'><strong>iura-</strong></span> 
     </span>
     <span class='ocr_line' id='line_1_18' title="bbox 247 2630 1513 2704; baseline 0.002 -16"><span class='ocrx_word' id='word_1_139' title='bbox 247 2636 351 2690; x_wconf 90' lang='lat' dir='ltr'><strong>torum</strong></span> <span class='ocrx_word' id='word_1_140' title='bbox 374 2639 404 2689; x_wconf 90' lang='lat' dir='ltr'><strong>et</strong></span> <span class='ocrx_word' id='word_1_141' title='bbox 427 2632 643 2689; x_wconf 89' lang='lat' dir='ltr'><strong>universorum</strong></span> <span class='ocrx_word' id='word_1_142' title='bbox 667 2633 784 2689; x_wconf 90' lang='lat' dir='ltr'><strong>civium</strong></span> <span class='ocrx_word' id='word_1_143' title='bbox 806 2631 939 2689; x_wconf 88' lang='lat' dir='ltr'><strong>civitatis</strong></span> <span class='ocrx_word' id='word_1_144' title='bbox 955 2632 1068 2688; x_wconf 89' lang='lat' dir='ltr'><strong>montis</strong></span> <span class='ocrx_word' id='word_1_145' title='bbox 1084 2630 1268 2688; x_wconf 88' lang='lat' dir='ltr'><strong>Grechensis</strong></span> <span class='ocrx_word' id='word_1_146' title='bbox 1292 2631 1330 2688; x_wconf 89' lang='lat' dir='ltr'><strong>de</strong></span> <span class='ocrx_word' id='word_1_147' title='bbox 1353 2631 1513 2704; x_wconf 88' lang='lat' dir='ltr'><strong>Zagrabia,</strong></span> 
     </span>
     <span class='ocr_line' id='line_1_19' title="bbox 245 2737 1511 2819; baseline 0.001 -25"><span class='ocrx_word' id='word_1_148' title='bbox 245 2737 386 2795; x_wconf 90' lang='lat' dir='ltr'><strong>nobilem</strong></span> <span class='ocrx_word' id='word_1_149' title='bbox 409 2738 512 2794; x_wconf 91' lang='lat' dir='ltr'><strong>virum</strong></span> <span class='ocrx_word' id='word_1_150' title='bbox 535 2738 715 2819; x_wconf 87' lang='lat' dir='ltr'><strong>Johannem,</strong></span> <span class='ocrx_word' id='word_1_151' title='bbox 740 2737 842 2795; x_wconf 92' lang='lat' dir='ltr'><strong>filium</strong></span> <span class='ocrx_word' id='word_1_152' title='bbox 870 2737 1000 2805; x_wconf 82' lang='lat' dir='ltr'><strong>Andree,</strong></span> <span class='ocrx_word' id='word_1_153' title='bbox 1019 2752 1116 2794; x_wconf 90' lang='lat' dir='ltr'><strong>unum</strong></span> <span class='ocrx_word' id='word_1_154' title='bbox 1133 2752 1170 2793; x_wconf 91' lang='lat' dir='ltr'><strong>ex</strong></span> <span class='ocrx_word' id='word_1_155' title='bbox 1186 2738 1284 2804; x_wconf 77' lang='lat' dir='ltr'><strong>nobis</strong></span> <span class='ocrx_word' id='word_1_156' title='bbox 1301 2738 1417 2795; x_wconf 90' lang='lat' dir='ltr'><strong>scilicet</strong></span> <span class='ocrx_word' id='word_1_157' title='bbox 1433 2738 1511 2795; x_wconf 90' lang='lat' dir='ltr'><strong>iudi·</strong></span> 
     </span>
     <span class='ocr_line' id='line_1_20' title="bbox 246 2841 1513 2916; baseline 0.002 -18"><span class='ocrx_word' id='word_1_158' title='bbox 246 2843 334 2899; x_wconf 92' lang='lat' dir='ltr'><strong>cibus</strong></span> <span class='ocrx_word' id='word_1_159' title='bbox 368 2842 531 2912; x_wconf 89' lang='lat' dir='ltr'><strong>nobilium,</strong></span> <span class='ocrx_word' id='word_1_160' title='bbox 563 2842 602 2899; x_wconf 90' lang='lat' dir='ltr'><strong>ad</strong></span> <span class='ocrx_word' id='word_1_161' title='bbox 634 2842 861 2914; x_wconf 87' lang='lat' dir='ltr'><strong>infrascriptam</strong></span> <span class='ocrx_word' id='word_1_162' title='bbox 898 2843 1130 2914; x_wconf 89' lang='lat' dir='ltr'><strong>inquisicionem</strong></span> <span class='ocrx_word' id='word_1_163' title='bbox 1168 2841 1339 2900; x_wconf 81' lang='lat' dir='ltr'><strong>faciendam</strong></span> <span class='ocrx_word' id='word_1_164' title='bbox 1375 2843 1513 2916; x_wconf 84' lang='lat' dir='ltr'><strong>legitime</strong></span> 
     </span>
     <span class='ocr_line' id='line_1_21' title="bbox 245 2946 1511 3016; baseline 0.002 -13"><span class='ocrx_word' id='word_1_165' title='bbox 245 2947 499 3016; x_wconf 89' lang='lat' dir='ltr'><strong>destinassemus;</strong></span> <span class='ocrx_word' id='word_1_166' title='bbox 524 2946 647 3004; x_wconf 91' lang='lat' dir='ltr'><strong>tandem</strong></span> <span class='ocrx_word' id='word_1_167' title='bbox 672 2946 756 3004; x_wconf 90' lang='lat' dir='ltr'><strong>idem</strong></span> <span class='ocrx_word' id='word_1_168' title='bbox 778 2946 888 3005; x_wconf 86' lang='lat' dir='ltr'><strong>exinde</strong></span> <span class='ocrx_word' id='word_1_169' title='bbox 911 2946 949 3004; x_wconf 91' lang='lat' dir='ltr'><strong>ad</strong></span> <span class='ocrx_word' id='word_1_170' title='bbox 974 2961 1030 3004; x_wconf 91' lang='lat' dir='ltr'><strong>nos</strong></span> <span class='ocrx_word' id='word_1_171' title='bbox 1060 2963 1203 3005; x_wconf 89' lang='lat' dir='ltr'><strong>reversus</strong></span> <span class='ocrx_word' id='word_1_172' title='bbox 1233 2948 1323 3005; x_wconf 94' lang='lat' dir='ltr'><strong>nobis</strong></span> <span class='ocrx_word' id='word_1_173' title='bbox 1346 2949 1452 3006; x_wconf 91' lang='lat' dir='ltr'><strong>retulit</strong></span> <span class='ocrx_word' id='word_1_174' title='bbox 1475 2964 1511 3007; x_wconf 92' lang='lat' dir='ltr'><strong>eo</strong></span> 
     </span>
     <span class='ocr_line' id='line_1_22' title="bbox 245 3051 1508 3127; baseline 0.002 -19"><span class='ocrx_word' id='word_1_175' title='bbox 245 3052 349 3121; x_wconf 88' lang='lat' dir='ltr'><strong>modo,</strong></span> <span class='ocrx_word' id='word_1_176' title='bbox 379 3051 462 3123; x_wconf 89' lang='lat' dir='ltr'><strong>quod</strong></span> <span class='ocrx_word' id='word_1_177' title='bbox 487 3053 553 3125; x_wconf 89' lang='lat' dir='ltr'><strong>ipse</strong></span> <span class='ocrx_word' id='word_1_178' title='bbox 575 3053 617 3109; x_wconf 89' lang='lat' dir='ltr'><strong>ab</strong></span> <span class='ocrx_word' id='word_1_179' title='bbox 640 3052 785 3109; x_wconf 89' lang='lat' dir='ltr'><strong>omnibus</strong></span> <span class='ocrx_word' id='word_1_180' title='bbox 815 3068 833 3109; x_wconf 89' lang='lat' dir='ltr'><strong>a</strong></span> <span class='ocrx_word' id='word_1_181' title='bbox 863 3054 978 3125; x_wconf 91' lang='lat' dir='ltr'><strong>quibus</strong></span> <span class='ocrx_word' id='word_1_182' title='bbox 1009 3052 1160 3109; x_wconf 86' lang='lat' dir='ltr'><strong>decuisset</strong></span> <span class='ocrx_word' id='word_1_183' title='bbox 1190 3060 1220 3110; x_wconf 91' lang='lat' dir='ltr'><strong>et</strong></span> <span class='ocrx_word' id='word_1_184' title='bbox 1243 3054 1379 3110; x_wconf 87' lang='lat' dir='ltr'><strong>licuisset</strong></span> <span class='ocrx_word' id='word_1_185' title='bbox 1403 3054 1508 3127; x_wconf 89' lang='lat' dir='ltr'><strong>palam</strong></span> 
     </span>
     <span class='ocr_line' id='line_1_23' title="bbox 245 3158 1511 3231; baseline 0.002 -17"><span class='ocrx_word' id='word_1_186' title='bbox 245 3164 275 3214; x_wconf 94' lang='lat' dir='ltr'><strong>et</strong></span> <span class='ocrx_word' id='word_1_187' title='bbox 298 3159 400 3215; x_wconf 90' lang='lat' dir='ltr'><strong>oculte</strong></span> <span class='ocrx_word' id='word_1_188' title='bbox 424 3158 588 3230; x_wconf 84' lang='lat' dir='ltr'><strong>diligenter</strong></span> <span class='ocrx_word' id='word_1_189' title='bbox 620 3158 803 3230; x_wconf 89' lang='lat' dir='ltr'><strong>inquirendo</strong></span> <span class='ocrx_word' id='word_1_190' title='bbox 835 3158 930 3215; x_wconf 88' lang='lat' dir='ltr'><strong>talem</strong></span> <span class='ocrx_word' id='word_1_191' title='bbox 962 3159 1000 3216; x_wconf 91' lang='lat' dir='ltr'><strong>de</strong></span> <span class='ocrx_word' id='word_1_192' title='bbox 1030 3158 1233 3231; x_wconf 87' lang='lat' dir='ltr'><strong>infrascriptis</strong></span> <span class='ocrx_word' id='word_1_193' title='bbox 1265 3160 1404 3217; x_wconf 89' lang='lat' dir='ltr'><strong>scivisset</strong></span> <span class='ocrx_word' id='word_1_194' title='bbox 1431 3162 1511 3217; x_wconf 88' lang='lat' dir='ltr'><strong>veri-</strong></span> 
     </span>
     <span class='ocr_line' id='line_1_24' title="bbox 244 3262 1512 3346; baseline 0.002 -26"><span class='ocrx_word' id='word_1_195' title='bbox 244 3269 346 3333; x_wconf 91' lang='lat' dir='ltr'><strong>tatem,</strong></span> <span class='ocrx_word' id='word_1_196' title='bbox 370 3264 454 3336; x_wconf 92' lang='lat' dir='ltr'><strong>quod</strong></span> <span class='ocrx_word' id='word_1_197' title='bbox 478 3262 621 3321; x_wconf 90' lang='lat' dir='ltr'><strong>dominus</strong></span> <span class='ocrx_word' id='word_1_198' title='bbox 644 3264 806 3346; x_wconf 88' lang='lat' dir='ltr'><strong>Johannes,</strong></span> <span class='ocrx_word' id='word_1_199' title='bbox 830 3264 994 3338; x_wconf 89' lang='lat' dir='ltr'><strong>episcopus</strong></span> <span class='ocrx_word' id='word_1_200' title='bbox 1017 3265 1145 3320; x_wconf 89' lang='lat' dir='ltr'><strong>ecclesie</strong></span> <span class='ocrx_word' id='word_1_201' title='bbox 1167 3264 1375 3336; x_wconf 87' lang='lat' dir='ltr'><strong>zagrabiensis</strong></span> <span class='ocrx_word' id='word_1_202' title='bbox 1398 3272 1427 3322; x_wconf 92' lang='lat' dir='ltr'><strong>et</strong></span> <span class='ocrx_word' id='word_1_203' title='bbox 1464 3282 1512 3323; x_wconf 92' lang='lat' dir='ltr'><strong>ca-</strong></span> 
     </span>
     <span class='ocr_line' id='line_1_25' title="bbox 243 3368 1507 3442; baseline 0.002 -17"><span class='ocrx_word' id='word_1_204' title='bbox 243 3369 379 3442; x_wconf 91' lang='lat' dir='ltr'><strong>pitulum</strong></span> <span class='ocrx_word' id='word_1_205' title='bbox 403 3369 464 3425; x_wconf 89' lang='lat' dir='ltr'><strong>loci</strong></span> <span class='ocrx_word' id='word_1_206' title='bbox 487 3368 625 3426; x_wconf 89' lang='lat' dir='ltr'><strong>eiusdem</strong></span> <span class='ocrx_word' id='word_1_207' title='bbox 648 3370 730 3426; x_wconf 90' lang='lat' dir='ltr'><strong>circa</strong></span> <span class='ocrx_word' id='word_1_208' title='bbox 759 3369 873 3426; x_wconf 88' lang='lat' dir='ltr'><strong>festum</strong></span> <span class='ocrx_word' id='word_1_209' title='bbox 903 3370 986 3426; x_wconf 90' lang='lat' dir='ltr'><strong>beati</strong></span> <span class='ocrx_word' id='word_1_210' title='bbox 1018 3369 1186 3440; x_wconf 88' lang='lat' dir='ltr'><strong>Mychaelis</strong></span> <span class='ocrx_word' id='word_1_211' title='bbox 1217 3370 1403 3441; x_wconf 82' lang='lat' dir='ltr'><strong>archangeli,</strong></span> <span class='ocrx_word' id='word_1_212' title='bbox 1425 3387 1507 3428; x_wconf 92' lang='lat' dir='ltr'><strong>nunc</strong></span> 
     </span>
     <span class='ocr_line' id='line_1_26' title="bbox 244 3473 1507 3548; baseline 0.003 -18"><span class='ocrx_word' id='word_1_213' title='bbox 244 3476 435 3547; x_wconf 89' lang='lat' dir='ltr'><strong>preteritum,</strong></span> <span class='ocrx_word' id='word_1_214' title='bbox 465 3475 567 3531; x_wconf 89' lang='lat' dir='ltr'><strong>missis</strong></span> <span class='ocrx_word' id='word_1_215' title='bbox 599 3475 755 3531; x_wconf 91' lang='lat' dir='ltr'><strong>nonnullis</strong></span> <span class='ocrx_word' id='word_1_216' title='bbox 786 3473 992 3532; x_wconf 82' lang='lat' dir='ltr'><strong>familiaribus</strong></span> <span class='ocrx_word' id='word_1_217' title='bbox 1023 3480 1052 3531; x_wconf 94' lang='lat' dir='ltr'><strong>et</strong></span> <span class='ocrx_word' id='word_1_218' title='bbox 1083 3476 1260 3531; x_wconf 89' lang='lat' dir='ltr'><strong>hominibus</strong></span> <span class='ocrx_word' id='word_1_219' title='bbox 1295 3475 1435 3548; x_wconf 89' lang='lat' dir='ltr'><strong>ipsorum</strong></span> <span class='ocrx_word' id='word_1_220' title='bbox 1467 3477 1507 3534; x_wconf 88' lang='lat' dir='ltr'><strong>ad</strong></span> 
     </span>
     <span class='ocr_line' id='line_1_27' title="bbox 243 3579 1507 3653; baseline 0.002 -17"><span class='ocrx_word' id='word_1_221' title='bbox 243 3581 433 3637; x_wconf 89' lang='lat' dir='ltr'><strong>territorium</strong></span> <span class='ocrx_word' id='word_1_222' title='bbox 457 3579 538 3637; x_wconf 88' lang='lat' dir='ltr'><strong>dicte</strong></span> <span class='ocrx_word' id='word_1_223' title='bbox 561 3581 702 3650; x_wconf 89' lang='lat' dir='ltr'><strong>civitatis,</strong></span> <span class='ocrx_word' id='word_1_224' title='bbox 727 3580 868 3637; x_wconf 91' lang='lat' dir='ltr'><strong>homines</strong></span> <span class='ocrx_word' id='word_1_225' title='bbox 892 3581 988 3653; x_wconf 90' lang='lat' dir='ltr'><strong>ipsius</strong></span> <span class='ocrx_word' id='word_1_226' title='bbox 1011 3581 1144 3638; x_wconf 89' lang='lat' dir='ltr'><strong>civitatis</strong></span> <span class='ocrx_word' id='word_1_227' title='bbox 1167 3580 1196 3637; x_wconf 93' lang='lat' dir='ltr'><strong>in</strong></span> <span class='ocrx_word' id='word_1_228' title='bbox 1222 3581 1291 3637; x_wconf 94' lang='lat' dir='ltr'><strong>loco</strong></span> <span class='ocrx_word' id='word_1_229' title='bbox 1314 3580 1507 3639; x_wconf 87' lang='lat' dir='ltr'><strong>koncharum</strong></span> 
     </span>
     <span class='ocr_line' id='line_1_28' title="bbox 241 3684 1507 3760; baseline 0.002 -18"><span class='ocrx_word' id='word_1_230' title='bbox 241 3687 427 3744; x_wconf 89' lang='lat' dir='ltr'><strong>sedecimam</strong></span> <span class='ocrx_word' id='word_1_231' title='bbox 451 3693 571 3759; x_wconf 90' lang='lat' dir='ltr'><strong>partem</strong></span> <span class='ocrx_word' id='word_1_232' title='bbox 594 3688 658 3743; x_wconf 89' lang='lat' dir='ltr'><strong>vini</strong></span> <span class='ocrx_word' id='word_1_233' title='bbox 682 3694 712 3743; x_wconf 94' lang='lat' dir='ltr'><strong>et</strong></span> <span class='ocrx_word' id='word_1_234' title='bbox 737 3686 862 3758; x_wconf 88' lang='lat' dir='ltr'><strong>frugum</strong></span> <span class='ocrx_word' id='word_1_235' title='bbox 886 3685 924 3743; x_wconf 90' lang='lat' dir='ltr'><strong>de</strong></span> <span class='ocrx_word' id='word_1_236' title='bbox 948 3685 1075 3742; x_wconf 88' lang='lat' dir='ltr'><strong>decimis</strong></span> <span class='ocrx_word' id='word_1_237' title='bbox 1100 3684 1291 3758; x_wconf 86' lang='lat' dir='ltr'><strong>prefatorum</strong></span> <span class='ocrx_word' id='word_1_238' title='bbox 1309 3685 1427 3744; x_wconf 89' lang='lat' dir='ltr'><strong>domini</strong></span> <span class='ocrx_word' id='word_1_239' title='bbox 1444 3689 1507 3760; x_wconf 89' lang='lat' dir='ltr'><strong>epi·</strong></span> 
     </span>
     <span class='ocr_line' id='line_1_29' title="bbox 242 3791 1510 3866; baseline 0 -18"><span class='ocrx_word' id='word_1_240' title='bbox 242 3793 327 3865; x_wconf 92' lang='lat' dir='ltr'><strong>scopi</strong></span> <span class='ocrx_word' id='word_1_241' title='bbox 358 3800 388 3850; x_wconf 87' lang='lat' dir='ltr'><strong>et</strong></span> <span class='ocrx_word' id='word_1_242' title='bbox 418 3793 545 3866; x_wconf 89' lang='lat' dir='ltr'><strong>capituli</strong></span> <span class='ocrx_word' id='word_1_243' title='bbox 570 3792 686 3849; x_wconf 90' lang='lat' dir='ltr'><strong>eisdem</strong></span> <span class='ocrx_word' id='word_1_244' title='bbox 718 3792 839 3849; x_wconf 84' lang='lat' dir='ltr'><strong>civibus</strong></span> <span class='ocrx_word' id='word_1_245' title='bbox 869 3791 1021 3864; x_wconf 91' lang='lat' dir='ltr'><strong>pertinere</strong></span> <span class='ocrx_word' id='word_1_246' title='bbox 1052 3797 1082 3847; x_wconf 90' lang='lat' dir='ltr'><strong>et</strong></span> <span class='ocrx_word' id='word_1_247' title='bbox 1112 3792 1153 3847; x_wconf 90' lang='lat' dir='ltr'><strong>ab</strong></span> <span class='ocrx_word' id='word_1_248' title='bbox 1183 3792 1310 3863; x_wconf 89' lang='lat' dir='ltr'><strong>antiquo</strong></span> <span class='ocrx_word' id='word_1_249' title='bbox 1345 3807 1402 3863; x_wconf 92' lang='lat' dir='ltr'><strong>pro</strong></span> <span class='ocrx_word' id='word_1_250' title='bbox 1435 3794 1510 3866; x_wconf 88' lang='lat' dir='ltr'><strong>ipsis</strong></span> 
     </span>
     <span class='ocr_line' id='line_1_30' title="bbox 241 3895 1508 3971; baseline 0.002 -18"><span class='ocrx_word' id='word_1_251' title='bbox 241 3898 323 3969; x_wconf 88' lang='lat' dir='ltr'><strong>exigi</strong></span> <span class='ocrx_word' id='word_1_252' title='bbox 346 3904 524 3954; x_wconf 88' lang='lat' dir='ltr'><strong>consvetam</strong></span> <span class='ocrx_word' id='word_1_253' title='bbox 553 3899 716 3970; x_wconf 88' lang='lat' dir='ltr'><strong>exigentes,</strong></span> <span class='ocrx_word' id='word_1_254' title='bbox 745 3898 912 3955; x_wconf 89' lang='lat' dir='ltr'><strong>enormiter</strong></span> <span class='ocrx_word' id='word_1_255' title='bbox 943 3895 1137 3953; x_wconf 89' lang='lat' dir='ltr'><strong>verberando</strong></span> <span class='ocrx_word' id='word_1_256' title='bbox 1173 3896 1316 3967; x_wconf 88' lang='lat' dir='ltr'><strong>ausugari</strong></span> <span class='ocrx_word' id='word_1_257' title='bbox 1339 3902 1368 3954; x_wconf 93' lang='lat' dir='ltr'><strong>et</strong></span> <span class='ocrx_word' id='word_1_258' title='bbox 1391 3898 1508 3971; x_wconf 92' lang='lat' dir='ltr'><strong>expelli</strong></span> 
     </span>
     <span class='ocr_line' id='line_1_31' title="bbox 242 4000 1508 4076; baseline 0.002 -18"><span class='ocrx_word' id='word_1_259' title='bbox 242 4000 383 4059; x_wconf 82' lang='lat' dir='ltr'><strong>fecissent</strong></span> <span class='ocrx_word' id='word_1_260' title='bbox 406 4008 436 4060; x_wconf 87' lang='lat' dir='ltr'><strong>et</strong></span> <span class='ocrx_word' id='word_1_261' title='bbox 459 4002 573 4060; x_wconf 87' lang='lat' dir='ltr'><strong>dictam</strong></span> <span class='ocrx_word' id='word_1_262' title='bbox 605 4003 790 4060; x_wconf 89' lang='lat' dir='ltr'><strong>sedecimam</strong></span> <span class='ocrx_word' id='word_1_263' title='bbox 822 4009 943 4076; x_wconf 87' lang='lat' dir='ltr'><strong>partem</strong></span> <span class='ocrx_word' id='word_1_264' title='bbox 975 4002 1070 4075; x_wconf 90' lang='lat' dir='ltr'><strong>ipsius</strong></span> <span class='ocrx_word' id='word_1_265' title='bbox 1100 4003 1162 4059; x_wconf 87' lang='lat' dir='ltr'><strong>vini</strong></span> <span class='ocrx_word' id='word_1_266' title='bbox 1195 4017 1252 4075; x_wconf 89' lang='lat' dir='ltr'><strong>pro</strong></span> <span class='ocrx_word' id='word_1_267' title='bbox 1283 4019 1315 4059; x_wconf 89' lang='lat' dir='ltr'><strong>se</strong></span> <span class='ocrx_word' id='word_1_268' title='bbox 1347 4004 1423 4076; x_wconf 90' lang='lat' dir='ltr'><strong>ipsis</strong></span> <span class='ocrx_word' id='word_1_269' title='bbox 1445 4005 1508 4061; x_wconf 86' lang='lat' dir='ltr'><strong>exi·</strong></span> 
     </span>
     <span class='ocr_line' id='line_1_32' title="bbox 242 4107 1507 4182; baseline 0.002 -18"><span class='ocrx_word' id='word_1_270' title='bbox 242 4109 343 4179; x_wconf 89' lang='lat' dir='ltr'><strong>gendo</strong></span> <span class='ocrx_word' id='word_1_271' title='bbox 366 4110 560 4182; x_wconf 88' lang='lat' dir='ltr'><strong>recepissent,</strong></span> <span class='ocrx_word' id='word_1_272' title='bbox 585 4109 713 4182; x_wconf 90' lang='lat' dir='ltr'><strong>propria</strong></span> <span class='ocrx_word' id='word_1_273' title='bbox 737 4110 877 4182; x_wconf 91' lang='lat' dir='ltr'><strong>ipsorum</strong></span> <span class='ocrx_word' id='word_1_274' title='bbox 900 4107 1043 4180; x_wconf 90' lang='lat' dir='ltr'><strong>potencia</strong></span> <span class='ocrx_word' id='word_1_275' title='bbox 1059 4107 1222 4178; x_wconf 88' lang='lat' dir='ltr'><strong>mediante,</strong></span> <span class='ocrx_word' id='word_1_276' title='bbox 1246 4108 1276 4164; x_wconf 91' lang='lat' dir='ltr'><strong>in</strong></span> <span class='ocrx_word' id='word_1_277' title='bbox 1301 4108 1507 4180; x_wconf 84' lang='lat' dir='ltr'><strong>preludicium</strong></span> 
     </span>
     <span class='ocr_line' id='line_1_33' title="bbox 241 4212 1504 4288; baseline 0.002 -18"><span class='ocrx_word' id='word_1_278' title='bbox 241 4213 384 4286; x_wconf 90' lang='lat' dir='ltr'><strong>ipsorum</strong></span> <span class='ocrx_word' id='word_1_279' title='bbox 409 4215 502 4271; x_wconf 88' lang='lat' dir='ltr'><strong>valde</strong></span> <span class='ocrx_word' id='word_1_280' title='bbox 517 4231 681 4288; x_wconf 73' lang='lat' dir='ltr'><strong>magnurm</strong></span> <span class='ocrx_word' id='word_1_281' title='bbox 706 4215 760 4271; x_wconf 90' lang='lat' dir='ltr'><strong>lite</strong></span> <span class='ocrx_word' id='word_1_282' title='bbox 784 4220 885 4271; x_wconf 89' lang='lat' dir='ltr'><strong>tamen</strong></span> <span class='ocrx_word' id='word_1_283' title='bbox 903 4212 1054 4285; x_wconf 91' lang='lat' dir='ltr'><strong>pendente</strong></span> <span class='ocrx_word' id='word_1_284' title='bbox 1070 4213 1149 4269; x_wconf 88' lang='lat' dir='ltr'><strong>inter</strong></span> <span class='ocrx_word' id='word_1_285' title='bbox 1164 4214 1255 4286; x_wconf 86' lang='lat' dir='ltr'><strong>ipsos</strong></span> <span class='ocrx_word' id='word_1_286' title='bbox 1272 4215 1388 4271; x_wconf 90' lang='lat' dir='ltr'><strong>Datum</strong></span> <span class='ocrx_word' id='word_1_287' title='bbox 1404 4214 1504 4285; x_wconf 88' lang='lat' dir='ltr'><strong>Crisii,</strong></span> 
     </span>
     <span class='ocr_line' id='line_1_34' title="bbox 245 4317 1509 4391; baseline 0.002 -17"><span class='ocrx_word' id='word_1_288' title='bbox 245 4318 276 4374; x_wconf 92' lang='lat' dir='ltr'><strong>in</strong></span> <span class='ocrx_word' id='word_1_289' title='bbox 300 4318 378 4377; x_wconf 82' lang='lat' dir='ltr'><strong>festo</strong></span> <span class='ocrx_word' id='word_1_290' title='bbox 402 4321 483 4377; x_wconf 91' lang='lat' dir='ltr'><strong>beati</strong></span> <span class='ocrx_word' id='word_1_291' title='bbox 506 4321 637 4378; x_wconf 89' lang='lat' dir='ltr'><strong>Dionisii</strong></span> <span class='ocrx_word' id='word_1_292' title='bbox 660 4321 803 4377; x_wconf 90' lang='lat' dir='ltr'><strong>martiris.</strong></span> <span class='ocrx_word' id='word_1_293' title='bbox 829 4322 917 4376; x_wconf 84' lang='lat' dir='ltr'><strong>Anno</strong></span> <span class='ocrx_word' id='word_1_294' title='bbox 941 4317 1056 4375; x_wconf 88' lang='lat' dir='ltr'><strong>domini</strong></span> <span class='ocrx_word' id='word_1_295' title='bbox 1081 4319 1249 4375; x_wconf 90' lang='lat' dir='ltr'><strong>millesimo</strong></span> <span class='ocrx_word' id='word_1_296' title='bbox 1274 4319 1351 4375; x_wconf 87' lang='lat' dir='ltr'><strong>CCC</strong></span> <span class='ocrx_word' id='word_1_297' title='bbox 1375 4335 1509 4391; x_wconf 88' lang='lat' dir='ltr'><strong>nonage-</strong></span> 
     </span>
     <span class='ocr_line' id='line_1_35' title="bbox 243 4424 439 4483; baseline 0.015 -3"><span class='ocrx_word' id='word_1_298' title='bbox 243 4424 323 4480; x_wconf 90' lang='lat' dir='ltr'><strong>simo</strong></span> <span class='ocrx_word' id='word_1_299' title='bbox 346 4432 439 4483; x_wconf 85' lang='lat' dir='ltr'><strong>sexto</strong></span> 
     </span>
    </p>
   </div>
   <div class='ocr_carea' id='block_1_7' title="bbox 242 4576 1507 4731">
    <p class='ocr_par' dir='ltr' id='par_1_7' title="bbox 242 4576 1507 4731">
     <span class='ocr_line' id='line_1_36' title="bbox 334 4576 1507 4643; baseline 0.001 -18"><span class='ocrx_word' id='word_1_300' title='bbox 334 4576 473 4642; x_wconf 83' lang='lat' dir='ltr'><strong>Originale</strong></span> <span class='ocrx_word' id='word_1_301' title='bbox 499 4577 526 4626; x_wconf 93' lang='lat' dir='ltr'><strong>in</strong></span> <span class='ocrx_word' id='word_1_302' title='bbox 545 4577 651 4633; x_wconf 86' lang='lat' dir='ltr'><strong>charta;</strong></span> <span class='ocrx_word' id='word_1_303' title='bbox 671 4577 782 4642; x_wconf 78' lang='lat' dir='ltr'><strong>uestigia</strong></span> <span class='ocrx_word' id='word_1_304' title='bbox 802 4577 916 4628; x_wconf 90' lang='lat' dir='ltr'><strong>duorum</strong></span> <span class='ocrx_word' id='word_1_305' title='bbox 931 4578 1117 4642; x_wconf 84' lang='lat' dir='ltr'><strong>impressorum</strong></span> <span class='ocrx_word' id='word_1_306' title='bbox 1132 4577 1283 4643; x_wconf 84' lang='lat' dir='ltr'><strong>sigillorum</strong></span> <span class='ocrx_word' id='word_1_307' title='bbox 1297 4593 1312 4627; x_wconf 88' lang='lat' dir='ltr'><strong>a</strong></span> <span class='ocrx_word' id='word_1_308' title='bbox 1325 4583 1409 4643; x_wconf 84' lang='lat' dir='ltr'><strong>tergo.</strong></span> <span class='ocrx_word' id='word_1_309' title='bbox 1425 4577 1454 4627; x_wconf 93' lang='lat' dir='ltr'><strong>ln</strong></span> <span class='ocrx_word' id='word_1_310' title='bbox 1468 4593 1507 4626; x_wconf 91' lang='lat' dir='ltr'><strong>ar·</strong></span> 
     </span>
     <span class='ocr_line' id='line_1_37' title="bbox 242 4662 679 4731; baseline 0.005 -18"><span class='ocrx_word' id='word_1_311' title='bbox 242 4662 321 4713; x_wconf 78' lang='lat' dir='ltr'><strong>chiro</strong></span> <span class='ocrx_word' id='word_1_312' title='bbox 340 4662 387 4713; x_wconf 90' lang='lat' dir='ltr'><strong>lib.</strong></span> <span class='ocrx_word' id='word_1_313' title='bbox 408 4679 463 4731; x_wconf 87' lang='lat' dir='ltr'><strong>reg.</strong></span> <span class='ocrx_word' id='word_1_314' title='bbox 484 4665 555 4715; x_wconf 83' lang='lat' dir='ltr'><strong>civit.</strong></span> <span class='ocrx_word' id='word_1_315' title='bbox 575 4665 679 4731; x_wconf 85' lang='lat' dir='ltr'><strong>zagrab.</strong></span> 
     </span>
    </p>
   </div>
   <div class='ocr_carea' id='block_1_8' title="bbox 0 0 1748 5242">
    <p class='ocr_par' dir='ltr' id='par_1_8' title="bbox 0 0 1748 5242">
     <span class='ocr_line' id='line_1_38' title="bbox 0 0 1748 5242; baseline 0 6"><span class='ocrx_word' id='word_1_316' title='bbox 0 0 1748 5242; x_wconf 95' lang='lat' dir='ltr'><strong> </strong></span> 
     </span>
    </p>
   </div>
  </div>
 </body>
</html>
