3488 5242
557 336 630 393 Dor.
648 348 703 411 39.
726 348 777 412 40.
800 367 841 376 ›—
868 335 923 392 An.
950 330 1164 410 1259-1261.

832 543 896 609 30·
1210 543 1213 547 ’
1377 560 1438 592 ῐιᾟῑ
1467 588 1469 590 .

338 654 385 700 An.
410 661 482 712 1:59.
504 660 527 708 3.
547 651 601 699 dec.
622 647 764 714 Anagniae.

232 779 402 836 Alexander
423 778 478 835 IV.
502 778 590 850 Papo
613 778 765 851 confirmat
785 777 963 834 donationem
991 778 1112 834 duorum
1131 777 1355 836 molendinorum
1381 779 1498 853 Zagro-

317 885 380 941 Μαι
403 904 421 940 o
447 885 519 940 Belo
544 883 598 940 IV.
614 884 731 958 factam
752 884 813 940 eccl.
838 883 861 939 b.
886 900 911 942 rr.
936 883 1057 939 Mariae
1080 881 1138 939 ord.
1168 883 1413 957 Cystercr'ensr'um.

322 1046 498 1103 Alexander
521 1047 685 1119 episcopus
709 1060 817 1102 servus
840 1059 1002 1101 servorum
1027 1043 1085 1101 dei.
1111 1044 1240 1102 Dilectis
1264 1044 1337 1103 filiis
1354 1092 1360 1105 .
1375 1092 1381 1104 .
1398 1048 1495 1122 priori

234 1162 262 1212 et
287 1154 451 1210 conventui
475 1153 653 1210 monasterii
677 1160 781 1209 sancte
806 1152 900 1208 llarie
923 1149 961 1208 de
985 1151 1086 1208 insula
1103 1150 1210 1223 egidii,
1234 1152 1435 1213 cisterciensis
1451 1169 1500 1213 or·

234 1259 322 1320 dinis.
354 1259 562 1332 zagabriensis
593 1256 753 1325 dioecesis,
785 1257 917 1314 salutem
950 1265 979 1313 et
1008 1257 1211 1329 apostolicam
1244 1257 1497 1319 benedictionem.

234 1366 313 1423 Cum
338 1365 468 1422 anobis
492 1364 607 1437 petitur
630 1362 714 1434 quod
738 1363 853 1420 iustum
877 1369 922 1418 est
952 1370 982 1419 et
1014 1363 1186 1432 honesturn,
1211 1368 1273 1423 tarn
1302 1365 1393 1437 vigor
1415 1367 1501 1440 equi·

235 1473 314 1539 tatis,
339 1486 431 1542 quarn
457 1469 534 1526 ordo
558 1469 653 1540 exigit
676 1469 813 1536 rationis,
836 1475 871 1525 ut
894 1466 924 1524 id
949 1483 1005 1540 per
1027 1466 1267 1524 sollicitudinem
1292 1456 1388 1528 officii
1403 1473 1500 1535 nostri

236 1576 272 1635 ad
299 1577 441 1634 debiturn
464 1574 652 1648 perducatur
681 1575 834 1632 effectum.
866 1572 945 1632 Sane
975 1573 1083 1646 petitio
1114 1580 1217 1630 vestra
1246 1575 1337 1632 nobis
1363 1577 1501 1637 exhibita

236 1683 419 1751 continebat,
445 1680 527 1754 quod
552 1682 729 1738 carissimus
753 1682 783 1738 in
807 1679 930 1737 Christo
955 1679 1038 1737 filius
1059 1686 1172 1750 noster,
1196 1680 1331 1753 Vngarie
1353 1699 1407 1741 rex
1430 1684 1502 1744 illu·

237 1789 317 1855 stris,
342 1787 404 1845 duo
428 1787 606 1845 molendina
629 1802 722 1860 super
745 1785 883 1855 fluvium,
915 1786 967 1857 qui
999 1763 1112 1843 terram
1143 1787 1351 1858 zagabriensis
1374 1790 1503 1863 capituli

238 1909 255 1949 a
279 1900 361 1950 terra
383 1894 472 1950 castri
498 1892 536 1950 de
559 1892 671 1963 Grech‚
692 1892 832 1950 eiusdem
852 1892 942 1964 regis,
958 1890 1078 1961 dividit,
1095 1892 1125 1949 in
1143 1892 1240 1966 ipsius
1254 1895 1346 1952 castri
1362 1895 1504 1954 districtu

239 2001 339 2073 posita
362 2007 389 2056 et
413 1999 451 2055 ad
476 1997 607 2055 eundem
638 2013 744 2069 regern
775 1998 952 2071 spectantia,
977 1998 1163 2055 monasterio
1191 2007 1294 2057 vestro
1318 2002 1403 2073 regia
1427 2002 1503 2061 llbe-
1541 2003 1542 2006 ’

238 2106 360 2162 ralitare
383 2105 518 2174 donavit,
543 2110 634 2177 prout
656 2105 685 2161 in
712 2104 821 2160 litteris
845 2104 941 2176 ipsius
964 2104 1046 2175 regis
1069 2102 1216 2161 confectis
1247 2105 1358 2164 exinde
1382 2108 1505 2181 plenius

239 2213 416 2269 continetur.
443 2211 504 2267 Nos
528 2212 631 2282 itaque
656 2210 766 2266 vestris
790 2210 934 2282 precibus
958 2210 1102 2279 inclinati,
1127 2209 1209 2281 quod
1234 2211 1275 2268 ab
1298 2210 1410 2271 eodem
1432 2229 1505 2287 rege

240 2317 354 2374 iactum
379 2326 424 2374 est
449 2319 556 2389 pieac
581 2315 710 2389 provide
742 2319 771 2372 in
804 2316 861 2372 hac
894 2324 989 2389 parte,
1018 2321 1120 2372 ratum
1142 2316 1291 2374 habentes
1314 2325 1343 2374 et
1367 2317 1504 2390 firmum,

239 2423 318 2480 illud
342 2425 522 2480 auctoritate
546 2424 716 2497 apostolica
741 2421 962 2479 confirmamus
985 2428 1014 2478 et
1037 2424 1187 2493 presentis
1210 2424 1317 2497 scripti
1334 2426 1505 2498 patrocinio

239 2531 475 2586 communimus.
500 2529 685 2585 Litterarum
710 2529 849 2601 ipsarum
873 2535 1011 2585 tenorem
1034 2527 1072 2585 de
1097 2529 1193 2586 verbo
1216 2529 1255 2586 ad
1279 2531 1413 2587 verbum
1434 2547 1504 2606 pre·

240 2635 377 2692 sentibus
393 2635 484 2691 inseri
501 2634 655 2703 facientes
668 2635 720 2705 qui
738 2634 809 2690 talis
825 2642 886 2690 est:
903 2629 987 2710 (vide
1003 2632 1069 2690 doc.
1084 2647 1133 2705 37,
1146 2632 1184 2690 de
1201 2633 1251 2691 die
1265 2649 1292 2707 3.
1305 2636 1385 2709 april
1402 2636 1506 2713 1259.)

241 2741 325 2798 Nulli
351 2757 424 2814 ergo
447 2742 573 2798 omnino
596 2740 758 2797 hominum
775 2739 865 2796 liceat
881 2740 958 2796 hanc
975 2740 1121 2812 paginam
1137 2746 1240 2796 nostre
1263 2739 1507 2799 confirmationis

241 2846 394 2918 infrigere.
421 2848 470 2903 vel
496 2849 522 2904 ei
547 2862 622 2903 ausu
647 2847 811 2902 temerario
842 2846 1000 2902 contraire.
1032 2843 1065 2903 Si
1096 2845 1165 2917 quis
1188 2852 1291 2902 autem
1315 2846 1374 2903 hoc
1396 2853 1506 2905 attem-

242 2960 329 3025 ptare
354 2954 586 3026 presumpserit.
611 2951 851 3024 indignationem
876 2952 1096 3024 omnipotentis
1119 2951 1168 3008 dei
1191 2959 1221 3009 et
1244 2952 1407 3010 beatorum
1423 2953 1507 3012 Petri

243 3068 271 3115 et
305 3059 390 3115 Pauli
422 3059 636 3130 apostolorum
668 3058 733 3115 eius
764 3073 795 3113 se
826 3058 946 3114 noverit
977 3059 1180 3114 incursurum.
1213 3057 1326 3115 Datum
1359 3061 1506 3132 Anagnie,

242 3166 281 3222 lll
307 3181 401 3222 nonas
426 3165 607 3222 decembris.
634 3163 831 3221 Pontificatus
854 3166 950 3221 nostri
973 3179 1053 3221 anno
1076 3165 1191 3236 quinto.

332 3317 471 3381 Originale
491 3318 517 3366 in
537 3319 695 3370 membrana.
721 3320 844 3383 plumbea
871 3319 1007 3382 pontificia
1032 3320 1106 3369 bulla
1132 3320 1262 3384 dependet
1288 3334 1302 3369 a
1325 3322 1424 3371 sericea
1443 3339 1507 3375 zona

245 3406 320 3454 rubri
342 3413 367 3455 et
386 3405 447 3454 flavi
469 3407 574 3455 coloris.
595 3405 624 3455 ln
644 3407 714 3455 arch.
735 3423 790 3456 ven.
808 3422 863 3471 cap.
878 3409 938 3456 eccl.
953 3409 1057 3472 zagrab.
1072 3408 1155 3474 Typis
1169 3408 1290 3471 vulgavit
1302 3410 1376 3474 Joan.
1391 3409 1507 3463 Tknldid.

245 3494 312 3544 Mon.
334 3496 393 3544 hist.
415 3496 492 3558 episc.
514 3496 617 3558 zagrab.
638 3498 689 3545 vol.
710 3495 729 3544 1.
750 3511 773 3560 p.
797 3506 854 3555 123.

845 3778 913 3844 40.
996 3763 999 3769 ’

351 3834 397 3879 An.
423 3831 495 3879 1261.

246 3958 349 4014 Morio
371 3959 472 4030 regino
496 3958 671 4030 Hmrgorioe
694 3958 800 4015 civibus
830 3958 1037 4017 Greckensibns
1059 3961 1181 4019 debitum
1203 3962 1388 4020 ducentorum
1403 3972 1510 4037 penso·

246 4083 318 4127 rum,
340 4082 413 4138 quus
435 4064 510 4120 bono
532 4066 682 4120 annuatim
699 4065 806 4121 solvere
828 4066 1003 4135 tenebuntur,
1022 4069 1147 4138 relaxat,
1163 4088 1277 4143 unoque
1298 4071 1423 4128 concedit
1442 4073 1511 4144 ἐρεῖς

577 4172 621 4226 ius
643 4170 809 4244 conferendi
828 4171 989 4244 beneficium
1004 4173 1182 4245 parochiale.

337 4351 433 4406 illaria
467 4348 516 4405 dei
551 4351 653 4420 gracia
688 4351 793 4422 regina
823 4350 987 4423 Hungarie.
1023 4353 1175 4410 Omnibus
1210 4353 1325 4412 Christi
1356 4354 1511 4423 fidelibus,

247 4464 404 4528 presentes
436 4456 553 4511 litteras
577 4456 759 4527 inspecturis
783 4456 915 4514 salutem
939 4458 968 4514 in
993 4473 1068 4515 vero
1093 4459 1229 4517 salutari.
1260 4458 1367 4518 Solent
1390 4462 1512 4536 scriptis

248 4561 346 4633 redigi
378 4559 458 4618 tacta
487 4562 657 4629 hominurn,
689 4578 726 4618 ne
753 4576 899 4635 processu
932 4565 1082 4637 temporis
1105 4579 1124 4621 a
1146 4566 1298 4623 memoria
1320 4565 1513 4626 delabantur.

248 4667 345 4739 Igitur
376 4667 414 4723 ad
446 4667 662 4723 universorum
694 4674 756 4723 tam
787 4669 983 4741 presencium
1014 4685 1106 4741 quarn
1137 4678 1333 4744 posterorum
1367 4673 1514 4731 noticiam

249 4773 459 4846 significamus
482 4772 596 4844 quibus
627 4771 753 4844 expedit
782 4788 839 4847 per
869 4775 1063 4847 presencium
1094 4782 1242 4847 tenorem,
1273 4775 1357 4850 quod
1387 4792 1468 4836 cum‘
1481 4780 1514 4838 in
