<?xml version="1.0" encoding="UTF-8"?>
<!DOCTYPE html PUBLIC "-//W3C//DTD XHTML 1.0 Transitional//EN"
    "http://www.w3.org/TR/xhtml1/DTD/xhtml1-transitional.dtd">
<html xmlns="http://www.w3.org/1999/xhtml" xml:lang="en" lang="en">
 <head>
  <title>
</title>
<meta http-equiv="Content-Type" content="text/html;charset=utf-8" />
  <meta name='ocr-system' content='tesseract 3.04.00' />
  <meta name='ocr-capabilities' content='ocr_page ocr_carea ocr_par ocr_line ocrx_word'/>
</head>
<body>
  <div class='ocr_page' id='page_1' title='image "./monumentahistor11laszgoog_0490.png"; bbox 0 0 3488 5242; ppageno 0'>
   <div class='ocr_carea' id='block_1_1' title="bbox 653 330 1497 413">
    <p class='ocr_par' dir='ltr' id='par_1_1' title="bbox 653 330 1497 413">
     <span class='ocr_line' id='line_1_1' title="bbox 653 330 1497 413; baseline -0.001 -16"><span class='ocrx_word' id='word_1_1' title='bbox 653 339 727 397; x_wconf 81' lang='lat' dir='ltr'>Dor.</span> <span class='ocrx_word' id='word_1_2' title='bbox 750 334 821 395; x_wconf 81' lang='lat'><em>262.</em></span> <span class='ocrx_word' id='word_1_3' title='bbox 848 370 885 381; x_wconf 93' lang='lat'>-</span> <span class='ocrx_word' id='word_1_4' title='bbox 911 336 967 395; x_wconf 87' lang='lat' dir='ltr'>An.</span> <span class='ocrx_word' id='word_1_5' title='bbox 993 330 1081 413; x_wconf 75' lang='lat'><em>1376.</em></span> <span class='ocrx_word' id='word_1_6' title='bbox 1437 352 1497 412; x_wconf 79' lang='lat'>253</span> 
     </span>
    </p>
   </div>
   <div class='ocr_carea' id='block_1_2' title="bbox 236 535 1507 4853">
    <p class='ocr_par' dir='ltr' id='par_1_2' title="bbox 236 535 1507 4853">
     <span class='ocr_line' id='line_1_2' title="bbox 236 535 1498 613; baseline -0.007 -12"><span class='ocrx_word' id='word_1_7' title='bbox 236 548 336 601; x_wconf 90' lang='lat' dir='ltr'>erecta</span> <span class='ocrx_word' id='word_1_8' title='bbox 359 547 389 599; x_wconf 91' lang='lat' dir='ltr'>et</span> <span class='ocrx_word' id='word_1_9' title='bbox 412 539 497 598; x_wconf 87' lang='lat' dir='ltr'>vadit</span> <span class='ocrx_word' id='word_1_10' title='bbox 528 556 586 613; x_wconf 92' lang='lat' dir='ltr'>per</span> <span class='ocrx_word' id='word_1_11' title='bbox 616 537 746 596; x_wconf 88' lang='lat' dir='ltr'>eandem</span> <span class='ocrx_word' id='word_1_12' title='bbox 775 537 893 594; x_wconf 88' lang='lat' dir='ltr'>vallem</span> <span class='ocrx_word' id='word_1_13' title='bbox 924 551 1032 594; x_wconf 92' lang='lat' dir='ltr'>versus</span> <span class='ocrx_word' id='word_1_14' title='bbox 1062 535 1315 609; x_wconf 84' lang='lat' dir='ltr'><strong>septemtrionem</strong></span> <span class='ocrx_word' id='word_1_15' title='bbox 1337 535 1498 607; x_wconf 90' lang='lat' dir='ltr'>perviam</span> 
     </span>
     <span class='ocr_line' id='line_1_3' title="bbox 236 639 1500 719; baseline -0.007 -13"><span class='ocrx_word' id='word_1_16' title='bbox 236 649 309 706; x_wconf 91' lang='lat' dir='ltr'>satis</span> <span class='ocrx_word' id='word_1_17' title='bbox 340 661 494 719; x_wconf 90' lang='lat' dir='ltr'>magnam,</span> <span class='ocrx_word' id='word_1_18' title='bbox 525 644 728 718; x_wconf 84' lang='lat' dir='ltr'>pervenitque</span> <span class='ocrx_word' id='word_1_19' title='bbox 758 641 798 699; x_wconf 94' lang='lat' dir='ltr'>ad</span> <span class='ocrx_word' id='word_1_20' title='bbox 829 643 953 700; x_wconf 88' lang='lat' dir='ltr'>vineam</span> <span class='ocrx_word' id='word_1_21' title='bbox 983 640 1072 698; x_wconf 93' lang='lat' dir='ltr'>Pauli</span> <span class='ocrx_word' id='word_1_22' title='bbox 1096 639 1185 712; x_wconf 86' lang='lat' dir='ltr'>fabri,</span> <span class='ocrx_word' id='word_1_23' title='bbox 1216 641 1270 698; x_wconf 92' lang='lat' dir='ltr'>ubi</span> <span class='ocrx_word' id='word_1_24' title='bbox 1295 645 1377 697; x_wconf 90' lang='lat' dir='ltr'>meta</span> <span class='ocrx_word' id='word_1_25' title='bbox 1401 646 1500 699; x_wconf 88' lang='lat' dir='ltr'>terrea</span> 
     </span>
     <span class='ocr_line' id='line_1_4' title="bbox 237 746 1501 824; baseline -0.006 -13"><span class='ocrx_word' id='word_1_26' title='bbox 237 759 283 811; x_wconf 89' lang='lat' dir='ltr'>est</span> <span class='ocrx_word' id='word_1_27' title='bbox 304 752 344 810; x_wconf 92' lang='lat' dir='ltr'>de</span> <span class='ocrx_word' id='word_1_28' title='bbox 364 767 447 809; x_wconf 92' lang='lat' dir='ltr'>novo</span> <span class='ocrx_word' id='word_1_29' title='bbox 468 751 639 809; x_wconf 89' lang='lat' dir='ltr'>sublevata.</span> <span class='ocrx_word' id='word_1_30' title='bbox 662 749 758 806; x_wconf 85' lang='lat' dir='ltr'>Terra</span> <span class='ocrx_word' id='word_1_31' title='bbox 780 749 884 821; x_wconf 91' lang='lat' dir='ltr'>itaque</span> <span class='ocrx_word' id='word_1_32' title='bbox 912 747 1002 805; x_wconf 90' lang='lat' dir='ltr'>metis</span> <span class='ocrx_word' id='word_1_33' title='bbox 1025 747 1184 824; x_wconf 75' lang='lat' dir='ltr'>premissis</span> <span class='ocrx_word' id='word_1_34' title='bbox 1207 746 1350 804; x_wconf 89' lang='lat' dir='ltr'>distincta</span> <span class='ocrx_word' id='word_1_35' title='bbox 1372 763 1390 805; x_wconf 92' lang='lat' dir='ltr'>a</span> <span class='ocrx_word' id='word_1_36' title='bbox 1413 752 1501 820; x_wconf 91' lang='lat' dir='ltr'>parte</span> 
     </span>
     <span class='ocr_line' id='line_1_5' title="bbox 237 852 1501 927; baseline -0.005 -11"><span class='ocrx_word' id='word_1_37' title='bbox 237 857 378 916; x_wconf 92' lang='lat' dir='ltr'>meridiei</span> <span class='ocrx_word' id='word_1_38' title='bbox 407 872 578 927; x_wconf 89' lang='lat' dir='ltr'>remanens,</span> <span class='ocrx_word' id='word_1_39' title='bbox 610 862 655 913; x_wconf 89' lang='lat' dir='ltr'>est</span> <span class='ocrx_word' id='word_1_40' title='bbox 686 855 802 913; x_wconf 91' lang='lat' dir='ltr'>civium</span> <span class='ocrx_word' id='word_1_41' title='bbox 832 855 895 912; x_wconf 91' lang='lat' dir='ltr'>vici</span> <span class='ocrx_word' id='word_1_42' title='bbox 925 854 1106 911; x_wconf 89' lang='lat' dir='ltr'>Latinorum</span> <span class='ocrx_word' id='word_1_43' title='bbox 1137 860 1166 910; x_wconf 91' lang='lat' dir='ltr'>et</span> <span class='ocrx_word' id='word_1_44' title='bbox 1196 858 1374 911; x_wconf 91' lang='lat' dir='ltr'>nostrorum</span> <span class='ocrx_word' id='word_1_45' title='bbox 1400 852 1501 911; x_wconf 90' lang='lat' dir='ltr'>idest</span> 
     </span>
     <span class='ocr_line' id='line_1_6' title="bbox 237 960 1501 1037; baseline -0.003 -17"><span class='ocrx_word' id='word_1_46' title='bbox 237 964 366 1037; x_wconf 91' lang='lat' dir='ltr'>capituli</span> <span class='ocrx_word' id='word_1_47' title='bbox 389 964 588 1032; x_wconf 88' lang='lat' dir='ltr'>colonorum;</span> <span class='ocrx_word' id='word_1_48' title='bbox 618 967 700 1019; x_wconf 91' lang='lat' dir='ltr'>terra</span> <span class='ocrx_word' id='word_1_49' title='bbox 731 975 807 1018; x_wconf 90' lang='lat' dir='ltr'>vero</span> <span class='ocrx_word' id='word_1_50' title='bbox 830 976 848 1017; x_wconf 98' lang='lat' dir='ltr'>a</span> <span class='ocrx_word' id='word_1_51' title='bbox 871 961 965 1033; x_wconf 86' lang='lat' dir='ltr'>plaga</span> <span class='ocrx_word' id='word_1_52' title='bbox 988 960 1233 1033; x_wconf 85' lang='lat' dir='ltr'>septemtrionali</span> <span class='ocrx_word' id='word_1_53' title='bbox 1256 962 1403 1019; x_wconf 83' lang='lat' dir='ltr'>existente</span> <span class='ocrx_word' id='word_1_54' title='bbox 1425 961 1501 1034; x_wconf 90' lang='lat' dir='ltr'>ipsis</span> 
     </span>
     <span class='ocr_line' id='line_1_7' title="bbox 237 1066 1501 1128; baseline -0.003 -2"><span class='ocrx_word' id='word_1_55' title='bbox 237 1067 386 1128; x_wconf 85' lang='lat' dir='ltr'>fratribus</span> <span class='ocrx_word' id='word_1_56' title='bbox 408 1069 576 1126; x_wconf 89' lang='lat' dir='ltr'>Heremitis</span> <span class='ocrx_word' id='word_1_57' title='bbox 606 1074 636 1125; x_wconf 93' lang='lat' dir='ltr'>et</span> <span class='ocrx_word' id='word_1_58' title='bbox 666 1082 775 1125; x_wconf 91' lang='lat' dir='ltr'>eorum</span> <span class='ocrx_word' id='word_1_59' title='bbox 806 1068 941 1124; x_wconf 91' lang='lat' dir='ltr'>claustro</span> <span class='ocrx_word' id='word_1_60' title='bbox 972 1072 1157 1124; x_wconf 87' lang='lat' dir='ltr'>remanente.</span> <span class='ocrx_word' id='word_1_61' title='bbox 1181 1068 1260 1124; x_wconf 89' lang='lat' dir='ltr'>Mete</span> <span class='ocrx_word' id='word_1_62' title='bbox 1282 1066 1501 1124; x_wconf 89' lang='lat' dir='ltr'>nichilominus</span> 
     </span>
     <span class='ocr_line' id='line_1_8' title="bbox 237 1173 1501 1249; baseline -0.002 -17"><span class='ocrx_word' id='word_1_63' title='bbox 237 1174 486 1249; x_wconf 87' lang='lat' dir='ltr'>supradictarum</span> <span class='ocrx_word' id='word_1_64' title='bbox 521 1173 745 1248; x_wconf 92' lang='lat' dir='ltr'>particularum</span> <span class='ocrx_word' id='word_1_65' title='bbox 775 1179 855 1230; x_wconf 90' lang='lat' dir='ltr'>terre</span> <span class='ocrx_word' id='word_1_66' title='bbox 886 1188 943 1246; x_wconf 92' lang='lat' dir='ltr'>per</span> <span class='ocrx_word' id='word_1_67' title='bbox 974 1173 1181 1246; x_wconf 88' lang='lat' dir='ltr'>prescriptum</span> <span class='ocrx_word' id='word_1_68' title='bbox 1216 1173 1401 1245; x_wconf 87' lang='lat' dir='ltr'>magistrum</span> <span class='ocrx_word' id='word_1_69' title='bbox 1436 1174 1501 1244; x_wconf 89' lang='lat' dir='ltr'>My·</span> 
     </span>
     <span class='ocr_line' id='line_1_9' title="bbox 238 1278 1501 1354; baseline -0.002 -16"><span class='ocrx_word' id='word_1_70' title='bbox 238 1282 377 1339; x_wconf 87' lang='lat' dir='ltr'>chaelem</span> <span class='ocrx_word' id='word_1_71' title='bbox 409 1296 467 1354; x_wconf 92' lang='lat' dir='ltr'>pro</span> <span class='ocrx_word' id='word_1_72' title='bbox 495 1296 536 1352; x_wconf 89' lang='lat' dir='ltr'>se,</span> <span class='ocrx_word' id='word_1_73' title='bbox 567 1286 601 1337; x_wconf 90' lang='lat' dir='ltr'>ut</span> <span class='ocrx_word' id='word_1_74' title='bbox 632 1280 830 1353; x_wconf 89' lang='lat' dir='ltr'>premittitur,</span> <span class='ocrx_word' id='word_1_75' title='bbox 862 1284 893 1335; x_wconf 93' lang='lat' dir='ltr'>et</span> <span class='ocrx_word' id='word_1_76' title='bbox 922 1278 1060 1352; x_wconf 87' lang='lat' dir='ltr'>predicta</span> <span class='ocrx_word' id='word_1_77' title='bbox 1083 1278 1212 1336; x_wconf 89' lang='lat' dir='ltr'>ecclesia</span> <span class='ocrx_word' id='word_1_78' title='bbox 1235 1295 1290 1336; x_wconf 90' lang='lat' dir='ltr'>sua</span> <span class='ocrx_word' id='word_1_79' title='bbox 1314 1278 1448 1336; x_wconf 89' lang='lat' dir='ltr'>excisam</span> <span class='ocrx_word' id='word_1_80' title='bbox 1472 1284 1501 1334; x_wconf 90' lang='lat' dir='ltr'>et</span> 
     </span>
     <span class='ocr_line' id='line_1_10' title="bbox 237 1384 1502 1459; baseline -0.002 -16"><span class='ocrx_word' id='word_1_81' title='bbox 237 1391 427 1444; x_wconf 88' lang='lat' dir='ltr'>reservatam</span> <span class='ocrx_word' id='word_1_82' title='bbox 446 1392 623 1459; x_wconf 87' lang='lat' dir='ltr'>separantes</span> <span class='ocrx_word' id='word_1_83' title='bbox 645 1391 675 1442; x_wconf 91' lang='lat' dir='ltr'>et</span> <span class='ocrx_word' id='word_1_84' title='bbox 698 1384 927 1456; x_wconf 82' lang='lat' dir='ltr'>distinguentes,</span> <span class='ocrx_word' id='word_1_85' title='bbox 950 1386 1009 1443; x_wconf 88' lang='lat' dir='ltr'>hoc</span> <span class='ocrx_word' id='word_1_86' title='bbox 1033 1384 1140 1442; x_wconf 92' lang='lat' dir='ltr'>ordine</span> <span class='ocrx_word' id='word_1_87' title='bbox 1155 1384 1380 1459; x_wconf 89' lang='lat' dir='ltr'>proceduntur:</span> <span class='ocrx_word' id='word_1_88' title='bbox 1397 1384 1502 1442; x_wconf 91' lang='lat' dir='ltr'>Prima</span> 
     </span>
     <span class='ocr_line' id='line_1_11' title="bbox 238 1491 1501 1565; baseline -0.002 -16"><span class='ocrx_word' id='word_1_89' title='bbox 238 1493 341 1565; x_wconf 90' lang='lat' dir='ltr'>itaque</span> <span class='ocrx_word' id='word_1_90' title='bbox 363 1498 447 1549; x_wconf 89' lang='lat' dir='ltr'>meta</span> <span class='ocrx_word' id='word_1_91' title='bbox 462 1492 570 1564; x_wconf 89' lang='lat' dir='ltr'>incipit</span> <span class='ocrx_word' id='word_1_92' title='bbox 585 1492 617 1549; x_wconf 95' lang='lat' dir='ltr'>in</span> <span class='ocrx_word' id='word_1_93' title='bbox 633 1491 810 1564; x_wconf 89' lang='lat' dir='ltr'>supradicta</span> <span class='ocrx_word' id='word_1_94' title='bbox 827 1497 909 1548; x_wconf 87' lang='lat' dir='ltr'>meta</span> <span class='ocrx_word' id='word_1_95' title='bbox 925 1497 1024 1548; x_wconf 90' lang='lat' dir='ltr'>terrea</span> <span class='ocrx_word' id='word_1_96' title='bbox 1042 1507 1142 1565; x_wconf 86' lang='lat' dir='ltr'>prope</span> <span class='ocrx_word' id='word_1_97' title='bbox 1159 1499 1360 1549; x_wconf 89' lang='lat' dir='ltr'>memoratam</span> <span class='ocrx_word' id='word_1_98' title='bbox 1378 1492 1501 1549; x_wconf 92' lang='lat' dir='ltr'>vineam</span> 
     </span>
     <span class='ocr_line' id='line_1_12' title="bbox 240 1596 1501 1670; baseline -0.001 -16"><span class='ocrx_word' id='word_1_99' title='bbox 240 1598 327 1655; x_wconf 92' lang='lat' dir='ltr'>Pauli</span> <span class='ocrx_word' id='word_1_100' title='bbox 345 1597 425 1655; x_wconf 87' lang='lat' dir='ltr'>labri</span> <span class='ocrx_word' id='word_1_101' title='bbox 442 1598 631 1667; x_wconf 89' lang='lat' dir='ltr'>existentem,</span> <span class='ocrx_word' id='word_1_102' title='bbox 647 1613 664 1653; x_wconf 92' lang='lat' dir='ltr'>a</span> <span class='ocrx_word' id='word_1_103' title='bbox 688 1612 749 1670; x_wconf 92' lang='lat' dir='ltr'>qua</span> <span class='ocrx_word' id='word_1_104' title='bbox 764 1596 930 1654; x_wconf 87' lang='lat' dir='ltr'>reflectitur</span> <span class='ocrx_word' id='word_1_105' title='bbox 948 1597 987 1654; x_wconf 94' lang='lat' dir='ltr'>ad</span> <span class='ocrx_word' id='word_1_106' title='bbox 1003 1599 1151 1655; x_wconf 87' lang='lat' dir='ltr'>orientem</span> <span class='ocrx_word' id='word_1_107' title='bbox 1176 1598 1291 1655; x_wconf 91' lang='lat' dir='ltr'>directe</span> <span class='ocrx_word' id='word_1_108' title='bbox 1313 1603 1343 1655; x_wconf 88' lang='lat' dir='ltr'>et</span> <span class='ocrx_word' id='word_1_109' title='bbox 1365 1596 1501 1654; x_wconf 90' lang='lat' dir='ltr'>ascendit</span> 
     </span>
     <span class='ocr_line' id='line_1_13' title="bbox 240 1703 1501 1776; baseline -0.001 -16"><span class='ocrx_word' id='word_1_110' title='bbox 240 1704 395 1776; x_wconf 87' lang='lat' dir='ltr'>quendam</span> <span class='ocrx_word' id='word_1_111' title='bbox 419 1711 565 1774; x_wconf 89' lang='lat' dir='ltr'>montem,</span> <span class='ocrx_word' id='word_1_112' title='bbox 588 1703 643 1760; x_wconf 92' lang='lat' dir='ltr'>ubi</span> <span class='ocrx_word' id='word_1_113' title='bbox 666 1710 712 1759; x_wconf 91' lang='lat' dir='ltr'>est</span> <span class='ocrx_word' id='word_1_114' title='bbox 735 1703 830 1760; x_wconf 75' lang='lat' dir='ltr'>arbor</span> <span class='ocrx_word' id='word_1_115' title='bbox 850 1703 930 1761; x_wconf 91' lang='lat' dir='ltr'>ilicis</span> <span class='ocrx_word' id='word_1_116' title='bbox 952 1709 1035 1761; x_wconf 92' lang='lat' dir='ltr'>meta</span> <span class='ocrx_word' id='word_1_117' title='bbox 1058 1709 1157 1761; x_wconf 89' lang='lat' dir='ltr'>terrea</span> <span class='ocrx_word' id='word_1_118' title='bbox 1177 1704 1375 1775; x_wconf 84' lang='lat' dir='ltr'>circumdata,</span> <span class='ocrx_word' id='word_1_119' title='bbox 1392 1703 1501 1760; x_wconf 86' lang='lat' dir='ltr'>exhinc</span> 
     </span>
     <span class='ocr_line' id='line_1_14' title="bbox 239 1790 1500 1883; baseline -0.001 -17"><span class='ocrx_word' id='word_1_120' title='bbox 239 1809 354 1866; x_wconf 86' lang='lat' dir='ltr'>directe</span> <span class='ocrx_word' id='word_1_121' title='bbox 385 1809 583 1883; x_wconf 86' lang='lat' dir='ltr'>progreditur</span> <span class='ocrx_word' id='word_1_122' title='bbox 614 1825 721 1866; x_wconf 88' lang='lat' dir='ltr'>versus</span> <span class='ocrx_word' id='word_1_123' title='bbox 752 1809 883 1866; x_wconf 92' lang='lat' dir='ltr'>eundem</span> <span class='ocrx_word' id='word_1_124' title='bbox 914 1810 1064 1866; x_wconf 87' lang='lat' dir='ltr'>orientem</span> <span class='ocrx_word' id='word_1_125' title='bbox 1094 1815 1124 1866; x_wconf 92' lang='lat' dir='ltr'>et</span> <span class='ocrx_word' id='word_1_126' title='bbox 1147 1790 1312 1883; x_wconf 71' lang='lat' dir='ltr'>pertransit</span> <span class='ocrx_word' id='word_1_127' title='bbox 1346 1809 1500 1882; x_wconf 90' lang='lat' dir='ltr'>quandam</span> 
     </span>
     <span class='ocr_line' id='line_1_15' title="bbox 240 1914 1501 1988; baseline 0 -18"><span class='ocrx_word' id='word_1_128' title='bbox 240 1915 356 1971; x_wconf 88' lang='lat' dir='ltr'>vallem</span> <span class='ocrx_word' id='word_1_129' title='bbox 389 1931 532 1986; x_wconf 90' lang='lat' dir='ltr'>magnam</span> <span class='ocrx_word' id='word_1_130' title='bbox 566 1922 595 1972; x_wconf 92' lang='lat' dir='ltr'>et</span> <span class='ocrx_word' id='word_1_131' title='bbox 619 1915 758 1987; x_wconf 88' lang='lat' dir='ltr'>pervenit</span> <span class='ocrx_word' id='word_1_132' title='bbox 781 1915 819 1971; x_wconf 93' lang='lat' dir='ltr'>ad</span> <span class='ocrx_word' id='word_1_133' title='bbox 844 1914 1000 1988; x_wconf 92' lang='lat' dir='ltr'>quandam</span> <span class='ocrx_word' id='word_1_134' title='bbox 1023 1916 1107 1971; x_wconf 91' lang='lat' dir='ltr'>viam</span> <span class='ocrx_word' id='word_1_135' title='bbox 1131 1915 1210 1971; x_wconf 88' lang='lat' dir='ltr'>circa</span> <span class='ocrx_word' id='word_1_136' title='bbox 1235 1930 1329 1987; x_wconf 90' lang='lat' dir='ltr'>quam</span> <span class='ocrx_word' id='word_1_137' title='bbox 1352 1921 1397 1971; x_wconf 86' lang='lat' dir='ltr'>est</span> <span class='ocrx_word' id='word_1_138' title='bbox 1420 1919 1501 1971; x_wconf 87' lang='lat' dir='ltr'>meta</span> 
     </span>
     <span class='ocr_line' id='line_1_16' title="bbox 239 2019 1502 2094; baseline -0.001 -17"><span class='ocrx_word' id='word_1_139' title='bbox 239 2027 346 2088; x_wconf 89' lang='lat' dir='ltr'>terrea,</span> <span class='ocrx_word' id='word_1_140' title='bbox 375 2022 487 2078; x_wconf 91' lang='lat' dir='ltr'>arbore</span> <span class='ocrx_word' id='word_1_141' title='bbox 519 2022 597 2078; x_wconf 88' lang='lat' dir='ltr'>ilicis</span> <span class='ocrx_word' id='word_1_142' title='bbox 628 2036 725 2094; x_wconf 89' lang='lat' dir='ltr'>parva</span> <span class='ocrx_word' id='word_1_143' title='bbox 756 2022 785 2078; x_wconf 91' lang='lat' dir='ltr'>in</span> <span class='ocrx_word' id='word_1_144' title='bbox 818 2037 852 2078; x_wconf 92' lang='lat' dir='ltr'>ea</span> <span class='ocrx_word' id='word_1_145' title='bbox 883 2021 1039 2092; x_wconf 82' lang='lat' dir='ltr'>existente,</span> <span class='ocrx_word' id='word_1_146' title='bbox 1072 2037 1128 2094; x_wconf 88' lang='lat' dir='ltr'>per</span> <span class='ocrx_word' id='word_1_147' title='bbox 1158 2037 1253 2092; x_wconf 91' lang='lat' dir='ltr'>quam</span> <span class='ocrx_word' id='word_1_148' title='bbox 1281 2022 1364 2078; x_wconf 93' lang='lat' dir='ltr'>viam</span> <span class='ocrx_word' id='word_1_149' title='bbox 1387 2019 1502 2077; x_wconf 89' lang='lat' dir='ltr'>directe</span> 
     </span>
     <span class='ocr_line' id='line_1_17' title="bbox 240 2127 1502 2201; baseline 0 -19"><span class='ocrx_word' id='word_1_150' title='bbox 240 2127 466 2199; x_wconf 85' lang='lat' dir='ltr'>progrediendo</span> <span class='ocrx_word' id='word_1_151' title='bbox 500 2127 538 2183; x_wconf 94' lang='lat' dir='ltr'>ad</span> <span class='ocrx_word' id='word_1_152' title='bbox 575 2128 701 2199; x_wconf 86' lang='lat' dir='ltr'>plagam</span> <span class='ocrx_word' id='word_1_153' title='bbox 735 2127 903 2184; x_wconf 91' lang='lat' dir='ltr'>australem</span> <span class='ocrx_word' id='word_1_154' title='bbox 937 2127 1058 2183; x_wconf 91' lang='lat' dir='ltr'>duabus</span> <span class='ocrx_word' id='word_1_155' title='bbox 1091 2127 1180 2183; x_wconf 90' lang='lat' dir='ltr'>metis</span> <span class='ocrx_word' id='word_1_156' title='bbox 1211 2143 1229 2183; x_wconf 92' lang='lat' dir='ltr'>a</span> <span class='ocrx_word' id='word_1_157' title='bbox 1260 2133 1347 2201; x_wconf 79' lang='lat' dir='ltr'>parte</span> <span class='ocrx_word' id='word_1_158' title='bbox 1380 2127 1502 2183; x_wconf 89' lang='lat' dir='ltr'>sinistra</span> 
     </span>
     <span class='ocr_line' id='line_1_18' title="bbox 239 2232 1502 2307; baseline 0 -18"><span class='ocrx_word' id='word_1_159' title='bbox 239 2235 348 2290; x_wconf 89' lang='lat' dir='ltr'>erectis</span> <span class='ocrx_word' id='word_1_160' title='bbox 372 2235 455 2291; x_wconf 89' lang='lat' dir='ltr'>venit</span> <span class='ocrx_word' id='word_1_161' title='bbox 478 2234 517 2291; x_wconf 91' lang='lat' dir='ltr'>ad</span> <span class='ocrx_word' id='word_1_162' title='bbox 541 2234 699 2307; x_wconf 91' lang='lat' dir='ltr'>quandam</span> <span class='ocrx_word' id='word_1_163' title='bbox 721 2235 805 2290; x_wconf 92' lang='lat' dir='ltr'>viam</span> <span class='ocrx_word' id='word_1_164' title='bbox 830 2249 983 2305; x_wconf 86' lang='lat' dir='ltr'>magnam,</span> <span class='ocrx_word' id='word_1_165' title='bbox 1007 2234 1061 2290; x_wconf 92' lang='lat' dir='ltr'>ubi</span> <span class='ocrx_word' id='word_1_166' title='bbox 1085 2240 1130 2290; x_wconf 91' lang='lat' dir='ltr'>est</span> <span class='ocrx_word' id='word_1_167' title='bbox 1153 2241 1235 2290; x_wconf 88' lang='lat' dir='ltr'>meta</span> <span class='ocrx_word' id='word_1_168' title='bbox 1252 2239 1350 2291; x_wconf 91' lang='lat' dir='ltr'>terrea</span> <span class='ocrx_word' id='word_1_169' title='bbox 1366 2232 1404 2290; x_wconf 92' lang='lat' dir='ltr'>de</span> <span class='ocrx_word' id='word_1_170' title='bbox 1421 2247 1502 2290; x_wconf 93' lang='lat' dir='ltr'>novo</span> 
     </span>
     <span class='ocr_line' id='line_1_19' title="bbox 240 2339 1502 2414; baseline 0 -18"><span class='ocrx_word' id='word_1_171' title='bbox 240 2347 348 2408; x_wconf 90' lang='lat' dir='ltr'>erecta,</span> <span class='ocrx_word' id='word_1_172' title='bbox 372 2356 389 2397; x_wconf 99' lang='lat' dir='ltr'>a</span> <span class='ocrx_word' id='word_1_173' title='bbox 413 2356 474 2413; x_wconf 93' lang='lat' dir='ltr'>qua</span> <span class='ocrx_word' id='word_1_174' title='bbox 502 2340 683 2398; x_wconf 88' lang='lat' dir='ltr'>divertendo</span> <span class='ocrx_word' id='word_1_175' title='bbox 715 2341 802 2413; x_wconf 91' lang='lat' dir='ltr'>quasi</span> <span class='ocrx_word' id='word_1_176' title='bbox 832 2341 911 2397; x_wconf 91' lang='lat' dir='ltr'>inter</span> <span class='ocrx_word' id='word_1_177' title='bbox 938 2341 1087 2397; x_wconf 89' lang='lat' dir='ltr'>orientem</span> <span class='ocrx_word' id='word_1_178' title='bbox 1117 2345 1146 2397; x_wconf 92' lang='lat' dir='ltr'>et</span> <span class='ocrx_word' id='word_1_179' title='bbox 1173 2340 1299 2414; x_wconf 88' lang='lat' dir='ltr'>plagam</span> <span class='ocrx_word' id='word_1_180' title='bbox 1334 2339 1502 2397; x_wconf 90' lang='lat' dir='ltr'>australem</span> 
     </span>
     <span class='ocr_line' id='line_1_20' title="bbox 240 2444 1504 2519; baseline 0 -17"><span class='ocrx_word' id='word_1_181' title='bbox 240 2444 396 2503; x_wconf 90' lang='lat' dir='ltr'>descendit</span> <span class='ocrx_word' id='word_1_182' title='bbox 420 2447 450 2504; x_wconf 89' lang='lat' dir='ltr'>in</span> <span class='ocrx_word' id='word_1_183' title='bbox 475 2446 629 2519; x_wconf 90' lang='lat' dir='ltr'>quandam</span> <span class='ocrx_word' id='word_1_184' title='bbox 653 2446 769 2503; x_wconf 92' lang='lat' dir='ltr'>vallem</span> <span class='ocrx_word' id='word_1_185' title='bbox 795 2461 934 2519; x_wconf 92' lang='lat' dir='ltr'>parvam,</span> <span class='ocrx_word' id='word_1_186' title='bbox 958 2446 1012 2502; x_wconf 94' lang='lat' dir='ltr'>ubi</span> <span class='ocrx_word' id='word_1_187' title='bbox 1036 2453 1081 2503; x_wconf 89' lang='lat' dir='ltr'>est</span> <span class='ocrx_word' id='word_1_188' title='bbox 1105 2452 1186 2503; x_wconf 92' lang='lat' dir='ltr'>meta</span> <span class='ocrx_word' id='word_1_189' title='bbox 1210 2451 1309 2504; x_wconf 89' lang='lat' dir='ltr'>terrea</span> <span class='ocrx_word' id='word_1_190' title='bbox 1332 2447 1391 2502; x_wconf 91' lang='lat' dir='ltr'>sub</span> <span class='ocrx_word' id='word_1_191' title='bbox 1413 2447 1504 2503; x_wconf 90' lang='lat' dir='ltr'>vinea</span> 
     </span>
     <span class='ocr_line' id='line_1_21' title="bbox 241 2551 1503 2626; baseline 0 -19"><span class='ocrx_word' id='word_1_192' title='bbox 241 2551 353 2608; x_wconf 90' lang='lat' dir='ltr'>Mathei</span> <span class='ocrx_word' id='word_1_193' title='bbox 378 2553 498 2622; x_wconf 92' lang='lat' dir='ltr'>sutoris,</span> <span class='ocrx_word' id='word_1_194' title='bbox 522 2553 598 2609; x_wconf 90' lang='lat' dir='ltr'>civis</span> <span class='ocrx_word' id='word_1_195' title='bbox 622 2551 792 2622; x_wconf 87' lang='lat' dir='ltr'>Grecensis,</span> <span class='ocrx_word' id='word_1_196' title='bbox 816 2551 854 2608; x_wconf 91' lang='lat' dir='ltr'>de</span> <span class='ocrx_word' id='word_1_197' title='bbox 877 2566 958 2608; x_wconf 91' lang='lat' dir='ltr'>novo</span> <span class='ocrx_word' id='word_1_198' title='bbox 982 2557 1090 2622; x_wconf 85' lang='lat' dir='ltr'>erecta,</span> <span class='ocrx_word' id='word_1_199' title='bbox 1114 2568 1133 2608; x_wconf 89' lang='lat' dir='ltr'>a</span> <span class='ocrx_word' id='word_1_200' title='bbox 1156 2568 1217 2625; x_wconf 92' lang='lat' dir='ltr'>qua</span> <span class='ocrx_word' id='word_1_201' title='bbox 1232 2551 1373 2626; x_wconf 88' lang='lat' dir='ltr'>procedit</span> <span class='ocrx_word' id='word_1_202' title='bbox 1388 2551 1503 2608; x_wconf 87' lang='lat' dir='ltr'>directe</span> 
     </span>
     <span class='ocr_line' id='line_1_22' title="bbox 240 2656 1502 2732; baseline 0 -19"><span class='ocrx_word' id='word_1_203' title='bbox 240 2672 349 2713; x_wconf 90' lang='lat' dir='ltr'>versus</span> <span class='ocrx_word' id='word_1_204' title='bbox 369 2658 495 2731; x_wconf 90' lang='lat' dir='ltr'>plagam</span> <span class='ocrx_word' id='word_1_205' title='bbox 519 2658 687 2715; x_wconf 85' lang='lat' dir='ltr'>australem</span> <span class='ocrx_word' id='word_1_206' title='bbox 711 2673 766 2730; x_wconf 90' lang='lat' dir='ltr'>per</span> <span class='ocrx_word' id='word_1_207' title='bbox 790 2656 944 2731; x_wconf 92' lang='lat' dir='ltr'>quandam</span> <span class='ocrx_word' id='word_1_208' title='bbox 969 2673 1100 2730; x_wconf 90' lang='lat' dir='ltr'>parvam</span> <span class='ocrx_word' id='word_1_209' title='bbox 1124 2658 1242 2715; x_wconf 92' lang='lat' dir='ltr'>vallem</span> <span class='ocrx_word' id='word_1_210' title='bbox 1262 2665 1291 2715; x_wconf 88' lang='lat' dir='ltr'>et</span> <span class='ocrx_word' id='word_1_211' title='bbox 1308 2658 1449 2732; x_wconf 88' lang='lat' dir='ltr'>pervenit</span> <span class='ocrx_word' id='word_1_212' title='bbox 1464 2656 1502 2713; x_wconf 93' lang='lat' dir='ltr'>ad</span> 
     </span>
     <span class='ocr_line' id='line_1_23' title="bbox 241 2763 1504 2836; baseline 0.002 -18"><span class='ocrx_word' id='word_1_213' title='bbox 241 2763 396 2834; x_wconf 89' lang='lat' dir='ltr'>quandam</span> <span class='ocrx_word' id='word_1_214' title='bbox 420 2763 560 2819; x_wconf 89' lang='lat' dir='ltr'>semitam</span> <span class='ocrx_word' id='word_1_215' title='bbox 585 2763 669 2820; x_wconf 88' lang='lat' dir='ltr'>iuxta</span> <span class='ocrx_word' id='word_1_216' title='bbox 692 2779 787 2836; x_wconf 93' lang='lat' dir='ltr'>quam</span> <span class='ocrx_word' id='word_1_217' title='bbox 810 2769 856 2820; x_wconf 90' lang='lat' dir='ltr'>est</span> <span class='ocrx_word' id='word_1_218' title='bbox 879 2770 960 2820; x_wconf 91' lang='lat' dir='ltr'>meta</span> <span class='ocrx_word' id='word_1_219' title='bbox 983 2770 1083 2821; x_wconf 91' lang='lat' dir='ltr'>terrea</span> <span class='ocrx_word' id='word_1_220' title='bbox 1106 2764 1144 2821; x_wconf 89' lang='lat' dir='ltr'>de</span> <span class='ocrx_word' id='word_1_221' title='bbox 1167 2779 1249 2821; x_wconf 93' lang='lat' dir='ltr'>novo</span> <span class='ocrx_word' id='word_1_222' title='bbox 1272 2764 1442 2834; x_wconf 91' lang='lat' dir='ltr'>sublevata,</span> <span class='ocrx_word' id='word_1_223' title='bbox 1466 2764 1504 2820; x_wconf 89' lang='lat' dir='ltr'>de</span> 
     </span>
     <span class='ocr_line' id='line_1_24' title="bbox 241 2868 1503 2944; baseline 0.002 -20"><span class='ocrx_word' id='word_1_224' title='bbox 241 2884 302 2940; x_wconf 92' lang='lat' dir='ltr'>qua</span> <span class='ocrx_word' id='word_1_225' title='bbox 325 2868 523 2941; x_wconf 89' lang='lat' dir='ltr'>progreditur</span> <span class='ocrx_word' id='word_1_226' title='bbox 544 2868 659 2926; x_wconf 86' lang='lat' dir='ltr'>directe</span> <span class='ocrx_word' id='word_1_227' title='bbox 675 2885 784 2926; x_wconf 88' lang='lat' dir='ltr'>versus</span> <span class='ocrx_word' id='word_1_228' title='bbox 799 2869 928 2926; x_wconf 88' lang='lat' dir='ltr'>eandem</span> <span class='ocrx_word' id='word_1_229' title='bbox 946 2871 1072 2943; x_wconf 88' lang='lat' dir='ltr'>plagam</span> <span class='ocrx_word' id='word_1_230' title='bbox 1088 2876 1117 2927; x_wconf 89' lang='lat' dir='ltr'>et</span> <span class='ocrx_word' id='word_1_231' title='bbox 1135 2872 1276 2944; x_wconf 91' lang='lat' dir='ltr'>pervenit</span> <span class='ocrx_word' id='word_1_232' title='bbox 1292 2871 1330 2927; x_wconf 91' lang='lat' dir='ltr'>ad</span> <span class='ocrx_word' id='word_1_233' title='bbox 1348 2870 1503 2943; x_wconf 89' lang='lat' dir='ltr'>quandam</span> 
     </span>
     <span class='ocr_line' id='line_1_25' title="bbox 242 2974 1504 3050; baseline 0.003 -21"><span class='ocrx_word' id='word_1_234' title='bbox 242 2975 333 3044; x_wconf 90' lang='lat' dir='ltr'>viam,</span> <span class='ocrx_word' id='word_1_235' title='bbox 358 2976 442 3031; x_wconf 92' lang='lat' dir='ltr'>iuxta</span> <span class='ocrx_word' id='word_1_236' title='bbox 466 2991 560 3047; x_wconf 89' lang='lat' dir='ltr'>quam</span> <span class='ocrx_word' id='word_1_237' title='bbox 583 2981 628 3031; x_wconf 89' lang='lat' dir='ltr'>est</span> <span class='ocrx_word' id='word_1_238' title='bbox 652 2981 734 3032; x_wconf 89' lang='lat' dir='ltr'>meta</span> <span class='ocrx_word' id='word_1_239' title='bbox 757 2981 856 3033; x_wconf 90' lang='lat' dir='ltr'>terrea</span> <span class='ocrx_word' id='word_1_240' title='bbox 880 2974 918 3031; x_wconf 88' lang='lat' dir='ltr'>de</span> <span class='ocrx_word' id='word_1_241' title='bbox 942 2990 1024 3032; x_wconf 92' lang='lat' dir='ltr'>novo</span> <span class='ocrx_word' id='word_1_242' title='bbox 1047 2975 1217 3047; x_wconf 88' lang='lat' dir='ltr'>sublevata,</span> <span class='ocrx_word' id='word_1_243' title='bbox 1235 2992 1295 3048; x_wconf 92' lang='lat' dir='ltr'>que</span> <span class='ocrx_word' id='word_1_244' title='bbox 1311 2977 1362 3033; x_wconf 91' lang='lat' dir='ltr'>vla</span> <span class='ocrx_word' id='word_1_245' title='bbox 1377 2976 1504 3050; x_wconf 91' lang='lat' dir='ltr'>publica</span> 
     </span>
     <span class='ocr_line' id='line_1_26' title="bbox 241 3080 1504 3157; baseline 0.004 -21"><span class='ocrx_word' id='word_1_246' title='bbox 241 3080 319 3137; x_wconf 91' lang='lat' dir='ltr'>inter</span> <span class='ocrx_word' id='word_1_247' title='bbox 349 3080 464 3137; x_wconf 90' lang='lat' dir='ltr'>dictam</span> <span class='ocrx_word' id='word_1_248' title='bbox 496 3088 611 3138; x_wconf 91' lang='lat' dir='ltr'>terram</span> <span class='ocrx_word' id='word_1_249' title='bbox 641 3082 871 3139; x_wconf 88' lang='lat' dir='ltr'>Heremitarum</span> <span class='ocrx_word' id='word_1_250' title='bbox 902 3087 931 3138; x_wconf 91' lang='lat' dir='ltr'>et</span> <span class='ocrx_word' id='word_1_251' title='bbox 961 3080 1176 3139; x_wconf 89' lang='lat' dir='ltr'>interdictam</span> <span class='ocrx_word' id='word_1_252' title='bbox 1200 3087 1315 3140; x_wconf 88' lang='lat' dir='ltr'>terram</span> <span class='ocrx_word' id='word_1_253' title='bbox 1340 3099 1397 3157; x_wconf 90' lang='lat' dir='ltr'>pro</span> <span class='ocrx_word' id='word_1_254' title='bbox 1422 3084 1504 3142; x_wconf 92' lang='lat' dir='ltr'>dicta</span> 
     </span>
     <span class='ocr_line' id='line_1_27' title="bbox 242 3187 1504 3270; baseline 0.006 -29"><span class='ocrx_word' id='word_1_255' title='bbox 242 3187 369 3242; x_wconf 89' lang='lat' dir='ltr'>ecclesia</span> <span class='ocrx_word' id='word_1_256' title='bbox 397 3188 494 3243; x_wconf 90' lang='lat' dir='ltr'>sancti</span> <span class='ocrx_word' id='word_1_257' title='bbox 523 3187 671 3270; x_wconf 90' lang='lat' dir='ltr'>Johannis</span> <span class='ocrx_word' id='word_1_258' title='bbox 703 3188 837 3260; x_wconf 88' lang='lat' dir='ltr'>baptiste</span> <span class='ocrx_word' id='word_1_259' title='bbox 870 3193 1068 3258; x_wconf 85' lang='lat' dir='ltr'>reservatam,</span> <span class='ocrx_word' id='word_1_260' title='bbox 1100 3204 1135 3245; x_wconf 92' lang='lat' dir='ltr'>ac</span> <span class='ocrx_word' id='word_1_261' title='bbox 1158 3189 1237 3246; x_wconf 86' lang='lat' dir='ltr'>inter</span> <span class='ocrx_word' id='word_1_262' title='bbox 1260 3189 1371 3246; x_wconf 92' lang='lat' dir='ltr'>villam</span> <span class='ocrx_word' id='word_1_263' title='bbox 1395 3190 1504 3248; x_wconf 90' lang='lat' dir='ltr'>Blezna</span> 
     </span>
     <span class='ocr_line' id='line_1_28' title="bbox 241 3292 1504 3368; baseline 0.005 -21"><span class='ocrx_word' id='word_1_264' title='bbox 241 3298 384 3349; x_wconf 90' lang='lat' dir='ltr'>vocatam</span> <span class='ocrx_word' id='word_1_265' title='bbox 407 3292 541 3365; x_wconf 86' lang='lat' dir='ltr'>desuper</span> <span class='ocrx_word' id='word_1_266' title='bbox 564 3299 686 3366; x_wconf 86' lang='lat' dir='ltr'>separat</span> <span class='ocrx_word' id='word_1_267' title='bbox 709 3300 739 3350; x_wconf 91' lang='lat' dir='ltr'>et</span> <span class='ocrx_word' id='word_1_268' title='bbox 762 3294 930 3365; x_wconf 83' lang='lat' dir='ltr'>distinguit,</span> <span class='ocrx_word' id='word_1_269' title='bbox 954 3293 1060 3366; x_wconf 90' lang='lat' dir='ltr'>ibique</span> <span class='ocrx_word' id='word_1_270' title='bbox 1083 3300 1164 3351; x_wconf 92' lang='lat' dir='ltr'>mete</span> <span class='ocrx_word' id='word_1_271' title='bbox 1187 3295 1301 3351; x_wconf 91' lang='lat' dir='ltr'>dictam</span> <span class='ocrx_word' id='word_1_272' title='bbox 1319 3297 1504 3368; x_wconf 91' lang='lat' dir='ltr'>particulam</span> 
     </span>
     <span class='ocr_line' id='line_1_29' title="bbox 241 3399 1504 3484; baseline 0.006 -30"><span class='ocrx_word' id='word_1_273' title='bbox 241 3405 321 3455; x_wconf 91' lang='lat' dir='ltr'>terre</span> <span class='ocrx_word' id='word_1_274' title='bbox 338 3399 432 3456; x_wconf 91' lang='lat' dir='ltr'>modo</span> <span class='ocrx_word' id='word_1_275' title='bbox 453 3400 605 3472; x_wconf 89' lang='lat' dir='ltr'>premisso</span> <span class='ocrx_word' id='word_1_276' title='bbox 622 3414 679 3472; x_wconf 94' lang='lat' dir='ltr'>pro</span> <span class='ocrx_word' id='word_1_277' title='bbox 703 3399 784 3456; x_wconf 90' lang='lat' dir='ltr'>dicta</span> <span class='ocrx_word' id='word_1_278' title='bbox 803 3399 931 3457; x_wconf 91' lang='lat' dir='ltr'>ecclesia</span> <span class='ocrx_word' id='word_1_279' title='bbox 947 3400 1043 3457; x_wconf 89' lang='lat' dir='ltr'>sancti</span> <span class='ocrx_word' id='word_1_280' title='bbox 1057 3401 1205 3484; x_wconf 86' lang='lat' dir='ltr'>Johannis</span> <span class='ocrx_word' id='word_1_281' title='bbox 1226 3402 1359 3473; x_wconf 91' lang='lat' dir='ltr'>baptiste</span> <span class='ocrx_word' id='word_1_282' title='bbox 1377 3410 1504 3477; x_wconf 88' lang='lat' dir='ltr'>excepta</span> 
     </span>
     <span class='ocr_line' id='line_1_30' title="bbox 242 3506 1505 3591; baseline 0.006 -30"><span class='ocrx_word' id='word_1_283' title='bbox 242 3511 271 3561; x_wconf 88' lang='lat' dir='ltr'>et</span> <span class='ocrx_word' id='word_1_284' title='bbox 302 3510 457 3562; x_wconf 87' lang='lat' dir='ltr'>reservata</span> <span class='ocrx_word' id='word_1_285' title='bbox 491 3506 699 3578; x_wconf 89' lang='lat' dir='ltr'>disiungentes</span> <span class='ocrx_word' id='word_1_286' title='bbox 730 3507 940 3577; x_wconf 87' lang='lat' dir='ltr'>terminantur,</span> <span class='ocrx_word' id='word_1_287' title='bbox 976 3506 1084 3563; x_wconf 91' lang='lat' dir='ltr'>eadem</span> <span class='ocrx_word' id='word_1_288' title='bbox 1115 3512 1197 3564; x_wconf 90' lang='lat' dir='ltr'>terra</span> <span class='ocrx_word' id='word_1_289' title='bbox 1227 3510 1322 3566; x_wconf 91' lang='lat' dir='ltr'>sancti</span> <span class='ocrx_word' id='word_1_290' title='bbox 1357 3510 1505 3591; x_wconf 84' lang='lat' dir='ltr'>Johannis</span> 
     </span>
     <span class='ocr_line' id='line_1_31' title="bbox 243 3610 1504 3689; baseline 0.007 -24"><span class='ocrx_word' id='word_1_291' title='bbox 243 3610 385 3683; x_wconf 87' lang='lat' dir='ltr'>baptiste,</span> <span class='ocrx_word' id='word_1_292' title='bbox 416 3627 540 3684; x_wconf 90' lang='lat' dir='ltr'>semper</span> <span class='ocrx_word' id='word_1_293' title='bbox 569 3628 586 3668; x_wconf 94' lang='lat' dir='ltr'>a</span> <span class='ocrx_word' id='word_1_294' title='bbox 619 3614 749 3682; x_wconf 87' lang='lat' dir='ltr'>sinistra,</span> <span class='ocrx_word' id='word_1_295' title='bbox 782 3613 813 3669; x_wconf 89' lang='lat' dir='ltr'>id</span> <span class='ocrx_word' id='word_1_296' title='bbox 845 3618 898 3682; x_wconf 79' lang='lat' dir='ltr'>est,</span> <span class='ocrx_word' id='word_1_297' title='bbox 929 3612 970 3669; x_wconf 94' lang='lat' dir='ltr'>ab</span> <span class='ocrx_word' id='word_1_298' title='bbox 1006 3612 1188 3671; x_wconf 88' lang='lat' dir='ltr'>occidentali</span> <span class='ocrx_word' id='word_1_299' title='bbox 1219 3615 1312 3687; x_wconf 92' lang='lat' dir='ltr'>plaga</span> <span class='ocrx_word' id='word_1_300' title='bbox 1342 3632 1439 3689; x_wconf 88' lang='lat' dir='ltr'>usque</span> <span class='ocrx_word' id='word_1_301' title='bbox 1465 3616 1504 3673; x_wconf 92' lang='lat' dir='ltr'>ad</span> 
     </span>
     <span class='ocr_line' id='line_1_32' title="bbox 243 3715 1504 3792; baseline 0.007 -22"><span class='ocrx_word' id='word_1_302' title='bbox 243 3715 399 3787; x_wconf 90' lang='lat' dir='ltr'>quandam</span> <span class='ocrx_word' id='word_1_303' title='bbox 422 3722 538 3774; x_wconf 90' lang='lat' dir='ltr'>metam</span> <span class='ocrx_word' id='word_1_304' title='bbox 562 3724 695 3775; x_wconf 89' lang='lat' dir='ltr'>terream</span> <span class='ocrx_word' id='word_1_305' title='bbox 718 3719 876 3791; x_wconf 89' lang='lat' dir='ltr'>antiquam</span> <span class='ocrx_word' id='word_1_306' title='bbox 894 3719 971 3776; x_wconf 85' lang='lat' dir='ltr'>inter</span> <span class='ocrx_word' id='word_1_307' title='bbox 988 3724 1101 3775; x_wconf 91' lang='lat' dir='ltr'>terram</span> <span class='ocrx_word' id='word_1_308' title='bbox 1119 3719 1258 3792; x_wconf 90' lang='lat' dir='ltr'>ipsorum</span> <span class='ocrx_word' id='word_1_309' title='bbox 1276 3720 1504 3779; x_wconf 90' lang='lat' dir='ltr'>Heremitarum</span> 
     </span>
     <span class='ocr_line' id='line_1_33' title="bbox 242 3820 1506 3901; baseline 0.006 -23"><span class='ocrx_word' id='word_1_310' title='bbox 242 3826 272 3877; x_wconf 91' lang='lat' dir='ltr'>et</span> <span class='ocrx_word' id='word_1_311' title='bbox 307 3820 424 3878; x_wconf 90' lang='lat' dir='ltr'>dictum</span> <span class='ocrx_word' id='word_1_312' title='bbox 462 3823 605 3895; x_wconf 87' lang='lat' dir='ltr'>predium</span> <span class='ocrx_word' id='word_1_313' title='bbox 636 3824 713 3881; x_wconf 92' lang='lat' dir='ltr'>olim</span> <span class='ocrx_word' id='word_1_314' title='bbox 744 3825 809 3881; x_wconf 92' lang='lat' dir='ltr'>sive</span> <span class='ocrx_word' id='word_1_315' title='bbox 840 3825 1008 3896; x_wconf 89' lang='lat' dir='ltr'>antiquitus</span> <span class='ocrx_word' id='word_1_316' title='bbox 1044 3824 1177 3897; x_wconf 91' lang='lat' dir='ltr'>positam</span> <span class='ocrx_word' id='word_1_317' title='bbox 1209 3832 1238 3882; x_wconf 88' lang='lat' dir='ltr'>et</span> <span class='ocrx_word' id='word_1_318' title='bbox 1269 3834 1419 3884; x_wconf 88' lang='lat' dir='ltr'>errectam</span> <span class='ocrx_word' id='word_1_319' title='bbox 1450 3845 1506 3901; x_wconf 93' lang='lat' dir='ltr'>per</span> 
     </span>
     <span class='ocr_line' id='line_1_34' title="bbox 243 3926 1505 4006; baseline 0.007 -24"><span class='ocrx_word' id='word_1_320' title='bbox 243 3926 370 3983; x_wconf 89' lang='lat' dir='ltr'>eandem</span> <span class='ocrx_word' id='word_1_321' title='bbox 395 3929 480 3985; x_wconf 90' lang='lat' dir='ltr'>viam</span> <span class='ocrx_word' id='word_1_322' title='bbox 504 3945 611 3986; x_wconf 90' lang='lat' dir='ltr'>versus</span> <span class='ocrx_word' id='word_1_323' title='bbox 638 3930 707 4002; x_wconf 91' lang='lat' dir='ltr'>Gay</span> <span class='ocrx_word' id='word_1_324' title='bbox 729 3930 925 4004; x_wconf 90' lang='lat' dir='ltr'>procedendo</span> <span class='ocrx_word' id='word_1_325' title='bbox 950 3946 1073 4003; x_wconf 88' lang='lat' dir='ltr'>semper</span> <span class='ocrx_word' id='word_1_326' title='bbox 1095 3940 1272 3990; x_wconf 87' lang='lat' dir='ltr'>remanente</span> <span class='ocrx_word' id='word_1_327' title='bbox 1296 3949 1353 4006; x_wconf 93' lang='lat' dir='ltr'>pro</span> <span class='ocrx_word' id='word_1_328' title='bbox 1377 3935 1505 3992; x_wconf 89' lang='lat' dir='ltr'>ecclesia</span> 
     </span>
     <span class='ocr_line' id='line_1_35' title="bbox 243 4034 1505 4116; baseline 0.007 -28"><span class='ocrx_word' id='word_1_329' title='bbox 243 4034 338 4090; x_wconf 88' lang='lat' dir='ltr'>sancti</span> <span class='ocrx_word' id='word_1_330' title='bbox 361 4035 509 4116; x_wconf 84' lang='lat' dir='ltr'>Johannis</span> <span class='ocrx_word' id='word_1_331' title='bbox 533 4036 667 4108; x_wconf 89' lang='lat' dir='ltr'>baptiste</span> <span class='ocrx_word' id='word_1_332' title='bbox 690 4036 850 4107; x_wconf 89' lang='lat' dir='ltr'>antedicta,</span> <span class='ocrx_word' id='word_1_333' title='bbox 875 4052 892 4093; x_wconf 93' lang='lat' dir='ltr'>a</span> <span class='ocrx_word' id='word_1_334' title='bbox 916 4052 976 4109; x_wconf 90' lang='lat' dir='ltr'>qua</span> <span class='ocrx_word' id='word_1_335' title='bbox 1001 4037 1096 4093; x_wconf 89' lang='lat' dir='ltr'>tendit</span> <span class='ocrx_word' id='word_1_336' title='bbox 1120 4053 1228 4095; x_wconf 91' lang='lat' dir='ltr'>versus</span> <span class='ocrx_word' id='word_1_337' title='bbox 1251 4040 1402 4096; x_wconf 90' lang='lat' dir='ltr'>orientem</span> <span class='ocrx_word' id='word_1_338' title='bbox 1426 4040 1505 4097; x_wconf 88' lang='lat' dir='ltr'>infra</span> 
     </span>
     <span class='ocr_line' id='line_1_36' title="bbox 243 4138 1506 4216; baseline 0.007 -21"><span class='ocrx_word' id='word_1_339' title='bbox 243 4138 357 4197; x_wconf 89' lang='lat' dir='ltr'>directe</span> <span class='ocrx_word' id='word_1_340' title='bbox 380 4141 565 4198; x_wconf 88' lang='lat' dir='ltr'>transeundo</span> <span class='ocrx_word' id='word_1_341' title='bbox 589 4143 675 4200; x_wconf 90' lang='lat' dir='ltr'>iuxta</span> <span class='ocrx_word' id='word_1_342' title='bbox 698 4149 823 4216; x_wconf 90' lang='lat' dir='ltr'>pratum</span> <span class='ocrx_word' id='word_1_343' title='bbox 847 4159 899 4200; x_wconf 91' lang='lat' dir='ltr'>seu</span> <span class='ocrx_word' id='word_1_344' title='bbox 926 4141 1060 4200; x_wconf 89' lang='lat' dir='ltr'>lenetum</span> <span class='ocrx_word' id='word_1_345' title='bbox 1084 4143 1239 4202; x_wconf 89' lang='lat' dir='ltr'>dictorum</span> <span class='ocrx_word' id='word_1_346' title='bbox 1263 4144 1392 4203; x_wconf 84' lang='lat' dir='ltr'>fratrum</span> <span class='ocrx_word' id='word_1_347' title='bbox 1411 4147 1506 4204; x_wconf 89' lang='lat' dir='ltr'>Here·</span> 
     </span>
     <span class='ocr_line' id='line_1_37' title="bbox 243 4247 1504 4323; baseline 0.006 -21"><span class='ocrx_word' id='word_1_348' title='bbox 243 4247 399 4317; x_wconf 88' lang='lat' dir='ltr'>mitarum,</span> <span class='ocrx_word' id='word_1_349' title='bbox 431 4247 513 4320; x_wconf 91' lang='lat' dir='ltr'>quod</span> <span class='ocrx_word' id='word_1_350' title='bbox 545 4255 682 4305; x_wconf 88' lang='lat' dir='ltr'>remanet</span> <span class='ocrx_word' id='word_1_351' title='bbox 712 4264 731 4306; x_wconf 90' lang='lat' dir='ltr'>a</span> <span class='ocrx_word' id='word_1_352' title='bbox 761 4254 849 4322; x_wconf 90' lang='lat' dir='ltr'>parte</span> <span class='ocrx_word' id='word_1_353' title='bbox 873 4249 1127 4322; x_wconf 89' lang='lat' dir='ltr'>septemtrionali,</span> <span class='ocrx_word' id='word_1_354' title='bbox 1155 4252 1295 4323; x_wconf 90' lang='lat' dir='ltr'>pervenit</span> <span class='ocrx_word' id='word_1_355' title='bbox 1319 4259 1348 4308; x_wconf 86' lang='lat' dir='ltr'>et</span> <span class='ocrx_word' id='word_1_356' title='bbox 1371 4252 1452 4309; x_wconf 91' lang='lat' dir='ltr'>cadit</span> <span class='ocrx_word' id='word_1_357' title='bbox 1475 4253 1504 4309; x_wconf 92' lang='lat' dir='ltr'>in</span> 
     </span>
     <span class='ocr_line' id='line_1_38' title="bbox 243 4347 1505 4432; baseline 0.006 -26"><span class='ocrx_word' id='word_1_358' title='bbox 243 4351 370 4408; x_wconf 90' lang='lat' dir='ltr'>lluvlum</span> <span class='ocrx_word' id='word_1_359' title='bbox 404 4353 516 4424; x_wconf 72' lang='lat' dir='ltr'>liliano,</span> <span class='ocrx_word' id='word_1_360' title='bbox 546 4355 630 4410; x_wconf 88' lang='lat' dir='ltr'>iuxta</span> <span class='ocrx_word' id='word_1_361' title='bbox 661 4354 744 4428; x_wconf 89' lang='lat' dir='ltr'>quod</span> <span class='ocrx_word' id='word_1_362' title='bbox 776 4347 844 4432; x_wconf 86' lang='lat' dir='ltr'>(sic)</span> <span class='ocrx_word' id='word_1_363' title='bbox 871 4354 1001 4411; x_wconf 88' lang='lat' dir='ltr'>lluvium</span> <span class='ocrx_word' id='word_1_364' title='bbox 1025 4361 1070 4412; x_wconf 90' lang='lat' dir='ltr'>est</span> <span class='ocrx_word' id='word_1_365' title='bbox 1091 4370 1152 4412; x_wconf 90' lang='lat' dir='ltr'>una</span> <span class='ocrx_word' id='word_1_366' title='bbox 1175 4363 1256 4412; x_wconf 88' lang='lat' dir='ltr'>meta</span> <span class='ocrx_word' id='word_1_367' title='bbox 1280 4362 1379 4414; x_wconf 89' lang='lat' dir='ltr'>terrea</span> <span class='ocrx_word' id='word_1_368' title='bbox 1402 4358 1505 4414; x_wconf 91' lang='lat' dir='ltr'>suble·</span> 
     </span>
     <span class='ocr_line' id='line_1_39' title="bbox 244 4459 1507 4536; baseline 0.006 -24"><span class='ocrx_word' id='word_1_369' title='bbox 244 4463 323 4528; x_wconf 89' lang='lat' dir='ltr'>vata,</span> <span class='ocrx_word' id='word_1_370' title='bbox 347 4460 569 4531; x_wconf 91' lang='lat' dir='ltr'>quemquidem</span> <span class='ocrx_word' id='word_1_371' title='bbox 592 4459 722 4518; x_wconf 88' lang='lat' dir='ltr'>ssuvium</span> <span class='ocrx_word' id='word_1_372' title='bbox 747 4461 850 4518; x_wconf 88' lang='lat' dir='ltr'>Blizna</span> <span class='ocrx_word' id='word_1_373' title='bbox 876 4459 1060 4517; x_wconf 89' lang='lat' dir='ltr'>transeundo</span> <span class='ocrx_word' id='word_1_374' title='bbox 1084 4468 1113 4517; x_wconf 88' lang='lat' dir='ltr'>et</span> <span class='ocrx_word' id='word_1_375' title='bbox 1137 4477 1244 4518; x_wconf 92' lang='lat' dir='ltr'>versus</span> <span class='ocrx_word' id='word_1_376' title='bbox 1268 4463 1418 4520; x_wconf 90' lang='lat' dir='ltr'>orientem</span> <span class='ocrx_word' id='word_1_377' title='bbox 1435 4479 1507 4536; x_wconf 92' lang='lat' dir='ltr'>pro·</span> 
     </span>
     <span class='ocr_line' id='line_1_40' title="bbox 244 4564 1507 4641; baseline 0.005 -22"><span class='ocrx_word' id='word_1_378' title='bbox 244 4564 379 4620; x_wconf 89' lang='lat' dir='ltr'>cedendo</span> <span class='ocrx_word' id='word_1_379' title='bbox 403 4564 526 4622; x_wconf 89' lang='lat' dir='ltr'>devenit</span> <span class='ocrx_word' id='word_1_380' title='bbox 549 4567 579 4622; x_wconf 89' lang='lat' dir='ltr'>in</span> <span class='ocrx_word' id='word_1_381' title='bbox 603 4566 758 4637; x_wconf 89' lang='lat' dir='ltr'>quandam</span> <span class='ocrx_word' id='word_1_382' title='bbox 783 4566 909 4629; x_wconf 83' lang='lat' dir='ltr'>vallem.</span> <span class='ocrx_word' id='word_1_383' title='bbox 933 4582 989 4639; x_wconf 91' lang='lat' dir='ltr'>per</span> <span class='ocrx_word' id='word_1_384' title='bbox 1011 4581 1105 4638; x_wconf 89' lang='lat' dir='ltr'>quarn</span> <span class='ocrx_word' id='word_1_385' title='bbox 1122 4567 1237 4623; x_wconf 91' lang='lat' dir='ltr'>vallem</span> <span class='ocrx_word' id='word_1_386' title='bbox 1255 4569 1396 4640; x_wconf 90' lang='lat' dir='ltr'>pervenit</span> <span class='ocrx_word' id='word_1_387' title='bbox 1412 4583 1507 4641; x_wconf 89' lang='lat' dir='ltr'>supra</span> 
     </span>
     <span class='ocr_line' id='line_1_41' title="bbox 243 4667 1506 4744; baseline 0.006 -20"><span class='ocrx_word' id='word_1_388' title='bbox 243 4667 281 4725; x_wconf 89' lang='lat' dir='ltr'>ad</span> <span class='ocrx_word' id='word_1_389' title='bbox 305 4671 389 4725; x_wconf 91' lang='lat' dir='ltr'>viam</span> <span class='ocrx_word' id='word_1_390' title='bbox 421 4670 590 4742; x_wconf 88' lang='lat' dir='ltr'>publicam,</span> <span class='ocrx_word' id='word_1_391' title='bbox 620 4672 675 4728; x_wconf 90' lang='lat' dir='ltr'>ubi</span> <span class='ocrx_word' id='word_1_392' title='bbox 706 4671 838 4744; x_wconf 90' lang='lat' dir='ltr'>quedam</span> <span class='ocrx_word' id='word_1_393' title='bbox 870 4677 935 4729; x_wconf 89' lang='lat' dir='ltr'>erat</span> <span class='ocrx_word' id='word_1_394' title='bbox 957 4672 1051 4729; x_wconf 89' lang='lat' dir='ltr'>arbor</span> <span class='ocrx_word' id='word_1_395' title='bbox 1073 4673 1146 4729; x_wconf 89' lang='lat' dir='ltr'>satis</span> <span class='ocrx_word' id='word_1_396' title='bbox 1180 4687 1292 4743; x_wconf 87' lang='lat' dir='ltr'>magna</span> <span class='ocrx_word' id='word_1_397' title='bbox 1314 4680 1454 4731; x_wconf 88' lang='lat' dir='ltr'>castanee</span> <span class='ocrx_word' id='word_1_398' title='bbox 1477 4681 1506 4731; x_wconf 91' lang='lat' dir='ltr'>et</span> 
     </span>
     <span class='ocr_line' id='line_1_42' title="bbox 244 4774 1506 4853; baseline 0.006 -23"><span class='ocrx_word' id='word_1_399' title='bbox 244 4774 288 4831; x_wconf 90' lang='lat' dir='ltr'>ibi</span> <span class='ocrx_word' id='word_1_400' title='bbox 311 4783 357 4831; x_wconf 91' lang='lat' dir='ltr'>est</span> <span class='ocrx_word' id='word_1_401' title='bbox 379 4781 461 4832; x_wconf 90' lang='lat' dir='ltr'>meta</span> <span class='ocrx_word' id='word_1_402' title='bbox 484 4782 584 4832; x_wconf 90' lang='lat' dir='ltr'>terrea</span> <span class='ocrx_word' id='word_1_403' title='bbox 607 4776 646 4832; x_wconf 92' lang='lat' dir='ltr'>de</span> <span class='ocrx_word' id='word_1_404' title='bbox 669 4791 751 4834; x_wconf 92' lang='lat' dir='ltr'>novo</span> <span class='ocrx_word' id='word_1_405' title='bbox 774 4784 882 4849; x_wconf 91' lang='lat' dir='ltr'>erecta,</span> <span class='ocrx_word' id='word_1_406' title='bbox 911 4794 968 4852; x_wconf 89' lang='lat' dir='ltr'>per</span> <span class='ocrx_word' id='word_1_407' title='bbox 990 4779 1214 4852; x_wconf 91' lang='lat' dir='ltr'>quamquidem</span> <span class='ocrx_word' id='word_1_408' title='bbox 1237 4779 1320 4837; x_wconf 91' lang='lat' dir='ltr'>viam</span> <span class='ocrx_word' id='word_1_409' title='bbox 1345 4779 1506 4853; x_wconf 91' lang='lat' dir='ltr'>publicam</span> 
     </span>
    </p>
   </div>
   <div class='ocr_carea' id='block_1_3' title="bbox 0 0 1759 5242">
    <p class='ocr_par' dir='ltr' id='par_1_3' title="bbox 0 0 1759 5242">
     <span class='ocr_line' id='line_1_43' title="bbox 0 0 1759 5242; baseline 0 0"><span class='ocrx_word' id='word_1_410' title='bbox 0 0 1759 5242; x_wconf 95' lang='lat' dir='ltr'> </span> 
     </span>
    </p>
   </div>
  </div>
 </body>
</html>
