3488 5242
239 335 299 409 348
661 336 734 393 Doc.
752 333 827 413 367.
854 371 891 380 -
916 338 972 396 An.
997 351 1085 417 1393.

237 533 405 589 sessionem
427 549 535 590 eorum
559 534 713 606 irruendo,
741 535 869 593 eandem
894 538 1015 609 penitus
1039 537 1172 596 desolari
1197 554 1231 595 ac
1256 539 1419 611 devastari,
1444 540 1503 598 vil·

238 638 334 695 licum
359 655 395 696 ac
419 655 513 712 quam
537 642 644 713 plures
667 642 745 698 alios
770 642 948 714 iobagiones
971 644 1165 716 captivando,
1189 645 1314 702 eosdem
1335 644 1505 703 crudeliter

238 746 418 802 tormentari
440 744 590 817 fecissent,
615 747 759 805 videlicet
782 748 887 821 spinas
911 748 989 805 inter
1013 748 1119 807 dentes
1135 756 1164 806 et
1180 766 1298 822 ungues
1314 750 1503 823 infingendo‚

238 865 354 908 necnon
389 851 512 908 dacium
547 860 687 910 nostrum
722 854 827 926 regale
855 870 911 927 per
934 854 1091 928 predictos
1114 857 1197 912 cives
1221 857 1297 931 ipsis
1320 857 1504 929 impositum

236 958 278 1014 ab
301 957 417 1014 eisdem
441 959 614 1030 exigissent,
639 961 853 1032 aequandam
878 961 1006 1018 domum
1031 962 1061 1018 in
1086 962 1242 1020 territorio
1265 961 1345 1019 dicte
1368 963 1503 1020 civitatis

240 1072 343 1122 nostre
366 1063 579 1137 Zagrabiensis
602 1067 750 1134 habitam,
778 1068 876 1124 noctis
899 1067 929 1123 in
953 1067 1079 1124 silencio
1102 1067 1222 1124 incendi
1242 1075 1271 1124 et
1287 1068 1446 1125 comburri
1461 1066 1505 1125 fe·

240 1172 359 1242 cissent,
382 1173 413 1229 in
438 1187 547 1229 eorum
570 1173 776 1246 preiudicium
799 1174 891 1231 valde
908 1189 1063 1246 magnum.
1081 1173 1223 1245 Cumque
1239 1179 1343 1230 nostra
1358 1174 1505 1231 serenitas

240 1279 412 1353 prelibatos
444 1281 535 1348 cives,
566 1280 703 1353 hospites
734 1297 769 1337 ac
796 1281 930 1354 populos
954 1280 993 1337 de
1015 1280 1097 1338 dicta
1119 1279 1278 1352 Zagrabia,
1302 1280 1345 1337 sic
1369 1279 1505 1337 indebite

240 1400 300 1441 non
324 1385 400 1442 velit
416 1386 479 1442 suis
492 1386 612 1442 iuribus
624 1385 802 1444 defraudari
814 1403 866 1444 seu
881 1385 1105 1459 dampnificari‚
1120 1385 1304 1442 mandamus
1320 1386 1414 1458 igitur
1428 1385 1504 1442 fide·

241 1491 319 1549 litati
350 1497 453 1548 vestre
486 1491 626 1563 firmiter,
657 1499 807 1564 quatenus
840 1499 979 1550 vestrum
1007 1492 1136 1549 mittatis
1159 1492 1316 1548 hominem
1340 1506 1399 1565 pro
1422 1491 1505 1548 testi-

246 1598 350 1654 monio
373 1597 575 1669 fidedignum,
599 1612 662 1669 quo
685 1602 834 1671 presente,
855 1596 1015 1669 Georgius,
1039 1597 1123 1654 filius
1145 1597 1254 1680 Jacobi
1273 1597 1312 1654 de
1329 1597 1504 1668 Moroucha,

240 1702 293 1760 vel
328 1703 443 1759 Paulus
477 1708 529 1759 aut
565 1703 715 1774 Mychael,
747 1701 805 1759 filii
837 1704 965 1760 Machen
992 1703 1030 1761 de
1054 1702 1221 1775 Mykulich‚
1245 1704 1311 1761 sive
1333 1703 1504 1774 Ladislans,

241 1808 324 1866 tilius
356 1809 510 1865 Valentini
539 1808 578 1865 de
612 1809 804 1881 Lompnicha
823 1825 876 1866 seu
902 1809 1029 1879 BlasiuS,
1053 1809 1137 1866 filius
1161 1809 1266 1866 Medes
1289 1809 1328 1865 de
1351 1808 1441 1877 Zona,
1464 1823 1503 1865 an

241 1915 345 1984 Vorih‚
378 1914 462 1971 filius
494 1915 663 1971 Hermanni
696 1913 733 1970 de
757 1913 942 1985 Zenthla210‚
970 1916 1039 1972 aliis
1062 1916 1249 1986 absentibus,
1273 1916 1367 1972 homo
1391 1920 1503 1985 noster,

239 2020 275 2077 ad
302 2020 438 2093 prefatos
462 2020 592 2076 Paulum
617 2027 646 2077 et
669 2019 858 2092 Gregorium
881 2020 1062 2090 accedendo,
1086 2026 1192 2077 evocet
1213 2021 1297 2093 ipsos
1313 2027 1419 2077 contra
1434 2036 1505 2093 pre·

239 2127 353 2183 libatos
377 2126 469 2192 civeS,
493 2127 630 2198 hospites
652 2141 688 2182 ac
712 2127 846 2199 populos
876 2135 996 2183 nostros
1020 2127 1049 2183 in
1074 2127 1265 2200 presenciam
1288 2126 1362 2183 dicti
1386 2125 1506 2183 domini

237 2233 386 2315 Johannis
419 2233 490 2288 bani
521 2234 573 2289 vel
604 2233 669 2289 eius
700 2234 842 2289 vicebani
873 2249 926 2289 seu
954 2233 1076 2289 comitis
1099 2232 1251 2290 crisiensis
1274 2232 1312 2288 ad
1337 2232 1504 2288 terminum

239 2345 474 2412 competentem,
499 2340 652 2395 racionem
678 2339 716 2395 de
739 2339 898 2412 premissis
914 2339 1058 2395 omnibus
1081 2338 1256 2395 reddituros
1276 2336 1449 2413 efficacem
1476 2343 1505 2394 et

239 2451 308 2519 post
332 2445 388 2501 hec
410 2444 551 2500 omnium
575 2445 797 2516 premissorum
821 2445 932 2500 seriem
956 2452 989 2500 ut
1013 2444 1106 2500 fuerit
1129 2443 1302 2515 expediens,
1330 2442 1431 2499 eidem
1451 2442 1505 2499 do·

238 2551 323 2608 mino
362 2550 441 2606 bano
472 2558 524 2605 aut
555 2549 619 2605 eius
651 2550 801 2606 vicebano
831 2566 884 2607 seu
909 2550 973 2607 eius
1000 2550 1105 2606 comiti
1137 2550 1272 2605 crisiensi
1305 2564 1390 2605 more
1413 2549 1505 2605 solito

238 2655 421 2713 rescribatis
452 2654 567 2710 Datum
597 2655 627 2711 in
652 2654 766 2726 Vigles,
791 2654 867 2711 seria
890 2663 999 2728 quarta
1022 2657 1165 2727 proxima
1184 2660 1254 2727 post
1274 2653 1385 2711 festum
1402 2669 1506 2711 ascen·

238 2763 331 2819 sionis
356 2762 481 2818 domini.
505 2763 594 2817 Anno
618 2761 754 2818 eiusdem
781 2761 890 2818 MCCC
915 2761 1113 2832 nonagesimo
1138 2761 1238 2817 tercio.

298 2856 303 2867 ⁶
331 2879 471 2943 originale
500 2878 527 2927 in
552 2878 649 2927 charta.
679 2881 701 2926 Α
723 2886 799 2943 tergo
828 2878 983 2943 impressum
1012 2878 1131 2943 sigillum
1157 2878 1234 2943 regis.
1265 2878 1294 2927 ln
1321 2877 1430 2927 archivo
1459 2877 1504 2927 lib.

241 2983 296 3031 reg.
317 2967 365 3018 civ.
385 2966 488 3031 zagrab.

828 3093 915 3161 367.

345 3239 419 3284 Anno
443 3245 516 3296 1393,
542 3235 578 3282 16.
599 3233 762 3298 septembris.
783 3234 936 3297 Zagrabiac.

245 3364 347 3420 caram
365 3364 506 3438 solumne
534 3362 688 3418 Sluvom'ue
715 3362 798 3427 batia,
828 3357 1014 3435 nrrzgisiratus
1044 3364 1167 3418 [indutis
1198 3364 1299 3417 irruatis
1328 3360 1498 3418 Greclzeusis

238 3478 337 3526 contro
352 3471 435 3544 filios
457 3469 583 3536 risusten,
599 3469 651 3542 qui
663 3471 852 3541 possessiones
877 3469 1034 3524 Petrooina
1057 3476 1084 3524 et
1109 3468 1259 3542 Hrusllijiz
1287 3474 1503 3539 occupaverunt,

775 3581 960 3647 protestatur.

328 3721 389 3776 Nos
413 3721 567 3802 Johannes
584 3736 686 3776 comes
704 3720 808 3790 Vegie.
828 3718 985 3775 Modrusse
1002 3728 1065 3785 etc,
1084 3733 1312 3788 regnorumque
1335 3716 1504 3785 Dalmacie‚

241 3828 367 3884 Croacie
390 3834 419 3882 et
443 3825 604 3882 Sclauonie
629 3827 734 3881 banus
755 3826 903 3881 Memorio
919 3824 1181 3891 commendamus,
1203 3822 1284 3894 quod
1304 3821 1425 3894 providi
1443 3822 1503 3877 viri

241 3934 396 4004 Myhlinus
419 3931 549 3988 condam
574 3931 664 3986 iudex
689 3939 718 3986 et
743 3932 845 3986 Marco
867 3931 991 3996 iuratus
1008 3931 1090 3985 cives
1106 3929 1239 3984 civitatis
1262 3928 1375 3998 regalis
1392 3927 1505 3982 montis

240 4038 423 4094 (irechensis
447 4038 475 4093 in
500 4037 563 4093 suis
586 4044 615 4093 et
639 4037 855 4092 universorum
878 4036 993 4092 civium
1018 4034 1187 4090 decadem
1213 4034 1349 4105 personis
1381 4032 1418 4087 ad
1447 4047 1500 4088 no-

240 4152 336 4200 stram
360 4143 533 4200 accedendo
557 4144 757 4215 presenciam,
782 4143 912 4198 Paulum
936 4149 966 4196 et
990 4140 1184 4211 Gregorium,
1210 4139 1291 4196 tilios
1309 4140 1448 4194 Masthen
1464 4136 1502 4193 de

241 4251 378 4306 Chichan
401 4251 462 4305 alio
486 4250 609 4306 nornine
633 4247 725 4317 Selin,
749 4248 825 4304 facie
848 4246 885 4303 nd
910 4245 1018 4303 faciem
1042 4261 1148 4302 coram
1172 4245 1260 4301 nobis
1287 4253 1434 4315 repertos,
1459 4244 1501 4298 ab

241 4357 452 4426 occupatione,
478 4355 680 4426 usurpacione
704 4361 733 4410 et
756 4355 815 4410 sibi
843 4353 1079 4426 perpetuacione
1109 4350 1314 4423 quarumdam
1340 4349 1505 4421 possessio-

241 4477 314 4517 num
339 4462 476 4532 ipsorum
503 4461 665 4516 Petrouina
689 4468 717 4516 et
744 4460 880 4515 Hrascha
902 4466 1148 4530 nuncupatamm
1172 4457 1203 4511 in
1228 4456 1374 4511 comitatu
1399 4469 1503 4524 zagra-

244 4567 339 4622 biensi
364 4566 445 4638 apud
482 4582 590 4622 manus
621 4567 774 4622 dictorum
805 4565 920 4621 civium
954 4564 1140 4631 habitarum,
1164 4561 1239 4634 ipsis
1264 4576 1318 4632 per
1343 4560 1505 4616 dominum

246 4672 476 4743 Sigismundum
502 4686 605 4744 regem
631 4673 787 4744 ilungarie
810 4679 865 4729 etc.
894 4678 1042 4743 perpetue
1066 4668 1252 4725 collatarum
1275 4676 1304 4722 et
1327 4683 1358 4722 se
1382 4666 1507 4737 quovis·

244 4777 337 4836 modo
360 4784 389 4834 et
413 4778 531 4849 quesito
556 4779 659 4835 colore
688 4779 718 4835 in
744 4776 866 4835 easdem
892 4775 1128 4844 intromissione,
1156 4778 1371 4844 metarumque
1395 4778 1424 4827 et
1448 4777 1507 4827 ter·
