3488 5242
664 331 737 388 Dec.
758 344 809 405 91.
837 365 873 372 -
900 330 955 387 An.
979 344 1069 406 1300.
1459 348 1497 403 77

236 531 306 586 tatis
332 536 533 602 augmentum
565 545 635 587 cum
668 528 880 586 benedictione
908 535 1042 603 patema.
1066 529 1211 586 Relatum
1235 536 1279 587 est
1302 530 1392 588 nobis
1416 529 1501 603 quod

236 634 380 698 Ganinus
404 635 590 692 castellanus
614 634 651 691 de
675 633 815 705 Medued,
843 650 861 691 a
885 635 974 691 vobis
998 640 1115 708 peteret
1139 635 1295 705 victualia,
1319 635 1400 693 unde
1428 653 1500 694 cum

236 742 397 798 ecclesiam
428 749 563 798 nostram
588 741 649 797 sibi
672 741 723 797 vel
747 741 857 813 cuique
881 741 971 798 alteri
998 741 1140 798 tribulari
1164 756 1225 798 non
1250 742 1383 799 velimus
1406 742 1500 800 devo·

235 848 315 904 cioni
340 854 440 904 vestre
462 848 671 904 universitatis
695 846 878 904 mandamus
902 847 932 903 in
956 846 1160 920 presentibus
1185 852 1335 921 quatenus
1351 847 1435 905 dicto
1452 864 1501 906 ea·

235 953 367 1009 stellano
401 953 439 1009 de
475 952 607 1010 Medued
638 952 677 1010 de
712 953 899 1010 victualibus
934 953 1071 1009 breviter
1105 953 1201 1011 nichil
1236 952 1315 1010 detis
1349 970 1404 1011 nec
1434 953 1501 1012 dari

236 1058 360 1116 faciatis.

323 1176 405 1226 Liber
425 1177 548 1241 privileg.
568 1182 679 1241 eppatus
703 1177 806 1242 zagrab.
831 1192 856 1240 p.
881 1177 922 1227 66.
942 1177 972 1227 In
990 1178 1061 1228 arch.
1081 1177 1272 1243 archiepiscop.
1292 1178 1396 1242 zagrab.
1424 1178 1499 1244 Joan.

236 1264 352 1313 Tkaldie‘.
373 1265 442 1315 Mon.
462 1264 522 1314 hist.
542 1265 620 1329 episc.
640 1265 745 1329 zagrab.
766 1264 785 1314 I.
806 1280 830 1330 p.
851 1275 909 1326 240.

835 1461 893 1526 91.

340 1586 416 1634 Anno
438 1594 511 1643 1300,
531 1587 571 1635 28.
591 1584 712 1651 Augusti.
733 1584 828 1635 Budae.

236 1696 369 1751 Amtrecrs
392 1696 451 1752 ΙΙΙ.
476 1697 655 1768 Hungariae
677 1703 723 1753 etc.
748 1714 812 1762 rex,
834 1696 908 1752 cives
937 1694 1114 1754 Grechenses
1136 1713 1156 1752 a
1178 1695 1379 1769 praestatione
1405 1715 1503 1755 census

574 1804 699 1876 impositi
719 1802 756 1858 ab
779 1802 927 1858 Albertr'no
953 1801 1030 1869 duce,
1053 1803 1170 1859 relevat.

325 1927 387 1984 Nos
411 1927 550 1985 Andreas
574 1927 623 1985 dei
653 1929 756 1999 gracia
786 1945 841 1985 rex
872 1928 1037 1999 Hungarie.
1069 1927 1286 2001 significamus
1313 1930 1427 2002 quibus
1450 1945 1502 1987 ex·

237 2033 323 2107 pedit
347 2034 498 2091 universis
522 2035 715 2107 presencium
740 2049 796 2107 per
812 2041 959 2102 tenorem,
977 2033 1060 2106 quod
1078 2033 1233 2092 Barnabas
1250 2036 1327 2093 civis
1343 2035 1381 2093 de
1397 2043 1502 2094 monte

236 2138 393 2196 Greciensi
424 2155 495 2196 cum
527 2140 637 2196 litteris
667 2138 786 2209 iudicis,
816 2139 987 2197 iuratorum
1018 2155 1053 2196 ac
1082 2139 1291 2198 universitatis
1323 2142 1439 2199 civium
1463 2141 1502 2199 de

235 2245 303 2318 ipso
334 2253 438 2302 monte
473 2244 638 2313 Greciensi,
668 2245 707 2301 ad
738 2250 875 2302 nostram
900 2246 1102 2319 personaliter
1126 2245 1272 2303 accedens
1301 2248 1502 2320 presenciam,

235 2350 419 2421 significavit
442 2352 532 2408 nobis
556 2366 680 2407 omnem
703 2353 914 2409 necessitatem
937 2367 990 2407 seu
1021 2352 1194 2423 angustiam
1228 2353 1373 2410 hactenus
1400 2351 1502 2410 diver·

236 2456 354 2514 simode
379 2456 491 2514 iactam
511 2473 604 2530 super
628 2459 719 2530 ipsos,
743 2467 772 2514 et
796 2457 874 2515 dixit
905 2457 1002 2527 nobis
1027 2456 1111 2530 quod
1143 2456 1287 2515 dominus
1312 2458 1501 2529 Albertinus

235 2563 299 2620 dux
322 2565 419 2620 tocius
443 2563 604 2621 Sclauonie
627 2569 656 2621 et
679 2579 783 2620 comes
814 2563 853 2620 de
883 2565 1009 2637 Posoga
1043 2564 1222 2622 karissimus
1253 2565 1425 2627 avunculus
1448 2580 1502 2622 no·

236 2677 304 2737 ster,
328 2670 411 2726 ultra
435 2669 568 2727 sormam
592 2670 745 2727 libertatis
769 2670 917 2742 ipsorum,
942 2676 1046 2728 nostro
1070 2671 1236 2743 privilegio
1259 2669 1422 2737 mediante,
1446 2686 1503 2743 per

235 2791 290 2832 nos
314 2774 429 2831 eisdem
454 2790 638 2846 concessam,
671 2792 796 2834 censum
830 2792 882 2833 seu
915 2777 1077 2849 pecuniam
1111 2781 1227 2849 peteret
1258 2783 1287 2833 et
1318 2784 1503 2849 extorquere

234 2881 331 2938 veliet
353 2897 447 2954 super
470 2883 562 2955 ipsos,
586 2883 665 2939 sicut
688 2883 718 2940 in
742 2883 853 2941 litteris
877 2883 974 2940 eciam
1004 2883 1144 2955 ipsorum
1169 2883 1284 2941 civium
1310 2883 1432 2956 plenius
1455 2883 1501 2940 vi-

235 2986 338 3043 dimus
362 2989 517 3045 contineri.
542 2987 631 3047 Unde
654 3005 726 3046 cum
756 3005 812 3046 nos
842 2990 943 3062 ipsam
974 2988 1131 3046 civitatem
1161 2989 1240 3046 inter
1262 2988 1340 3046 alias
1363 2989 1502 3046 civitates

234 3093 320 3164 regni
342 3094 437 3149 nostri
462 3093 533 3166 plus
557 3092 683 3152 fidelem
706 3094 796 3151 nobis
820 3094 886 3152 sore
909 3093 1113 3165 dinoscamus,
1137 3101 1167 3152 et
1190 3110 1315 3152 omnem
1337 3095 1501 3168 pecuniam

235 3197 325 3254 adie
349 3200 558 3256 coronacionis
589 3207 692 3257 nostre
714 3217 812 3273 usque
839 3199 934 3258 modo
965 3207 1093 3274 propter
1125 3199 1307 3258 fidelitatem
1338 3200 1427 3258 nobis
1450 3200 1503 3257 de·

235 3304 333 3360 bitam
356 3304 480 3361 eosdem
504 3306 636 3362 sciamus
660 3306 830 3377 tollerasse,
854 3322 891 3363 ex
914 3307 1018 3378 gracia
1041 3307 1138 3378 regali
1162 3312 1190 3363 et
1214 3305 1382 3364 dileccione
1405 3321 1441 3362 ac
1458 3305 1501 3362 ia·

236 3424 310 3465 vore
333 3411 460 3482 speciali
484 3410 523 3467 ad
546 3412 786 3469 retribucionem
810 3411 968 3471 fidelitatis
999 3413 1149 3486 ipsorum,
1173 3411 1253 3470 facta
1276 3411 1503 3469 deliberacione

234 3523 338 3572 nostra
373 3515 576 3585 decrevimus,
601 3516 685 3588 quod
710 3517 803 3575 iidem
827 3518 910 3575 cives
934 3518 972 3575 de
1003 3524 1107 3576 monte
1134 3515 1300 3588 Greciensi,
1323 3533 1378 3575 nec
1401 3516 1502 3575 eidem

235 3619 361 3677 domino
385 3623 556 3691 Albertin0,
580 3639 635 3680 nec
659 3624 755 3680 eciam
780 3624 872 3681 alicui
896 3624 1006 3681 baroni
1029 3623 1068 3681 de
1091 3638 1186 3696 regno
1210 3629 1320 3681 nostro
1343 3623 1395 3680 vel
1418 3623 1503 3680 exhi-

235 3726 328 3783 bitori
351 3728 524 3786 litterarum
548 3734 723 3786 nostrarum
748 3730 885 3802 aliquem
910 3746 1035 3787 censum
1059 3747 1112 3788 seu
1137 3730 1333 3787 exaccionem
1358 3729 1409 3786 vel
1440 3729 1503 3785 col·

235 3832 350 3889 lectam
371 3835 492 3892 solvere
517 3843 675 3892 teneantur
699 3835 795 3892 donec
826 3836 897 3893 anni
929 3852 982 3893 seu
1015 3845 1155 3911 tempora
1183 3835 1336 3893 libertatis
1362 3835 1501 3907 ipsorum

235 3938 273 3995 de
297 3947 400 3996 nostra
425 3943 591 4009 maiestate,
616 3941 769 3998 mediante
801 3943 966 4015 privilegio
999 3950 1112 4011 nostro,
1137 3942 1271 3999 concessi
1295 3945 1449 3998 transeant
1472 3946 1502 3996 et

234 4047 390 4118 expirent;
413 4048 485 4118 quia
509 4047 634 4104 eosdem
660 4049 689 4104 in
714 4049 781 4120 ipsa
805 4048 948 4105 libertate
980 4047 1186 4121 indempniter
1210 4047 1357 4104 volumus
1381 4061 1502 4103 conser-

234 4165 323 4216 vare;
348 4161 377 4208 et
400 4154 424 4208 si
457 4154 644 4225 quicumque
676 4153 801 4211 eosdem
833 4155 913 4211 ultra
946 4153 1079 4210 sormam
1112 4154 1264 4211 libertatis
1296 4154 1435 4226 ipsorum
1462 4150 1500 4208 ad

235 4257 418 4314 solvendum
442 4259 579 4330 aliquem
612 4275 736 4316 censum
768 4261 864 4317 vellet
895 4268 1059 4329 coarctare,
1083 4260 1185 4332 placet
1213 4260 1310 4327 nobis,
1338 4266 1371 4315 ut
1394 4272 1427 4313 se
1450 4256 1502 4313 de·

235 4363 359 4420 tendant
384 4365 515 4421 viriiiter
538 4366 718 4422 auctoritate
742 4375 771 4422 et
788 4367 946 4424 voluntate
962 4374 1065 4424 nostre
1084 4367 1258 4423 maiestatis.
1276 4366 1392 4422 Datum
1409 4363 1501 4432 Bude,

235 4469 390 4526 dominica
414 4471 557 4543 proxima
582 4478 650 4544 post
676 4471 789 4528 festum
819 4473 901 4529 beati
934 4471 1144 4530 Bartholomei
1167 4472 1309 4545 apostoli.
1334 4472 1424 4527 Anno
1448 4468 1502 4526 do·

234 4578 310 4634 mini
334 4577 451 4634 MCCC.

323 4695 463 4760 Originale
483 4695 508 4744 in
528 4697 685 4745 membrana.
705 4699 729 4745 A
748 4704 824 4761 tergo
844 4695 985 4762 vestigium
1004 4695 1092 4762 magni
1111 4695 1196 4761 sigilli
1216 4696 1294 4760 regis.
1314 4693 1498 4744 1narchlib.

234 4799 289 4848 reg.
309 4784 357 4832 civ.
377 4785 480 4848 zagrab.
503 4813 534 4821 —
555 4785 712 4849 Programm
728 4785 774 4834 des
793 4784 818 4833 lr.
838 4784 862 4833 k.
883 4784 1068 4852 Gymnasiums
1086 4800 1119 4834 zu
1136 4786 1244 4849 Agrann
1266 4783 1341 4842 1858,
1360 4798 1385 4848 p.
1410 4791 1450 4847 19.
