3488 5242
276 336 335 396 142
692 318 765 376 Duc.
789 312 858 375 162.
885 351 923 361 -
947 317 1117 397 Au1333.

274 514 446 573 lacionibus
468 520 498 573 et
520 522 674 573 metarum
698 515 908 574 ereccionibus
931 515 1113 575 earumdem
1131 519 1318 591 rescriptum
1333 518 1442 590 extitit,
1459 520 1543 592 ipsas

273 621 540 679 reambulaciones
555 626 585 679 et
601 627 755 679 metarum
776 622 948 680 erecciones
964 623 1029 681 sine
1044 622 1216 696 preiudicio
1231 624 1346 681 iurium
1363 629 1543 683 nostrorum

273 733 303 783 et
326 727 539 800 quorumlibet
561 727 697 785 aliorum
719 733 860 801 patenter
883 729 1077 801 presencium
1101 730 1272 801 patrocinio
1295 730 1470 787 litterarum
1486 746 1541 809 ap·

275 833 444 906 probantes
476 832 537 906 ipsi
566 833 694 890 ecclesie
724 834 916 906 zagrabiensi
947 839 977 890 et
997 835 1134 908 capitulo
1157 834 1296 892 eiusdem
1320 835 1541 894 confirmamus

274 938 496 1011 promittentes,
527 944 562 995 ut
592 954 688 1012 quam
717 939 856 1012 primum
888 946 1044 1013 presentes
1075 939 1177 997 littere
1205 940 1243 997 ad
1275 956 1330 998 nos
1359 940 1473 999 fuerint
1495 957 1542 998 re·

274 1048 395 1118 portate
419 1045 451 1101 in
473 1043 608 1102 sormam
632 1045 729 1103 nostri
751 1046 909 1119 privilegii
933 1045 1060 1104 easdem
1082 1046 1181 1118 redigi
1205 1046 1359 1104 iaciemus.
1376 1048 1541 1120 Magnifico

277 1157 379 1208 tamen
411 1152 479 1208 viro
509 1150 624 1223 Mykch
663 1152 744 1209 bano
782 1152 880 1209 tocius
911 1151 1082 1223 Sclauonie,
1107 1151 1194 1210 fideli
1224 1158 1329 1210 nostro
1360 1153 1540 1226 predilecto,

275 1257 426 1329 premissa
451 1258 554 1314 omnia
577 1258 766 1315 articulatim
797 1256 963 1329 diligenter
989 1258 1190 1329 examinante,
1214 1264 1365 1317 annuente
1388 1267 1418 1317 et
1441 1259 1480 1317 ad
1505 1275 1540 1317 ea

274 1377 456 1420 consensum
478 1364 628 1438 prebente
652 1370 681 1421 et
704 1378 870 1421 assensum.
894 1363 1009 1420 Datum
1033 1363 1191 1436 Zagrabie,
1214 1365 1246 1422 in
1272 1363 1350 1422 festo
1374 1366 1455 1423 beati
1470 1365 1541 1424 Bar·

273 1469 353 1551 nabe
376 1470 517 1543 apostoli.
543 1471 631 1526 Anno
654 1469 773 1527 domini
794 1468 1044 1528 MCCCXXXIII.

362 1624 384 1672 E
403 1623 475 1673 libro
495 1624 621 1674 statutor.
642 1638 697 1688 cap.
718 1623 821 1689 zagrab.
842 1638 866 1686 p.
886 1623 931 1672 IV.
953 1638 973 1672 c.
994 1623 1040 1672 IV.
1058 1625 1133 1689 Joan.
1152 1624 1267 1676 Thateis.
1288 1627 1357 1676 Mon.
1381 1626 1441 1680 hist.
1460 1627 1538 1691 episc.

274 1729 297 1762 v.
317 1712 350 1763 11.
370 1727 397 1776 p.
418 1721 474 1769 115.
500 1711 620 1776 Simplex
646 1718 813 1776 transsumpt.
837 1711 864 1761 in
884 1711 983 1768 charta,
1002 1718 1074 1761 extat
1094 1712 1120 1761 in
1139 1715 1240 1764 archiv.
1260 1731 1317 1765 ven.
1337 1715 1414 1780 capit.
1435 1715 1538 1780 zagrab.

274 1801 334 1851 fasc.
357 1810 377 1850 1.
398 1816 436 1849 nr.
457 1810 498 1863 39.

866 1980 947 2046 162.

378 2141 453 2188 Anno
475 2148 549 2197 1333,
573 2147 612 2196 13.
632 2137 713 2203 Junii.
733 2138 886 2203 Zagrabiae.

279 2267 400 2324 Carolus
422 2267 599 2339 Irhmgariae
624 2273 671 2321 etc.
695 2284 758 2335 rex,
784 2267 930 2339 quibusvis
953 2265 1101 2324 extraneis
1120 2267 1154 2322 de
1169 2268 1318 2341 frugibus,
1340 2268 1400 2324 sale
1421 2275 1450 2324 et
1468 2269 1536 2323 ruho

273 2375 303 2429 iu
326 2381 417 2430 urente
446 2371 541 2430 Greclt
557 2371 717 2438 vendendis,
734 2379 835 2429 laxam
852 2372 1114 2429 coutrt'butr‘onalem
1133 2374 1296 2429 soluendum
1311 2392 1377 2435 esse.
1386 2376 1536 2447 praecepit.

361 2534 428 2591 Non
454 2534 587 2591 Karolus
610 2533 659 2590 dei
682 2534 786 2605 gracia
816 2550 871 2590 rex
901 2535 1066 2607 Hungarie.
1099 2534 1316 2607 significamus
1341 2542 1445 2594 tenore
1467 2553 1537 2609 pre-

272 2641 407 2698 sencium
443 2640 556 2712 quibus
580 2639 705 2711 expedit
728 2639 888 2708 universis
912 2641 1060 2696 memorie
1084 2641 1342 2711 commendantes
1368 2641 1450 2714 quod
1468 2656 1538 2698 con·

272 2747 417 2805 sideratis
437 2745 641 2803 fidelitatibus
665 2751 694 2801 et
715 2743 856 2801 fidelium
880 2746 1082 2802 serviciorum
1114 2747 1231 2803 meritis
1255 2746 1395 2804 fidelium
1421 2747 1535 2803 civium

272 2860 301 2909 et
324 2852 483 2925 hospitum
513 2857 690 2907 nostrorum
722 2851 931 2920 (irecensium,
962 2851 1137 2922 specialiter
1169 2851 1363 2909 advertentes
1393 2851 1537 2925 dampna,

270 2974 330 3031 que
353 2957 429 3030 ipsis
453 2972 510 3030 per
532 2963 655 3027 gentem
680 2963 825 3025 nostram,
849 2956 965 3013 scilicet
995 2972 1052 3029 per
1083 2958 1243 3014 continuos
1266 2959 1418 3014 exercitus
1442 2974 1536 3031 super

271 3062 395 3121 eosdem
420 3062 637 3119 descendentes
668 3068 739 3119 sunt
769 3063 865 3132 illata,
898 3063 1061 3119 annuimus
1092 3063 1208 3120 eisdem
1240 3064 1269 3120 in
1297 3065 1468 3136 aliqualem
1491 3081 1537 3121 re-

269 3169 558 3242 compensacionem
583 3168 792 3240 dampnorum
822 3167 1012 3238 eorumdem,
1045 3178 1079 3225 ut
1109 3169 1147 3226 de
1177 3170 1240 3226 illis
1269 3172 1362 3227 rebus
1386 3172 1536 3241 ethonis,

269 3292 329 3348 que
355 3276 384 3332 in
408 3275 515 3332 eadem
538 3276 661 3332 civitate
692 3274 897 3348 deponuntur,
929 3275 1059 3331 scilicet:
1092 3276 1174 3343 vino,
1199 3276 1339 3347 frugibus
1370 3283 1398 3332 et
1420 3277 1537 3334 salibus

271 3396 540 3453 quorumcumque
564 3385 780 3438 extraneorum
805 3381 966 3437 hominum
991 3386 1021 3437 et
1043 3381 1251 3453 cuiuscunque
1275 3380 1463 3438 condicionis
1478 3397 1533 3454 po·

269 3487 417 3559 pulorum
447 3485 556 3542 eadem
589 3485 729 3558 deposita
756 3486 896 3556 existant,
927 3486 1122 3542 exaccionem
1158 3502 1211 3542 seu
1247 3487 1409 3543 collectam
1444 3492 1536 3559 prout

268 3593 451 3650 conveniens
474 3599 503 3649 et
527 3608 697 3665 congruum
722 3591 822 3662 fuerit,
854 3591 1022 3665 recipiendi
1054 3592 1183 3664 singulis
1214 3594 1300 3649 annis
1332 3594 1464 3649 habeant
1490 3592 1534 3649 fa·

269 3699 424 3770 cultatem,
448 3707 481 3755 ut
504 3698 675 3771 predictam
700 3700 857 3755 civitatem
881 3704 1018 3754 nostram
1048 3697 1173 3754 firmare
1197 3699 1319 3754 valeant
1343 3699 1426 3755 etin
1451 3699 1533 3755 bono

269 3810 348 3861 statu
371 3820 560 3861 conservare.
584 3805 737 3860 Volumus
760 3804 863 3876 itaque
886 3811 915 3859 et
938 3803 1028 3859 vobis
1052 3803 1203 3859 universis
1227 3804 1405 3860 hominibus
1433 3809 1463 3860 et
1483 3820 1534 3860 cu·

269 3911 404 3967 cuiusvis
427 3909 614 3967 condicionis
637 3910 762 3982 populis
794 3910 824 3966 in
858 3909 965 3965 eadem
995 3910 1119 3965 civitate
1150 3909 1295 3966 Grecensi
1320 3909 1459 3981 deposita
1483 3911 1535 3966 ha·

269 4018 413 4074 bentibus
437 4022 467 4073 et
488 4015 647 4087 habendis
671 4016 784 4087 quibus
800 4020 957 4088 presentes
973 4014 1180 4084 ostendentur,
1198 4016 1386 4087 precipimus
1403 4015 1535 4072 firmiter

268 4130 297 4179 et
320 4122 465 4190 districte,
489 4127 638 4193 quatenus
662 4121 700 4176 de
723 4120 872 4193 depositis
896 4121 1013 4188 vestris
1037 4120 1115 4176 sicut
1143 4119 1343 4191 prediximus,
1368 4120 1532 4176 collectam

267 4245 320 4285 seu
344 4229 537 4285 exaccionem
562 4226 725 4298 eomodo,
748 4233 842 4300 prout
864 4226 1019 4298 sepedicta
1043 4226 1151 4282 civitas
1175 4232 1279 4281 nostra
1302 4226 1464 4281 vobiscum
1482 4240 1531 4282 or·

268 4335 396 4405 dinabit,
426 4334 555 4405 singulis
581 4335 668 4390 annis
700 4333 773 4390 dare
805 4339 835 4389 et
863 4332 1043 4405 persolvere
1074 4331 1220 4399 debeatis,
1248 4339 1277 4386 et
1302 4332 1331 4387 in
1355 4331 1422 4399 hoe,
1447 4330 1532 4403 quod

268 4457 324 4515 per
347 4447 484 4497 nostram
508 4441 700 4496 maiestatem
731 4446 775 4496 est
807 4438 993 4499 ordinatum.
1026 4437 1265 4494 contradictores
1289 4453 1436 4493 essenon
1462 4454 1532 4510 pre·

267 4547 405 4616 sumatiS,
428 4546 566 4617 alioquin
590 4547 665 4618 ipsis
695 4545 816 4602 civibus
846 4552 875 4601 et
906 4545 1080 4617 hospitibus
1112 4546 1223 4601 nostris
1256 4545 1477 4609 commisimus,
1501 4553 1534 4601 ut

268 4651 357 4720 illud,
381 4653 464 4724 quod
487 4652 670 4709 conveniens
692 4657 722 4708 et
746 4667 916 4723 congruum
940 4650 1032 4708 fuerit
1054 4666 1148 4723 super
1163 4649 1311 4723 depositis
1334 4651 1453 4715 vestris,
1477 4665 1531 4706 no·

267 4763 330 4814 stra
353 4759 533 4815 auctoritate
557 4755 719 4827 mediante,
749 4756 917 4831 recipiendi
946 4756 1081 4815 habeant
1111 4755 1297 4813 facultatem.
1330 4754 1444 4812 Datum
1479 4754 1534 4813 Za·
