3488 5242
677 363 755 421 ·Doc.
778 359 849 440 236.
877 397 913 406 -
938 364 994 422 An.
1019 361 1107 441 1356.
1473 384 1531 428 211

262 561 343 619 cium
368 562 514 619 noticiam
530 547 691 620 'habituris
710 564 843 621 salutem
860 563 891 621 in
907 562 1049 620 omnium
1064 562 1226 621 salvatore.
1242 563 1338 646 Justis
1354 565 1530 638 petencium

261 665 421 725 desideriis
445 666 569 724 facilem
593 668 724 742 prebere
746 683 929 726 consensum
949 668 997 726 ius
1020 669 1138 740 invitat,
1162 671 1282 742 equitas
1305 668 1472 744 persvadet
1500 677 1530 727 et

263 771 382 829 ducalis
405 773 593 830 excellencia
616 780 782 832 exortatur.
805 773 938 832 Proinde
961 773 1001 831 ad
1024 775 1241 832 universorum
1257 775 1403 833 noticiam
1419 777 1530 833 harum

261 879 339 935 serie
362 880 508 936 volumus
530 881 701 952 pervenire,
729 879 813 953 quod
835 879 973 952 religiosi
996 880 1056 938 viri
1083 879 1193 938 fratres
1216 881 1373 939 Heremite
1401 882 1529 939 ecclesie

262 984 352 1041 beate
385 985 513 1057 virginis
543 985 581 1042 de
612 987 826 1059 promontorio
849 986 1040 1058 zagrabiensi
1063 985 1102 1043 ad
1125 993 1229 1044 nostre
1252 987 1422 1045 serenitatis
1448 1003 1531 1045 acce·

261 1089 368 1146 dentes
393 1091 594 1164 presenciam,
617 1092 824 1149 exhibuerunt
847 1091 937 1148 nobis
961 1090 1113 1164 quasdam
1128 1091 1246 1150 litteras
1263 1093 1384 1150 clausas
1399 1093 1529 1166 capituli

260 1196 469 1266 zagrabiensis
500 1197 628 1255 ecclesie
658 1214 753 1271 super
783 1198 952 1255 statucione
983 1198 1184 1271 possessionis
1213 1198 1445 1270 Priztawchyna
1474 1214 1528 1257 vo·

260 1307 327 1359 cate
360 1302 522 1375 confectas,
554 1309 714 1376 precantes
745 1310 884 1362 nostram
915 1304 1093 1362 humillime
1124 1305 1317 1362 maiestatem
1348 1311 1382 1362 ut
1405 1305 1530 1363 easdem

260 1413 421 1481 acceptare
455 1410 630 1482 nostrisque
664 1410 777 1467 litteris
810 1410 1066 1483 privilegialibus
1099 1410 1303 1485 dignaremur,
1337 1411 1529 1469 confirmare.

260 1512 485 1587 Cuiusquidem
508 1522 595 1573 tenor
619 1515 689 1572 talis
705 1522 766 1573 est:
791 1509 864 1594 (vid.
889 1532 933 1574 nr.
960 1530 1029 1589 235.
1053 1531 1101 1574 an.
1124 1515 1214 1590 1356.
1235 1530 1281 1584 15.
1297 1511 1449 1592 januarii.)
1465 1516 1529 1574 Nos

261 1620 363 1692 itaque
395 1621 483 1678 iustis
515 1627 545 1677 et
574 1620 721 1692 legitimis
745 1621 1030 1694 supplicacionibus
1056 1621 1210 1680 dictorum
1235 1621 1366 1680 fratrum
1391 1623 1531 1680 Heremi-

262 1730 361 1782 tarum
388 1726 603 1783 favorabiliter
626 1727 773 1795 inclinati,
797 1726 894 1784 dictas
919 1728 1038 1785 litteras
1060 1728 1157 1802 ipsius
1177 1729 1305 1802 capituli
1322 1728 1530 1799 zagrabiensis

261 1833 388 1889 ecclesie
412 1834 502 1890 nobis
532 1842 689 1906 porrectas
721 1849 815 1907 super
842 1835 1011 1891 statucione
1044 1833 1125 1891 dicte
1149 1834 1351 1906 possessionis
1374 1833 1529 1904 Pryztaw-

261 1940 376 2009 schyna
388 1946 562 2012 nuncupate
575 1946 732 1996 emanatas
744 1947 949 2011 acceptamus
963 1939 1185 2012 approbamus,
1198 1938 1388 1995 ratificamus
1407 1944 1437 1995 et
1449 1940 1532 1996 testi·

261 2045 366 2102 monio
378 2045 573 2118 presencium
587 2045 761 2102 litterarum
775 2052 951 2102 nostrarum
965 2045 1209 2118 privilegialium
1219 2050 1370 2118 perpetuo
1380 2044 1530 2102 valituras

260 2150 481 2207 confirmamus
506 2156 605 2207 totum
630 2158 766 2207 tenorem
784 2150 921 2207 eiusdem
946 2150 984 2208 de
1009 2151 1106 2208 verbo
1127 2149 1166 2207 ad
1183 2151 1317 2207 verbum
1334 2151 1530 2223 presentibus

261 2257 352 2313 inseri
377 2255 524 2313 faciendo.
545 2257 578 2313 ln
602 2257 688 2313 cuius
711 2257 756 2314 rei
780 2258 965 2313 memoriam
991 2263 1237 2330 perpetuamque
1261 2256 1441 2313 firmitatem
1459 2271 1530 2329 pre·

260 2369 360 2419 sentes
391 2363 597 2419 concessimus
630 2362 762 2419 littteras
790 2368 910 2420 nostras
934 2362 1155 2436 privilegiales,
1187 2361 1349 2435 pendentis
1371 2369 1401 2418 et
1424 2370 1530 2419 auten·

260 2470 311 2525 tici
342 2469 439 2540 sigilli
464 2470 558 2527 nostri
589 2469 759 2526 munimine
790 2469 991 2539 consignatas.
1019 2469 1135 2525 Datum
1156 2467 1315 2539 Zagrabie,
1339 2484 1397 2541 per
1419 2483 1530 2525 manus

260 2575 382 2632 discreti
407 2576 467 2632 viri
490 2575 608 2632 domini
633 2574 714 2632 Petri
736 2575 886 2648 prepositi
911 2574 1003 2630 castri
1020 2572 1121 2643 ferrei,
1137 2573 1207 2630 aule
1223 2580 1327 2630 nostre
1342 2573 1529 2631 cancellarii.

262 2684 350 2739 Anno
373 2680 511 2738 eiusdem
535 2681 672 2736 MCCCL
694 2686 782 2737 sexto
809 2680 957 2753 predicto.

349 2799 489 2863 Originalc
511 2799 536 2848 in
555 2798 706 2848 membrana
725 2799 854 2855 attritum,
875 2813 938 2848 zona
951 2798 1050 2847 sericea
1063 2812 1156 2846 crocea
1170 2797 1302 2863 appendet
1315 2799 1414 2861 absque
1428 2797 1527 2863 sigillo.

260 2891 317 2938 Act.
341 2890 465 2938 Conveni.
490 2888 590 2936 Remet.
614 2886 675 2936 fasc.
699 2886 718 2936 1.
742 2903 781 2936 nr.
804 2896 842 2936 10.
872 2886 902 2936 In
930 2886 1040 2936 archivo
1068 2885 1143 2949 regni
1169 2886 1242 2936 csb.
1271 2885 1424 2950 Zagrabiae.
1453 2887 1528 2952 Joan.

261 2976 427 3040 Kukuljevic‘.
458 2976 544 3024 Arkiv
569 2991 598 3023 za
622 2974 725 3040 poviest
742 2976 839 3040 jugosl.
860 2974 906 3024 111.
927 2990 951 3039 p.
972 2975 1013 3025 86.

851 3191 939 3258 236.

367 3281 442 3328 Anno
465 3278 539 3336 1356,
560 3287 600 3326 21.
620 3277 690 3326 maii.

261 3390 422 3446 Lodouicus
445 3390 621 3461 Hungariac
641 3397 688 3445 etc.
711 3408 774 3456 ccx,
790 3389 925 3462 precibus
950 3389 1090 3464 Dionysii
1111 3388 1317 3458 archidiaconi,
1332 3390 1525 3462 possessiones

260 3514 328 3552 scias
344 3504 404 3568 pro
426 3497 487 3553 dote
509 3496 615 3552 altaris
637 3496 661 3552 b.
685 3494 806 3551 Mariae
836 3495 1035 3567 Magdalcnae
1064 3496 1094 3551 icc
1124 3495 1238 3551 ccclesia
1266 3494 1430 3552 caiiccdrali
1450 3495 1526 3570 fiin-

630 3601 723 3658 dandi
742 3601 888 3675 applicari
903 3609 994 3674 posse,
1016 3601 1159 3658 consentit.

348 3745 521 3802 Lodouicus
545 3745 593 3802 dei
618 3747 721 3817 gracia
746 3746 911 3817 Hungarie,
934 3745 1103 3814 Dalmacie‚
1125 3745 1261 3812 Croacie,
1279 3743 1384 3813 Rame‚
1408 3741 1525 3814 Serme,

260 3850 400 3922 Gallicie‚
424 3852 617 3919 Lodomerie,
640 3852 796 3921 Comanie,
822 3851 1027 3923 Bulgarieque
1050 3867 1113 3921 rex,
1137 3851 1283 3924 princeps
1298 3847 1523 3907 Sallemitanus

260 3973 295 4013 ac
319 3959 432 4015 montis
455 3959 552 4015 sancti
569 3958 679 4029 Angeli
697 3957 848 4014 dominus.
865 3957 1018 4014 Omnibus
1034 3956 1149 4014 Christi
1166 3955 1312 4012 fidelibus
1328 3954 1524 4028 presentibus

261 4065 375 4136 pariter
397 4071 427 4120 et
450 4063 561 4120 futuris
585 4064 779 4137 presencium
809 4063 954 4119 noticiam
986 4062 1138 4119 habituris
1174 4060 1307 4118 salutem
1330 4061 1360 4118 in
1384 4060 1524 4117 omnium

259 4170 421 4226 salvatore.
444 4170 540 4252 Justis
564 4171 737 4243 petencium
763 4168 924 4226 desideriis
956 4168 1079 4225 facilem
1110 4168 1241 4241 prebere
1269 4180 1451 4223 consensum
1476 4165 1524 4222 ius

260 4276 376 4336 invitat.
400 4276 520 4347 equitas
543 4274 709 4349 persuadet
732 4281 760 4331 et
784 4275 898 4345 regalis
921 4275 1098 4331 sublimitas
1121 4278 1279 4330 exortatur
1307 4272 1469 4345 persertim
1494 4271 1525 4327 in

259 4382 326 4450 hiis,
351 4397 410 4454 que
434 4388 609 4439 sanctarum
634 4381 835 4438 ecclesiarum
862 4379 1000 4437 comodis
1024 4379 1169 4437 videntur
1200 4378 1318 4435 utiliter
1348 4378 1525 4435 subvenire.

260 4487 392 4545 Proinde
423 4488 460 4544 ad
493 4489 711 4544 universorum
741 4488 852 4544 harum
885 4486 963 4542 serie
994 4486 1139 4543 noticiam
1171 4485 1318 4541 volumus
1352 4481 1524 4557 pervenire,
1552 4536 1554 4541 .

260 4593 341 4666 quod
367 4593 517 4649 discretus
540 4594 589 4649 vir
620 4592 765 4649 dominns
796 4592 971 4663 Dyonisius,
1002 4590 1246 4662 archydiaconus
1273 4588 1312 4646 de
1334 4587 1472 4646 Kemluk
1495 4595 1525 4644 et

259 4699 423 4755 canonicus
446 4698 572 4755 ecclesie
603 4698 818 4768 zagrabiensis,
850 4695 888 4753 ad
920 4703 1024 4754 nostre
1055 4696 1226 4753 serenitatis
1256 4692 1430 4751 accedendo
1454 4708 1524 4766 pre·

259 4805 394 4861 senciam
416 4805 510 4878 peciit
533 4819 552 4860 a
574 4804 664 4861 nobis
687 4803 849 4860 humiliter
869 4809 898 4859 et
928 4801 1040 4859 devote
1070 4817 1162 4875 prece
1192 4800 1371 4868 subiectiva,
1394 4804 1429 4854 ut
1452 4799 1526 4871 quia
