3488 5242
263 310 324 383 398
704 305 777 362 Doc.
801 318 870 382 με.
894 337 932 348 -
958 305 1013 361 An.
1030 300 1123 380 1398.

262 503 445 562 formatione
469 503 619 577 quasdam
643 509 706 560 tres
729 503 878 559 sessiones
894 503 1034 575 magistri
1058 502 1176 560 Nicolai
1194 503 1329 573 litterati,
1352 502 1410 560 filii
1427 501 1527 571 Pauli,

261 610 336 668 dicti
359 610 519 679 Prandich,
544 609 582 666 de
605 609 765 681 Zagrabia.
791 609 949 666 Baniazela
973 616 1105 678 vocatas,
1129 611 1215 667 iuxta
1235 610 1348 666 villam
1371 608 1527 678 Pobresye

260 716 453 789 appellatam
477 731 564 772 secus
579 715 787 787 possessiones
803 714 919 772 civium
935 714 1068 771 civitatis
1083 715 1197 771 montis
1212 714 1374 772 Grecensis
1389 712 1525 771 dedicta

260 820 410 893 Zagrania
437 821 568 889 habitas,
588 836 704 877 necnon
725 820 881 892 quandam
903 822 1025 877 vineam
1045 820 1198 878 desertam
1215 837 1267 878 seu
1292 828 1409 878 terram
1425 820 1531 876 vinea·

261 928 323 984 lem
337 942 373 983 ac
385 935 500 984 terram
513 928 665 984 arabilem
678 927 778 984 eidem
792 927 1001 985 subiacentem
1018 933 1047 983 et
1062 943 1159 1000 usque
1177 926 1306 985 lluvium
1318 927 1461 984 Grachan
1478 941 1531 980 vo-

260 1040 362 1090 catum
377 1049 410 1090 se
422 1033 638 1090 extendentem
650 1033 679 1090 in
694 1033 848 1089 vicinitate
861 1033 1006 1089 territorii
1021 1031 1151 1089 fratrum
1166 1032 1394 1089 Heremitarum
1408 1032 1447 1089 de
1458 1046 1530 1104 pro-

263 1140 417 1197 montorio
439 1140 629 1210 zagrabiensi
646 1144 676 1195 et
692 1138 872 1196 eorumdem
885 1138 1001 1195 civium
1014 1139 1186 1206 existentes,
1203 1139 1261 1194 sub
1274 1138 1397 1195 nomine
1410 1152 1531 1211 posses·

261 1245 381 1302 sianum
411 1244 450 1301 ad
481 1252 617 1302 castrum
648 1252 786 1301 nostrum
820 1243 998 1301 lieduewar
1020 1249 1175 1312 vocatum,
1199 1244 1427 1316 pertinentium,
1450 1242 1528 1299 alias

261 1352 406 1423 occupari
430 1357 459 1407 et
483 1350 521 1407 ad
546 1351 648 1423 ipsum
673 1358 809 1407 castrum
834 1350 986 1422 applicari
1003 1348 1174 1406 fecerimus.
1191 1349 1315 1417 Tamen,
1333 1350 1406 1420 quia
1421 1349 1525 1421 ipsum

261 1456 445 1526 magistrum
470 1455 633 1513 Nicolaum
661 1471 755 1528 super
791 1454 870 1511 iacto
893 1453 1059 1511 earundem
1085 1455 1178 1511 trium
1203 1455 1371 1510 sessionum
1389 1468 1424 1509 ac
1440 1454 1528 1509 vinee

262 1578 316 1618 seu
340 1569 420 1618 terre
444 1561 574 1618 vinealis
596 1577 633 1618 ac
655 1569 735 1617 terre
759 1561 887 1616 arabilis
910 1566 940 1616 et
963 1561 1216 1632 pertinentiarum
1241 1558 1409 1615 earundem
1437 1559 1528 1629 legit·

259 1668 373 1724 timum
405 1669 452 1724 ius
483 1676 512 1724 et
543 1666 757 1724 efficasissima
787 1666 937 1722 litteraria
970 1666 1171 1722 instrumenta
1197 1665 1312 1721 habere
1338 1680 1374 1720 ac
1405 1662 1528 1719 easdem

263 1781 325 1830 tres
355 1774 513 1843 sessiones,
544 1773 667 1830 vineam
698 1789 750 1829 seu
782 1778 897 1829 terram
928 1773 1082 1829 vinealem
1112 1787 1148 1828 ac
1179 1778 1292 1828 terram
1321 1770 1472 1828 arabilem
1497 1776 1526 1825 et

265 1881 467 1952 pertinencias
492 1878 659 1935 earundem
683 1878 782 1935 eidem
808 1879 958 1949 magistro
981 1877 1109 1934 Nicolao
1132 1878 1199 1934 iure
1222 1876 1408 1933 hereditario
1431 1892 1471 1942 ex·
1486 1881 1528 1932 te·

261 2000 335 2042 nore
358 1985 539 2042 eorumdem
565 1985 746 2041 litteralium
771 1985 1046 2041 instrumentorum
1064 1984 1211 2055 pertineri
1226 1999 1278 2039 seu
1296 1982 1428 2056 spectari
1444 1981 1530 2037 clare

261 2092 487 2163 comperimus;
520 2105 578 2163 pro
609 2105 645 2146 eo
676 2105 731 2146 nos
754 2090 912 2157 sessiones,
939 2091 1063 2146 vineam
1086 2095 1115 2145 et
1139 2094 1236 2145 terras
1259 2088 1393 2144 arabiles
1417 2101 1528 2160 preno-

261 2202 339 2253 tatas
369 2197 536 2253 simulcum
574 2196 734 2269 prelibatis
766 2195 957 2268 pertinentiis
989 2194 1169 2251 eorumdem
1200 2192 1353 2251 antedicto
1378 2193 1528 2264 magistro

260 2301 389 2360 Nicolao
414 2302 559 2360 litterato.
592 2308 738 2373 tanquam
770 2300 850 2357 iusto
874 2301 949 2357 iuris
973 2300 1063 2357 titulo
1086 2316 1156 2357 eum
1182 2305 1396 2357 concernentes
1420 2299 1529 2367 libere,

261 2407 388 2481 pacifice
419 2418 449 2464 et
479 2408 583 2479 quiete
614 2406 800 2463 remittendo
830 2413 860 2462 et
892 2405 1096 2479 relinquendo
1122 2405 1315 2478 eundemque
1341 2405 1525 2476 magistrum

260 2513 432 2581 Nicolaum,
456 2513 541 2570 iuxta
564 2511 745 2568 eorumdem
769 2512 951 2569 litteralium
981 2513 1254 2568 instrumentorum
1287 2511 1380 2566 series
1403 2515 1433 2566 et
1456 2524 1529 2565 con·

261 2619 410 2685 tinentias,
434 2618 630 2691 presentibus
654 2618 763 2674 vicinis
787 2625 816 2674 et
840 2617 1059 2673 commetaneis
1083 2615 1262 2672 earumdem
1286 2614 1447 2683 universis
1471 2629 1530 2686 per

260 2722 397 2780 Blasium
430 2720 597 2778 officialem
629 2723 713 2778 curie
743 2729 846 2780 nostre
876 2722 1091 2793 zagrabiensis,
1124 2722 1280 2777 hominem
1316 2726 1455 2776 nostrum
1488 2718 1528 2775 ad

260 2829 319 2885 hoc
341 2829 517 2900 specialiter
542 2843 598 2899 per
620 2842 676 2883 nos
699 2827 893 2900 deputatum,
913 2829 944 2884 in
968 2827 1139 2884 dominium
1161 2825 1329 2883 earundem
1345 2826 1528 2894 sessionum,

261 2934 349 2989 vinee
375 2948 410 2988 ac
434 2937 587 2988 terrarum
608 2932 774 2988 arabilium
792 2941 821 2989 et
838 2934 1092 3006 pertinentiarum
1111 2933 1248 3004 ipsarum
1266 2932 1418 3003 legittime
1433 2930 1527 2986 statui

262 3037 400 3107 fecimus,
422 3037 511 3093 nullo
535 3037 759 3095 contradictore
788 3040 862 3096 inibi
887 3045 1055 3111 apparente
1079 3039 1108 3095 in
1133 3038 1190 3094 hac
1214 3044 1309 3110 parte,
1334 3044 1427 3109 prout
1443 3035 1529 3093 idem

260 3143 379 3199 Blasius
403 3142 513 3199 exinde
536 3142 573 3198 ad
598 3158 654 3199 nos
678 3143 799 3200 rediens
823 3146 912 3201 nobis
937 3145 1042 3201 retulit
1059 3145 1188 3212 seriose;
1210 3143 1332 3200 easdem
1350 3159 1406 3214 per
1423 3143 1528 3214 ipsum

260 3249 444 3318 magistrum
468 3246 631 3303 Nicolaum
656 3263 789 3318 suosque
812 3249 940 3305 heredes
963 3258 993 3307 et
1017 3257 1156 3321 posteros
1180 3249 1340 3305 universos
1364 3249 1430 3303 iure
1455 3262 1528 3319 pro-

260 3353 329 3425 prio
352 3357 381 3408 et
405 3352 651 3409 irrevocabiliter
674 3353 883 3424 possidendas,
908 3355 1053 3411 tenendas
1078 3356 1193 3427 pariter
1216 3362 1245 3411 et
1270 3353 1434 3410 habendas.
1453 3353 1527 3410 Pre-

261 3455 323 3513 iata
346 3456 493 3513 litteraria
528 3459 730 3514 instrumenta
754 3465 782 3514 et
806 3460 866 3515 alia
890 3460 1028 3531 quelibet
1050 3461 1125 3527 iura,
1150 3476 1210 3531 que
1233 3475 1327 3532 super
1350 3458 1432 3514 facto
1458 3474 1528 3530 pre·

259 3561 412 3618 dictarum
443 3563 621 3631 sessionum,
654 3564 750 3632 vinee,
786 3570 1001 3637 terrarumque
1031 3566 1206 3632 arabilium,
1230 3580 1347 3621 necnon
1372 3565 1529 3637 pertinen·

258 3668 375 3723 ciarum
407 3667 573 3724 earundem
602 3684 660 3741 pro
691 3668 799 3725 eodem
832 3671 979 3741 magistro
1004 3670 1130 3726 Nicolao
1153 3678 1253 3727 essent
1285 3669 1432 3737 contecta,
1457 3686 1528 3742 pre

258 3772 396 3827 sentibus
418 3772 528 3828 litteris
552 3775 663 3829 nostris
687 3775 870 3845 patentibus,
897 3774 999 3846 quoad
1030 3790 1137 3832 omnes
1168 3775 1349 3832 eorumdem
1381 3775 1527 3842 clasulas‚

260 3877 463 3933 continencias
479 3884 508 3933 et
528 3879 674 3934 articulos
690 3878 919 3949 confirmamus
939 3888 1143 3953 acceptamus,
1160 3880 1348 3937 ratificamus
1366 3888 1395 3937 et
1411 3897 1528 3953 appro-

259 3981 378 4037 bamus
409 3981 560 4052 Quocirca
589 3984 679 4039 vobis
710 3985 886 4041 castellanis
916 3987 1028 4042 nostris
1060 3985 1098 4042 de
1128 3986 1208 4042 dicta
1243 3986 1420 4043 lieduevvar
1442 4003 1526 4042 nunc

259 4088 429 4144 constitutis
453 4094 482 4143 et
505 4089 535 4144 in
559 4088 696 4145 futurum
713 4090 940 4152 constituendis.
958 4094 1150 4162 presencium
1167 4093 1311 4149 noticiam
1329 4093 1529 4149 cernentibus

259 4189 391 4247 firmiter
413 4192 612 4263 precipiendo
649 4194 832 4251 mandamus
863 4197 988 4252 omnino
1012 4198 1158 4264 volentes
1183 4206 1333 4269 quatenus
1355 4198 1471 4254 amodo
1498 4207 1528 4256 et

260 4292 403 4367 deinceps
427 4296 581 4367 prefatum
613 4299 795 4370 magistrum
829 4300 991 4356 Nicolaum
1021 4302 1049 4357 in
1074 4301 1190 4358 eisdem
1214 4304 1410 4369 sessionibus,
1435 4306 1528 4361 vinea

259 4412 294 4453 ac
326 4401 414 4456 terris
440 4402 620 4471 arabilibus,
652 4405 909 4476 pertinenciisque
942 4406 1108 4462 earundem
1146 4411 1312 4478 prenotatis
1347 4411 1529 4468 nullatenus

261 4503 420 4574 impedire,
445 4504 609 4563 molestare
632 4515 662 4565 et
685 4507 916 4580 dampnificare,
947 4510 999 4566 sed
1025 4511 1155 4568 eundem
1184 4529 1317 4586 suosque
1341 4515 1472 4572 heredes
1497 4524 1528 4575 et

262 4613 402 4679 posteros
431 4610 590 4668 universos
621 4613 650 4669 in
683 4612 812 4685 pacifico
843 4613 980 4671 dominio
1015 4617 1194 4674 earumdem
1231 4625 1337 4676 contra
1365 4623 1530 4692 quoslibet

260 4717 353 4781 tuere,
384 4719 546 4786 protegere
576 4722 606 4772 et
637 4722 835 4774 manutenere
866 4717 1003 4775 debeatis
1033 4727 1137 4777 nostra
1165 4724 1195 4779 in
1219 4739 1358 4796 persona,
1383 4732 1414 4785 et
1437 4729 1530 4795 aliud
