3488 5242
248 323 306 382 182
662 323 735 380 Doc.
761 337 823 399 203
860 356 894 406 ᾗ
922 323 978 380 An.
1002 318 1093 400 1346.

245 523 358 580 marcis
380 523 491 580 talium
523 538 628 580 rerum
659 529 689 580 et
721 523 994 580 mercimoniorum
1025 523 1216 596 recipiuntur
1246 522 1308 580 duo
1340 523 1458 581 denarii
1481 530 1510 581 et

245 629 289 686 sic
313 643 386 702 pars
409 629 583 686 centesima.
607 628 693 699 Item,
717 629 755 685 de
779 628 909 700 singulis
941 629 1084 686 curribus
1113 627 1291 702 ponderatis
1315 645 1511 702 quocumque

245 735 350 805 blad0,
375 734 526 807 frugibus,
558 734 672 807 singuli
704 742 837 807 quatuor
867 734 984 791 denarii
1015 750 1033 789 a
1065 734 1225 791 venditore
1245 740 1275 791 et
1298 735 1442 792 similiter
1469 737 1510 793 ab

245 818 394 915 emptore,
419 848 449 897 et
472 840 531 897 hoc
555 840 637 910 idem
661 840 864 914 duplicatum,
895 840 950 897 tali
974 839 1067 897 modo
1091 855 1214 912 semper
1245 840 1509 913 subintelligendo

245 947 275 1004 in
300 946 445 1002 omnibus
468 950 497 1002 et
521 946 650 1018 singulis
682 947 776 1003 rebus
805 944 1018 1020 infrascriptis,
1042 945 1217 1019 specialiter
1248 946 1299 1003 vel
1323 947 1510 1018 generaliter

244 1051 484 1121 subintellectis;
508 1057 591 1124 puta,
615 1052 641 1109 si
664 1052 777 1109 dicitur
800 1051 839 1109 de
859 1052 940 1109 bove
963 1068 1043 1108 unus
1063 1051 1206 1109 denarius
1230 1053 1282 1109 vel
1304 1068 1362 1110 ove
1388 1053 1510 1123 obulus,

244 1162 316 1215 tunc
347 1157 538 1229 intelligitur,
570 1157 653 1229 quod
685 1158 740 1215 ille
770 1157 913 1215 denarius
944 1158 995 1215 vel
1026 1157 1140 1214 obulus
1169 1158 1272 1232 primo
1303 1174 1321 1215 a
1348 1158 1509 1217 venditore

246 1263 377 1320 debetur
399 1270 428 1320 et
450 1262 575 1320 tandem
598 1265 638 1320 ab
661 1271 803 1337 emptore
824 1269 854 1320 et
877 1264 920 1321 sic
943 1263 982 1320 de
1005 1263 1162 1321 similibus
1185 1263 1224 1322 de
1250 1265 1361 1322 maiori
1391 1270 1421 1321 et
1451 1265 1511 1322 mi·

247 1369 316 1426 nori
339 1368 516 1441 quantitate.
533 1369 618 1440 Item,
634 1369 673 1426 de
688 1370 818 1442 singulis
835 1369 1024 1443 ponderibus
1039 1384 1191 1442 equorum
1207 1386 1279 1427 cum
1298 1369 1394 1427 blado
1411 1370 1510 1442 quali-

245 1490 378 1547 cumque
402 1474 464 1531 duo
486 1474 611 1533 denarii.
635 1475 720 1546 Item,
745 1475 784 1532 de
806 1476 937 1547 singulis
966 1475 1087 1532 baculis
1113 1491 1206 1544 ceree,
1235 1476 1349 1548 singuli
1374 1475 1511 1545 denarii;

243 1585 273 1638 et
296 1580 335 1637 de
358 1581 488 1653 singulis
511 1581 612 1639 stariis
643 1581 725 1651 salis,
756 1597 792 1638 ac
823 1581 953 1653 singulis
984 1581 1080 1654 pcciis
1110 1580 1184 1639 ferri
1210 1582 1313 1652 secati,
1337 1581 1509 1654 quomodo

244 1702 379 1759 cumque
409 1692 439 1743 et
470 1686 686 1759 undecumque
717 1685 903 1756 deferantur,
934 1687 1049 1759 singuli
1079 1687 1175 1744 obuli
1205 1687 1291 1759 Item,
1321 1687 1360 1745 de
1381 1688 1511 1760 singulis

243 1793 387 1850 curribus
410 1808 482 1849 cum
516 1793 590 1850 vino
613 1794 754 1862 oneratis,
786 1792 848 1849 duo
880 1792 1004 1850 denarii.
1036 1793 1122 1861 Item,
1146 1792 1184 1850 de
1213 1794 1344 1865 singulis
1367 1794 1510 1850 curribus

245 1899 375 1972 piscium
400 1899 581 1969 recencium,
614 1914 667 1956 sex
698 1899 823 1956 denarii.
855 1899 940 1969 item,
971 1898 1009 1955 de
1040 1900 1172 1971 singulis
1202 1900 1345 1956 curribus
1376 1900 1510 1973 piscium

243 2004 406 2075 salsorum,
430 2004 595 2062 duodecim
618 2004 751 2073 denariI;
775 2010 805 2060 et
827 2004 853 2062 si
879 2019 989 2061 usones
1013 2004 1135 2076 fuerint,
1169 2004 1207 2062 de
1231 2005 1362 2078 singulis
1393 2005 1511 2062 denarii

243 2127 304 2169 sex.
329 2111 414 2180 Item,
439 2111 477 2168 de
501 2111 619 2183 lagenis
642 2111 703 2168 olei
727 2116 756 2169 et
772 2110 893 2168 ficubus
909 2125 945 2168 ac
960 2112 1030 2168 uvis
1046 2112 1152 2185 passis,
1177 2127 1237 2184 que
1260 2110 1299 2169 de
1322 2112 1405 2169 ultra
1422 2127 1508 2168 mare

243 2217 423 2287 afferuntur,
447 2216 676 2274 existimacione
692 2216 852 2288 condigna,
869 2217 1020 2274 tributum
1037 2218 1192 2291 recipitur.
1211 2218 1296 2287 Item,
1320 2217 1359 2275 de
1380 2217 1511 2290 singulis

243 2323 365 2395 sportis,
390 2338 450 2394 que
474 2323 504 2379 in
524 2322 703 2395 ,sclauonico
726 2323 837 2394 wlgari
860 2321 1014 2394 korosnya
1036 2331 1261 2398 nuncupantur,
1286 2324 1417 2397 piscium
1444 2339 1509 2380 rna-

243 2443 384 2500 gnorum,
408 2427 470 2485 duo
492 2427 618 2498 denarii,
642 2434 673 2484 et
696 2427 734 2484 de
758 2428 922 2497 minorum,
955 2444 1033 2485 unus
1064 2428 1223 2497 denarius;
1260 2444 1295 2486 ac
1319 2429 1357 2486 de
1380 2429 1511 2501 singulis

243 2533 393 2605 korosnys
416 2547 607 2601 cancrorum,
631 2533 751 2590 obulus.
783 2533 868 2605 Item,
898 2533 937 2591 de
968 2534 1110 2607 quolibet
1141 2550 1229 2608 equ0,
1262 2551 1331 2601 sex;
1364 2542 1393 2591 et
1421 2550 1509 2607 equa.

240 2645 376 2711 quatuor
399 2638 524 2696 denarii.
550 2638 635 2709 Item,
660 2638 698 2695 de
721 2640 852 2711 singulis
876 2640 1067 2714 ponderibus
1091 2641 1252 2698 hominurn
1276 2655 1347 2697 cum
1372 2642 1433 2697 tela
1458 2641 1509 2697 vel

244 2760 346 2818 panno
369 2745 526 2802 communi
550 2750 579 2801 et
602 2745 765 2815 similibus,
790 2745 852 2803 duo
882 2746 1016 2815 denarii;
1046 2754 1099 2803 aut
1134 2748 1161 2803 si
1192 2762 1301 2818 mayus
1333 2747 1383 2802 vel
1408 2747 1510 2803 minus

244 2849 345 2920 fuerit,
370 2865 428 2923 pro
450 2856 517 2907 rata
540 2850 664 2921 valoris,
690 2851 805 2908 valoris
828 2852 938 2909 talium
954 2853 1049 2927 recipi
1066 2853 1218 2910 tributum
1236 2853 1402 2925 consuevit.
1422 2852 1509 2913 Item.

246 2957 284 3014 de
307 2956 570 3028 singulis'bobus,
594 2957 703 3026 vaccis
735 2958 842 3015 vitulis
874 2959 924 3015 vel
956 2959 1100 3028 iuvencIS,
1132 2959 1246 3031 sInguli
1273 2958 1398 3015 denarii.
1424 2958 1509 3028 Item,

243 3062 282 3119 de
307 3062 479 3119 minoribus
502 3062 690 3119 animalibus
711 3064 842 3134 singulis
865 3064 1121 3136 quibuscumque,
1145 3065 1267 3132 obulus,
1288 3079 1395 3135 ymmo
1411 3064 1509 3120 eciam

244 3166 282 3223 de
304 3167 435 3239 singulis
458 3168 590 3239 agnellis
613 3173 644 3224 et
667 3167 741 3238 edis,
773 3169 916 3227 similiter
946 3170 1067 3239 obulus,
1099 3172 1178 3228 sicut
1202 3169 1259 3227 fuit
1282 3176 1312 3226 et
1335 3164 1410 3227 alias
1434 3185 1506 3227 con-

243 3279 373 3330 svetum.
397 3273 481 3343 Item,
507 3274 545 3330 de
570 3274 700 3346 singulis
724 3276 825 3346 porcis
850 3276 1028 3345 maioribus,
1052 3275 1204 3344 denarius
1229 3275 1313 3332 etde
1334 3277 1506 3333 minoribus

243 3380 381 3451 siugulis,
406 3380 484 3436 sicut
506 3378 601 3437 medii
632 3380 703 3436 anni
735 3388 764 3436 et
795 3379 883 3451 infra,
913 3382 1035 3449 obulus,
1067 3397 1103 3437 ac
1134 3381 1172 3437 de
1203 3382 1332 3453 singulis
1358 3381 1510 3452 korosnys

244 3486 464 3558 porcellorum,
495 3485 616 3542 obulus.
649 3486 734 3554 Item,
765 3486 804 3542 de
834 3488 956 3544 cutibus
987 3487 1169 3544 animalium
1204 3486 1446 3543 domesticorum
1481 3496 1509 3544 et

243 3590 442 3653 silvestrium,
465 3591 580 3663 singuli
603 3590 721 3648 denarii
744 3593 793 3647 vel
819 3593 915 3661 obuli,
944 3592 1192 3650 consideracione
1218 3593 1328 3649 talium
1352 3593 1457 3650 habita
1481 3602 1509 3650 et

245 3696 441 3754 estimacione
465 3696 617 3768 condigna
640 3697 808 3754 secundum
832 3699 932 3755 maius
956 3703 985 3754 et
1009 3698 1125 3766 minus;
1150 3699 1229 3755 sicut
1252 3697 1310 3754 fuit
1333 3698 1409 3755 alias
1433 3714 1503 3756 con-

244 3809 373 3859 svetum.
398 3802 482 3872 Item,
506 3803 544 3859 de
567 3804 696 3874 singulis
718 3803 815 3875 ydriis
839 3806 951 3873 mellis,
973 3805 1103 3872 obulus;
1127 3813 1157 3862 et
1177 3805 1215 3860 de
1233 3804 1307 3875 edys
1323 3811 1433 3874 tamen,
1458 3807 1509 3877 qui

243 3922 314 3963 cum
339 3908 489 3965 matribus
512 3908 550 3965 ad
588 3908 692 3965 forum
715 3909 877 3979 ducuntur,
909 3926 1006 3983 usque
1038 3909 1149 3967 festum
1178 3911 1362 3967 ascensionis
1392 3910 1509 3967 domini

243 4012 337 4069 nichil
361 4027 419 4086 pro
443 4014 558 4071 tributo
582 4015 645 4087 peti
676 4016 842 4072 consuevit.
873 4015 959 4085 Item,
992 4016 1030 4072 de
1062 4016 1191 4088 singulis
1224 4015 1333 4072 tunicis
1364 4021 1393 4072 et
1419 4017 1510 4088 paliis

244 4118 385 4175 virorum
409 4120 459 4175 vel
483 4120 652 4177 mulierum
675 4121 769 4193 panni
791 4121 893 4192 grisei,
924 4123 1055 4190 obulus;
1085 4122 1124 4179 de
1156 4122 1225 4179 aliis
1249 4137 1324 4178 vero
1348 4122 1458 4178 tunicis
1482 4131 1511 4178 et

244 4224 401 4281 mantellis
434 4226 561 4283 maioris
585 4226 635 4282 vel
660 4226 788 4283 mInoris
812 4227 936 4297 valoris,
961 4227 1151 4285 considerata
1174 4228 1267 4301 panni
1291 4229 1447 4299 qualitate,
1464 4244 1510 4284 re-

244 4330 304 4403 cipi
328 4331 479 4387 tributum
505 4333 662 4388 consuevit
694 4332 774 4388 circa
806 4333 870 4403 hoc,
900 4341 992 4406 prout
1024 4332 1081 4390 suit
1108 4334 1185 4390 alias
1210 4339 1396 4390 consuetum.
1421 4334 1507 4402 Item,

243 4433 281 4490 de
307 4436 436 4507 singulis
459 4437 554 4494 saccis
578 4437 664 4494 bladi
680 4438 900 4510 cuiuscumque
916 4445 945 4495 et
962 4439 1153 4510 leguminum
1170 4439 1207 4496 ad
1225 4438 1347 4512 pondus
1366 4440 1509 4509 hominis,

247 4541 344 4614 recipi
374 4549 598 4600 consueverunt
630 4544 750 4616 singule
783 4545 970 4601 mensurelle
1000 4544 1065 4601 sive
1096 4545 1275 4612 metretelle,
1299 4545 1377 4601 sicut
1401 4544 1459 4601 fuit
1482 4552 1511 4601 et

247 4647 324 4704 alias
348 4654 537 4706 consuetum.
562 4649 647 4718 Item,
671 4650 710 4707 de
732 4652 835 4722 caseis,
859 4649 897 4707 de
917 4649 1078 4721 fructibus,
1095 4651 1133 4708 de
1149 4650 1219 4718 filis,
1243 4650 1281 4707 de
1302 4651 1366 4708 lino
1390 4655 1420 4708 et
1442 4651 1511 4709 aliis

243 4751 337 4811 rebus
358 4753 514 4812 similibus
544 4754 595 4813 vel
627 4755 832 4815 dissimilibus
862 4756 893 4814 in
923 4756 1100 4815 substancia
1130 4757 1183 4813 vel
1213 4756 1362 4829 qualitate
1389 4757 1511 4815 tollitur
