3488 5242
263 334 325 391 320
633 316 707 373 Doc.
725 326 799 392 345.
818 311 895 392 546.
923 348 958 356 -
985 315 1041 372 An.
1068 328 1152 391 1391.

261 512 349 569 reddi
373 513 517 570 iubemus
542 514 737 587 presentanti.
762 512 877 569 Datum
901 512 931 569 in
955 510 1066 580 Zalran,
1090 512 1184 569 tercio
1201 512 1251 570 die
1268 512 1337 570 festi
1353 514 1436 571 beati
1454 516 1528 571 Am·

263 618 359 674 brosii
383 617 529 692 episcopi.
554 619 643 674 Anno
667 617 784 674 domini
809 617 977 674 millesimo
1001 616 1078 674 CCC
1102 619 1300 689 nonagesimo
1324 619 1435 690 primo,

351 749 492 815 Originale
512 751 537 800 in
558 751 717 808 membrana,
738 751 815 801 valde
834 765 948 800 exesum.
969 751 998 800 Iu
1018 767 1071 815 quo
1093 752 1235 817 vestigium
1254 753 1372 816 appressi
1394 753 1485 817 sigilli.
1500 753 1529 802 In

261 840 331 889 arch.
351 839 397 889 lib.
416 855 471 905 reg.
492 840 540 890 civ.
560 840 664 904 zagrab.
685 839 781 890 Confer
802 839 870 889 intra
888 856 983 890 annum
1007 842 1079 898 1382,
1100 851 1140 901 24
1161 842 1282 905 Augusti.

853 1071 941 1137 345.

369 1216 445 1264 Anno
468 1223 540 1277 1391,
562 1225 602 1274 24.
622 1213 702 1279 Junii.
722 1213 876 1278 Zagrabiae.

285 1343 423 1399 Delricus
445 1342 546 1398 Bubek
568 1342 669 1409 baneas,
692 1343 765 1398 cives
794 1340 967 1398 Grechenses
989 1342 1113 1413 regalem
1137 1349 1247 1398 certium
1270 1356 1314 1419 40
1335 1361 1500 1400 inarcarum

761 1449 886 1516 solvisse,
909 1447 1032 1504 nuntiat.

351 1590 414 1649 Nos
437 1591 582 1648 Detricus
610 1589 715 1648 Bubek
746 1592 833 1662 regni
862 1589 1025 1648 Sclauonie
1055 1591 1160 1648 banus.
1192 1593 1342 1648 Memorie
1374 1607 1530 1649 commen-

264 1697 374 1755 damus
395 1713 452 1770 per
475 1705 640 1769 presentes,
665 1696 748 1769 quod
774 1697 846 1769 quia
870 1696 994 1770 providi
1019 1697 1078 1752 viri
1109 1697 1263 1778 Johannes
1295 1697 1387 1754 iudex
1412 1704 1441 1754 et
1465 1700 1530 1755 uni-

264 1804 346 1861 versi
369 1804 453 1860 cives
477 1803 515 1860 de
539 1807 643 1859 monte
667 1802 812 1859 Grecensi
844 1801 1047 1874 quadraginta
1080 1818 1207 1871 marcas,
1240 1819 1316 1875 quas
1343 1804 1403 1876 ipsi
1428 1804 1457 1860 in
1481 1803 1531 1860 die

262 1917 456 1968 strennarum
480 1909 519 1966 ad
544 1924 660 1966 novum
684 1925 808 1978 annum,
833 1909 916 1980 wlgo
940 1907 1024 1965 Beud
1049 1908 1175 1977 dictum,
1200 1909 1326 1966 domino
1343 1916 1448 1966 nostro
1464 1912 1531 1982 regi

262 2017 383 2073 solvere
407 2015 594 2085 debuissent,
619 2031 657 2072 ex
680 2014 780 2072 edicto
804 2013 942 2071 eiusdem
966 2013 1084 2070 domiui
1107 2015 1203 2070 nostri
1226 2016 1307 2086 regis
1331 2022 1361 2070 et
1384 2016 1528 2071 commis-

263 2122 347 2179 sione
371 2121 460 2178 nobis
484 2126 627 2178 oretenus
651 2119 739 2191 facta,
770 2119 808 2176 ad
842 2118 923 2176 iacta
953 2118 1089 2176 eiusdem
1122 2121 1205 2191 regie
1237 2121 1404 2177 maiestatis
1439 2122 1555 2178 nobis·

263 2228 401 2300 plenarie
426 2227 650 2299 persolverunt.
674 2226 747 2283 ideo
771 2227 863 2298 ipsoS,
888 2224 1019 2281 iudicem
1054 2232 1083 2281 et
1114 2228 1273 2283 universos
1300 2227 1383 2283 cives
1406 2228 1529 2284 racione

263 2340 292 2391 et
316 2339 458 2406 pretextu
483 2332 708 2406 persolucionis
732 2333 870 2405 ipsarum
902 2330 1106 2403 quadraginta
1138 2347 1321 2389 marcarum.
1346 2333 1527 2389 auctoritate

262 2440 347 2511 regia
371 2439 460 2495 nobis
484 2439 514 2496 in
539 2439 596 2495 hac
615 2444 703 2511 parte
726 2439 861 2494 atributa
886 2437 1099 2492 commisimus
1125 2436 1190 2494 fore
1206 2437 1366 2510 expeditos
1383 2445 1412 2494 et
1429 2438 1530 2495 modis

264 2546 409 2602 omnibus
421 2545 590 2614 absolutos,
608 2560 714 2615 ymmo
731 2545 815 2615 ipsos
828 2543 974 2599 volumus
991 2559 1084 2615 super
1102 2544 1260 2615 premissis
1277 2549 1438 2616 protegere
1454 2544 1530 2601 locis

262 2658 291 2707 et
305 2650 497 2723 temporibus
514 2651 705 2723 opportunis,
720 2650 826 2719 vigore
845 2649 1039 2720 presencium
1057 2649 1216 2705 mediante.
1234 2650 1348 2706 Datum
1362 2649 1530 2722 Zagrabye‚

263 2759 293 2814 in
318 2756 395 2813 testo
419 2756 502 2812 beati
525 2756 672 2838 Johannis
698 2755 838 2826 baptiste.
866 2755 954 2809 Auno
978 2752 1095 2810 domini
1112 2755 1366 2811 MCCCLXXXX
1390 2757 1500 2829 primo.

353 2872 493 2938 Originale
512 2873 539 2922 in
558 2872 656 2921 charta.
677 2871 802 2936 Sigillum
821 2885 982 2934 appressum.
1003 2869 1032 2919 ln
1052 2871 1121 2920 arch.
1143 2873 1159 2920 l.
1180 2887 1199 2920 r.
1221 2871 1291 2920 civit.
1312 2873 1416 2938 zagrab.

851 3103 942 3169 346.

369 3231 444 3277 Anno
467 3237 541 3290 1391,
561 3237 583 3284 5.
604 3227 767 3291 septembris
789 3228 912 3290 Polegae.

263 3355 464 3428 Sagismundm
492 3355 669 3426 Ilungnriizc
696 3363 743 3412 etc.
773 3374 827 3410 rex
841 3355 981 3430 johanni
1006 3356 1131 3427 episcopo
1153 3354 1268 3426 zagrnb.
1293 3374 1328 3410 ne
1351 3357 1424 3412 cibes
1455 3355 1529 3413 Gre-

260 3462 372 3518 cltenses
396 3461 429 3516 ile
452 3460 587 3515 sedecima
614 3466 701 3532 parte
727 3460 908 3524 decimarum,
928 3461 1013 3516 detrec
1039 3462 1532 3531 11111111111111111111(1111111111,

746 3567 883 3628 turbaret.
899 3565 1053 3638 principit.

354 3692 570 3765 Sigismundus
594 3692 642 3748 dei
658 3693 769 3764 'gracia
793 3709 848 3749 rex
872 3694 1039 3764 ilungarie‚
1070 3694 1240 3760 Dalmacie‚
1268 3695 1395 3750 Croacie
1418 3701 1472 3751 etc.
1496 3710 1532 3750 ac

267 3800 404 3856 marchio
438 3798 753 3871 Brandemburgensis
784 3807 838 3856 etc.
870 3798 1029 3856 Fidelibus
1051 3800 1113 3855 suis
1138 3799 1267 3868 dilectis,
1292 3799 1420 3868 devotis
1445 3816 1531 3855 reve·

265 3905 361 3961 rendo
385 3905 414 3961 in
439 3905 563 3961 Christo
594 3906 674 3977 patri
706 3905 832 3962 domino
859 3906 989 3987 Johanni
1015 3906 1161 3977 episcopo
1183 3905 1372 3975 zagrabiensi
1397 3913 1425 3961 et
1449 3907 1531 3977 capi·

266 4011 331 4066 tulo
364 4010 423 4066 loci
454 4009 601 4078 eiusdem,
634 4011 765 4067 salutem
798 4018 827 4068 et
858 4011 1001 4082 graciam.
1027 4010 1180 4066 Fidelitati
1206 4019 1306 4066 vestre
1330 4010 1423 4066 firmo
1445 4013 1531 4082 regio

265 4115 375 4172 damus
400 4117 459 4172 sub
490 4115 598 4181 edicto
631 4123 780 4188 quatenus
809 4116 918 4173 fideles
942 4118 1023 4172 cives
1047 4133 1099 4172 seu
1124 4118 1261 4189 hospites
1284 4124 1404 4173 nostros
1427 4132 1531 4189 zagra-

266 4222 385 4278 bienses
409 4221 447 4277 de
472 4228 575 4278 monte
599 4221 743 4279 Grecensi
768 4223 899 4291 interim,
924 4237 1084 4294 quousque
1108 4224 1157 4278 vir
1181 4223 1364 4293 magnificus
1388 4222 1531 4280 dominus

265 4325 411 4383 Nicolaus
434 4327 472 4383 de
499 4328 611 4384 Kanisa
644 4329 791 4397 magister
822 4329 1048 4384 tavarnicorum
1073 4335 1249 4384 nostrorum
1274 4329 1338 4385 illic
1361 4330 1530 4398 accesserit,

266 4433 296 4489 in
321 4433 507 4504 quibusdam
526 4433 653 4489 decimis
669 4434 821 4489 sedecime
839 4435 934 4506 partis
951 4435 981 4489 in
999 4435 1152 4491 territorio
1169 4435 1264 4504 ipsius
1281 4435 1414 4491 civitatis
1429 4442 1532 4491 nostre

266 4539 388 4605 habitis,
413 4555 506 4611 super
529 4539 643 4610 quibus
667 4540 822 4595 intervos
847 4544 876 4595 et
900 4541 983 4612 ipsos
1007 4541 1089 4597 cives
1111 4541 1173 4596 litis
1197 4542 1326 4596 materia
1350 4542 1428 4598 verti
1445 4541 1531 4598 diuo·

265 4643 368 4712 scitur,
392 4659 450 4700 non
476 4643 614 4700 debeatis
646 4643 798 4716 impedire
821 4652 874 4702 aut
897 4646 1074 4717 aliqualiter
1102 4647 1291 4718 perturbare,
1309 4648 1411 4718 gracie
1427 4654 1530 4704 nostre

265 4750 324 4806 sub
354 4749 489 4806 obtentu.
520 4748 637 4805 Datum
668 4749 699 4805 in
733 4748 912 4822 Posegauar,
937 4749 1012 4808 feria
1037 4752 1130 4808 tercia
1152 4753 1296 4825 proxima
1320 4761 1389 4810 ante
1413 4752 1527 4810 testum
