3488 5242
663 344 735 401 Doc.
760 356 826 420 ¹32·
854 377 888 386 -
916 345 972 402 An.
997 341 1085 420 1326.
1451 362 1511 421 113

243 542 427 599 universalis
451 543 577 598 ecclesie
602 557 793 614 quamquam
818 541 1075 599 insufficientibus
1098 542 1225 612 meritis,
1249 541 1430 616 disponente
1454 542 1509 600 do·

244 648 338 717 mino,
363 646 561 720 presidentes,
597 646 635 704 de
659 648 811 704 universis
833 648 918 705 orbis
942 648 1087 718 ecclesiis,
1111 663 1170 720 pro
1194 663 1301 705 earum
1325 652 1404 706 statu
1429 648 1511 705 salu-

245 753 342 810 briter
365 751 535 823 dirigendo,
560 759 710 823 quantum
734 753 824 809 nobis
844 769 882 809 ex
898 754 962 809 alto
978 743 1313 826 permittitur,'solicite
1328 754 1510 825 cogitamus,

243 858 294 915 sed
319 874 426 916 earum
451 859 635 931 propensior
657 857 822 915 solicitudo
846 873 902 916 nos
925 864 1022 932 urget,
1046 874 1123 931 quas
1146 859 1283 932 propriis
1299 865 1438 917 carentes
1456 875 1510 933 pa·

242 965 378 1021 storibus
401 964 572 1021 vacationis
596 964 768 1021 incomodis
791 964 999 1037 prospicimus
1023 964 1190 1033 subiacere,
1214 970 1247 1021 ut
1269 964 1334 1022 illis
1354 981 1412 1039 per
1438 979 1511 1038 ope·

242 1071 369 1126 rationis
392 1076 495 1127 nostre
519 1069 656 1127 studium
681 1071 739 1127 viri
764 1069 965 1144 preficiantur
988 1069 1101 1140 ydonei
1124 1070 1155 1127 in
1178 1076 1326 1144 pastores,
1345 1072 1399 1144 qui
1415 1072 1512 1129 sciant

243 1181 273 1232 et
298 1176 414 1248 possint
438 1176 513 1248 ipsis
537 1175 673 1233 ecclesiis
697 1191 820 1249 preesse
844 1176 962 1234 utiliter
984 1191 1020 1233 ac
1042 1175 1198 1249 prodesse.
1222 1175 1329 1250 Nuper
1352 1176 1509 1249 siquidem

244 1287 370 1337 vacante
405 1281 533 1338 ecclesia
568 1282 768 1354 zagabriensi,
805 1297 862 1356 pro
886 1295 922 1338 eo
946 1281 1030 1355 quod
1057 1281 1270 1339 venerabilem
1302 1280 1430 1340 fratrem
1453 1297 1506 1339 no·

242 1393 341 1444 strum
370 1387 522 1468 Jacobum
553 1387 824 1461 Corisopitensem,
856 1395 927 1444 tunc
955 1388 1186 1460 zagabriensem
1220 1388 1412 1461 episcopum,
1437 1388 1509 1445 licet

242 1492 409 1562 absentem,
434 1509 452 1549 a
476 1494 601 1550 vinculo
636 1508 698 1566 quo
732 1495 895 1551 tenebatur
929 1492 1030 1550 eidem
1063 1494 1255 1565 zagabriensi
1291 1494 1427 1564 ecclesie,
1461 1494 1510 1550 cui

243 1604 314 1655 tunc
350 1605 482 1671 preerat,
518 1599 556 1657 de
591 1599 723 1657 fratrum
752 1608 929 1658 nostrorum
952 1601 1082 1659 consilio
1103 1607 1133 1659 et
1155 1602 1324 1675 apostolice
1349 1600 1510 1674 potestatis

242 1703 434 1777 plenitudine
456 1706 663 1777 absolventes,
699 1708 802 1780 ipsum
825 1707 865 1765 ad
889 1707 1052 1764 ecclesiam
1075 1707 1339 1781 Corisopitensem
1363 1712 1435 1765 tunc
1459 1720 1511 1762 va-

240 1816 359 1868 cantem
395 1810 541 1869 duximus
574 1811 832 1883 transferendum,
867 1813 1057 1886 preficiendo
1090 1828 1161 1870 eum
1200 1814 1259 1887 ipsi
1288 1813 1510 1885 Corisopitensi

242 1916 368 1973 ecclesie
401 1918 430 1974 in
462 1918 643 1990 episcopum
675 1927 704 1974 et
737 1925 901 1990 pastorem.
934 1919 997 2005 llos
1022 1921 1160 1977 volentes
1184 1918 1287 1977 eidem
1319 1918 1509 1990 zagabriensi

241 2023 376 2092 ecclesie,
400 2039 437 2080 ne
460 2022 620 2096 dispendia
645 2025 766 2096 prolixe
788 2026 956 2082 vacationis
973 2026 1149 2096 incurreret,
1165 2032 1294 2098 patema
1313 2024 1508 2082 solicitudine

242 2145 416 2202 precavere,
447 2146 518 2187 cum
549 2131 654 2187 nullus
687 2139 789 2203 preter
820 2147 876 2188 nos
906 2133 964 2190 hac
987 2133 1054 2190 vice
1078 2131 1116 2189 de
1140 2132 1238 2204 ipsius
1262 2131 1390 2189 ecclesie
1421 2146 1509 2203 zaga·

242 2236 371 2292 briensis
394 2237 586 2294 ordinatione
609 2254 641 2293 se
667 2238 872 2295 intromittere
891 2239 1014 2311 poterit,
1038 2251 1096 2311 pro
1120 2252 1156 2294 eo
1180 2236 1265 2309 quod
1291 2252 1347 2295 nos
1370 2236 1424 2294 diu
1439 2245 1509 2294 ante

242 2342 431 2398 vacationem
458 2343 634 2399 huiusmodi
658 2343 755 2416 ipsius
777 2344 905 2400 ecclesie
927 2343 1139 2415 zagabriensis
1160 2342 1353 2416 provisiones
1368 2343 1509 2399 omnium

240 2446 439 2503 ecclesiarum
471 2448 696 2505 cathedralium
728 2455 799 2505 tunc
834 2449 1010 2505 vacantium
1041 2455 1070 2506 et
1111 2456 1329 2505 vacaturarum
1361 2449 1391 2506 in
1420 2454 1508 2506 antea

239 2567 296 2623 per
319 2554 535 2611 translationes
559 2570 615 2627 per
637 2569 693 2611 nos
717 2553 812 2611 factas
836 2561 866 2611 et
890 2555 1095 2627 imposterum
1120 2552 1283 2622 faciendas,
1319 2553 1357 2611 de
1379 2554 1508 2626 prelatis

240 2657 378 2730 ipsarum
410 2660 610 2717 ecclesiarum
643 2661 777 2717 ubilibet
807 2660 979 2717 constitutis
1011 2658 1050 2716 ad
1085 2659 1162 2716 alias
1190 2659 1334 2716 ecclesias
1360 2664 1432 2717 tunc
1454 2674 1507 2716 va·

242 2771 352 2833 cantes
388 2773 417 2822 et
453 2766 657 2839 imposterum
691 2772 853 2823 vacaturas
890 2764 1085 2838 dispositioni
1114 2771 1217 2823 nostre
1242 2765 1389 2823 duximus
1411 2782 1508 2823 reser-

240 2869 364 2939 vandas
389 2870 586 2928 decernentes
609 2888 646 2929 ex
675 2877 747 2928 tunc
767 2872 891 2928 irritum
914 2877 944 2928 et
967 2872 1067 2941 inane,
1090 2871 1115 2928 si
1139 2887 1226 2928 secus
1249 2871 1425 2944 superbiis
1448 2887 1504 2945 per

240 2992 452 3050 quoscumque
483 2979 593 3051 quavis
622 2979 803 3036 auctoritate
835 2979 965 3034 scienter
995 2979 1045 3034 vel
1078 2979 1255 3050 ignoranter
1278 2978 1439 3051 contigerit
1461 2982 1506 3036 at-

239 3084 393 3154 temptari,
430 3090 500 3155 post
534 3084 798 3144 deliberationem.
838 3099 932 3154 quam
963 3082 1002 3139 ad
1030 3081 1254 3156 preficiendum
1277 3083 1370 3140 talem
1405 3082 1506 3140 eidem

239 3187 366 3244 ecclesie
394 3191 584 3261 zagabriensi
610 3205 782 3262 personam,
817 3204 877 3261 que
900 3188 1055 3262 prefatam
1078 3188 1311 3260 zagabriensem
1343 3189 1505 3246 ecclesiam

238 3300 343 3364 posset
372 3311 553 3366 preservare
585 3312 602 3352 a
634 3296 733 3353 noxiis
768 3304 797 3351 et
829 3294 976 3365 adversis,
1008 3309 1140 3367 eamque
1168 3294 1198 3351 in
1221 3295 1285 3351 suis
1308 3300 1506 3352 manutenere

239 3398 358 3455 iuribus
382 3407 411 3457 et
435 3403 528 3458 etiam
552 3402 714 3474 adaugere,
739 3417 809 3458 cum
833 3401 949 3458 eisdem
967 3400 1116 3457 fratribus
1132 3400 1299 3457 habuimus
1315 3398 1505 3473 diligentem,

239 3503 276 3560 ad
303 3512 331 3562 te
354 3508 548 3580 prepositum
573 3508 700 3564 ecclesie
724 3507 897 3576 Titulensis,
923 3506 1092 3563 colocensis
1116 3504 1254 3575 diocesis,
1274 3505 1304 3562 in
1328 3505 1506 3563 diaconatus

238 3609 345 3667 ordine
376 3614 584 3683 constitutum,
615 3614 664 3670 cui
693 3613 731 3670 de
763 3613 936 3670 litteramm
967 3612 1100 3683 scientia,
1131 3610 1290 3668 honestate
1328 3625 1451 3668 morum
1475 3616 1506 3668 et

239 3716 309 3785 vite,
352 3718 515 3790 prudentia
554 3719 763 3792 spiritualium
801 3726 829 3776 et
869 3718 1091 3792 temporalium
1131 3715 1339 3791 providencia,
1374 3716 1505 3788 aliisque

239 3822 460 3896 multiplicium
493 3832 522 3881 et
557 3824 763 3882 laudabilium
800 3826 951 3881 virtutum
988 3823 1107 3880 meritis
1141 3821 1297 3894 fidedigna
1330 3822 1505 3879 testimonia

237 3928 454 4000 suffragantur,
487 3930 657 3988 direximus
689 3931 795 3988 oculos
824 3937 928 3988 nostre
951 3929 1072 3998 mentis,
1096 3928 1209 4001 quibus
1232 3928 1377 3985 omnibus
1399 3926 1505 3985 debita

237 4034 436 4093 meditatione
458 4038 602 4109 pensatis,
626 4036 665 4094 de
687 4051 821 4109 persona
844 4046 904 4107 tua,
928 4036 1018 4093 nobis
1042 4040 1072 4091 et
1094 4033 1211 4091 eisdem
1227 4032 1376 4091 fratribus
1391 4034 1504 4092 nostris

237 4140 278 4196 ob
307 4142 484 4199 huiusmodi
514 4150 638 4199 tuorum
669 4143 854 4215 exigentiam
887 4142 1068 4199 meritorum
1098 4143 1233 4213 accepta,
1264 4137 1384 4213 prefate
1414 4153 1503 4212 zaga-

238 4245 351 4304 briensi
382 4249 509 4305 ecclesie
541 4248 579 4306 de
610 4248 764 4307 dictorum
794 4248 925 4306 fratrum
958 4248 1088 4305 consilio
1122 4245 1303 4303 auctoritate
1333 4246 1503 4319 apostolica

236 4353 446 4424 providemus,
473 4360 562 4426 teque
591 4354 639 4411 illi
670 4353 849 4427 preficimus
880 4355 911 4411 in
941 4354 1122 4427 episcopum
1153 4356 1184 4408 et
1206 4357 1372 4424 pastorem,
1395 4366 1504 4408 curam

237 4464 266 4513 et
289 4458 588 4516 administrationem
621 4461 717 4533 ipsius
748 4460 876 4517 ecclesie
899 4458 1106 4531 zagabriensis
1130 4458 1187 4515 tibi
1219 4457 1336 4513 tamin
1359 4457 1503 4530 spiritua-

237 4563 319 4621 libus
343 4580 438 4638 quam
461 4566 491 4622 in
516 4566 742 4639 temporalibus
765 4565 904 4639 plenarie
920 4563 1151 4631 committendo
1170 4561 1262 4620 firma
1279 4561 1365 4619 ducti
1379 4560 1501 4631 fiducia,

236 4669 318 4741 quod
341 4678 410 4728 tuos
433 4676 519 4727 actus
543 4677 573 4728 et
596 4686 692 4744 opera
722 4671 809 4729 illius
840 4670 1008 4728 clemencia
1031 4668 1192 4742 dirigente,
1216 4683 1235 4724 a
1257 4681 1320 4741 quo
1342 4667 1501 4725 universo·

235 4791 306 4833 rum
336 4776 536 4834 carismatum
566 4776 647 4834 dona
673 4777 868 4856 proveniunt,
902 4775 1057 4849 prelibate
1078 4773 1270 4847 zagabriensi
1293 4773 1421 4830 ecclesie
1443 4788 1501 4847 per

1378 4889 1395 4942 8
