3488 5242
638 355 787 414 Addenda.
811 389 846 398 -
867 357 921 412 Aa.
946 351 1035 432 1346.
1405 369 1465 434 445

205 557 364 625 universis,
388 554 472 628 quod
494 570 550 612 nos
573 571 644 620 cum
666 555 774 629 probis
805 559 835 619 et
862 555 997 611 honestis
1020 554 1096 612 viris
1119 555 1280 613 Francisco
1304 555 1408 613 iudice
1429 571 1466 612 ac

205 663 356 719 universis
379 663 500 719 civibus
524 661 562 718 de
586 667 690 719 monte
713 661 814 718 Grech
846 660 1024 717 huiusmodi
1056 661 1317 734 composicionem
1340 678 1393 720 seu
1418 678 1467 719 or—

206 767 396 824 dinacionem
422 768 557 824 vicissim
581 766 727 824 duximus
751 765 963 835 ordinandam,
987 765 1069 838 quod
1094 767 1199 823 nullus
1222 767 1409 826 creditorum
1429 786 1466 826 ex

205 874 316 928 nostris
341 873 436 945 possit
459 873 643 945 quempiam
662 874 714 930 aut
737 881 785 928 res
809 872 905 944 ipsius
930 887 986 944 pro
1010 869 1116 927 debito
1139 873 1241 930 alieno
1265 872 1303 929 de
1327 873 1365 930 ad
1381 871 1467 947 ipsos

207 978 431 1050 pertinentibus
461 977 622 1051 impedire,
653 978 709 1034 nisi
742 978 827 1050 prius
862 977 967 1034 habita
1000 978 1201 1050 inquisicione‘
1234 986 1304 1035 ante
1335 978 1467 1037 iudicem

206 1084 363 1156 ipsorum;
387 1099 442 1140 nec
465 1084 561 1157 possit
585 1085 661 1140 civis
684 1083 843 1157 captivari,
867 1083 892 1140 si
913 1083 950 1139 ad
977 1084 1162 1140 solvendum
1186 1100 1246 1142 non
1270 1085 1467 1158 subpeterent

207 1187 384 1260 facultates,
406 1189 459 1246 sed
484 1190 691 1263 possessiones
713 1191 810 1262 ipsius
832 1204 890 1261 pro
914 1188 1020 1245 debito
1042 1205 1148 1247 secure
1171 1190 1360 1260 vendantu1·;
1393 1199 1422 1248 et
1443 1195 1466 1248 si

207 1296 325 1352 iusticia
351 1295 505 1353 mediante
528 1296 646 1352 solucio
670 1295 737 1353 fieri
765 1311 824 1353 non
857 1301 968 1369 posset,
993 1303 1105 1356 extunc
1127 1297 1244 1354 nullius
1266 1298 1395 1355 alterius
1419 1316 1467 1355 res

207 1403 328 1474 possint
346 1401 491 1474 impediri
524 1408 627 1474 preter
658 1402 754 1458 solius
785 1401 942 1460 debitoris.
975 1401 1087 1472 Datum
1120 1402 1269 1472 Zagrabie
1300 1405 1328 1461 in
1361 1406 1467 1476 vigilia

204 1507 287 1563 beati
311 1509 424 1564 Mathei
447 1509 579 1581 apostoli
600 1514 628 1564 et
650 1509 856 1578 ewangeliste.
882 1510 970 1565 Anno
994 1508 1110 1564 domini
1129 1510 1333 1565 .tht'.CXXll
1351 1512 1467 1583 quinto,

293 1646 368 1707 ttrig.
390 1645 414 1692 in
435 1645 593 1697 membrana,
613 1659 627 1692 a
648 1634 724 1708 tergo
745 1643 885 1707 uestigium
905 1644 996 1705 sigilli.
1018 1644 1050 1691 ln¹
1067 1643 1136 1692 arch.
1157 1646 1236 1693 Aeaei.
1257 1633 1465 1697 scientsSlaror.

203 1733 368 1782 meridional.
1036 1737 1037 1740 ’
1154 1742 1155 1745 ’
1296 1737 1298 1740 ’

816 1931 854 1996 4.

309 2073 384 2120 Anno
408 2072 480 2132 1340,
504 2081 540 2120 lt.
562 2071 663 2137 aprilis.
685 2071 714 2121 ln
735 2071 874 2135 Viregrart.

248 2186 394 2257 Serrlerm'a
417 2201 573 2258 Laurentii
595 2201 730 2274 rrtaglstri
750 2201 965 2257 tavarnicortmr
987 2199 1156 2275 ‹lc'lt'nhr'lja
1179 2208 1207 2257 rt
1229 2200 1364 2277 Sru'blsim
1388 2203 1417 2258 r'rr

601 2308 756 2380 capitulum
779 2307 963 2377 zagrabt'cnse
977 2307 1087 2380 fertur.

293 2451 355 2513 Nos
379 2451 564 2515 laurencius
580 2452 727 2523 magister
742 2451 970 2508 tavarnicorum
987 2450 1104 2508 domini
1126 2451 1277 2509 Lodouici·
1299 2451 1347 2509 dei
1364 2453 1468 2524 gracia

204 2556 333 2613 illustris
357 2557 438 2628 regis
472 2557 629 2628 Hungarie
660 2563 690 2614 et
720 2571 824 2613 comes
854 2556 1016 2614 nitriensis.
1041 2558 1189 2614 Memorie
1215 2557 1466 2615 commendantes

203 2660 413 2732 significamus
435 2668 538 2719 tenore
571 2662 762 2735 presencium
794 2663 907 2734 quibus
937 2662 1062 2735 expedit
1096 2664 1256 2735 universis,
1284 2663 1365 2735 quod
1392 2681 1464 2722 cum

205 2764 385 2823 honorabile
408 2767 585 2839 capitulum,
597 2766 725 2831 ecclesie
743 2767 966 2838 zagrabiensis:
983 2766 1113 2825 Stanech
1138 2767 1279 2826 villicum
1295 2767 1333 2825 de
1353 2769 1464 2830 Grech.

203 2871 279 2954 Jaxe
313 2871 516 2942 aurifabrum
553 2873 707 2954 Jacobum
741 2873 963 2942 monetarium,
999 2873 1167 2945 Thomam,
1206 2874 1308 2932 filium
1346 2874 1466 2943 Welch,

204 2977 357 3048 chhata‚
374 2978 462 3047 Alen‚
479 2977 615 3049 Strusalr,
640 2979 822 3035 Michaelem
850 2978 967 3036 dictum
988 2979 1120 3053 Luphud
1145 2988 1174 3037 et
1197 2979 1466 3050 Petrum,.dictum

205 3084 330 3156 Pulyan,
355 3086 483 3156 iuratos,
503 3096 558 3143 nec
581 3099 641 3142 non
665 3086 755 3142 cives*
774 3093 804 3141 et
827 3085 965 3158 hospites
989 3085 1027 3143 de
1051 3085 1157 3142 eadem
1175 3086 1275 3142 Grech
1295 3087 1464 3157 universos

203 3197 329 3262 accepto
364 3191 488 3248 homine
519 3192 604 3264 regio
645 3191 704 3248 sub
739 3191 913 3249 testimonio
948 3191 1139 3248 honorabilis
1174 3192 1302 3264 capituli
1338 3192 1466 3248 ecclesie

204 3298 532 3369 quinqueecclesiensis
567 3297 605 3354 ad
641 3304 765 3354 octavas
800 3296 869 3354 festi
896 3297 1146 3370 *Epiphaniarum
1178 3296 1294 3355 domini
1325 3299 1355 3354 in
1387 3312 1466 3354 anno

204 3402 341 3460 eiusdem
365 3402 531 3460 MCCCXL
560 3404 655 3461 tercio
686 3401 722 3459 ad
756 3403 839 3484 regie
870 3403 1038 3460 maiestatis
1069 3403 1258 3475 presenciam
1287 3404 1317 3461 in
1341 3418 1464 3461 causam

203 3510 386 3578 attraxisset,
399 3508 568 3581 eademque
580 3524 671 3566 causa
684 3509 768 3565 iuxta
780 3509 1002 3566 continenciam
1019 3509 1194 3566 litterarum
1206 3507 1323 3565 domini
1346 3508 1466 3565 Thome

204 3614 361 3687 quondam
396 3614 540 3685 voyvode
571 3614 761 3681 transilvani,
797 3620 868 3671 tunc
903 3615 1018 3670 honore
1055 3614 1222 3685 magisterii
1258 3615 1464 3671 tavarnicatus

203 3720 397 3792 prefulgente
422 3728 451 3777 et
475 3720 596 3777 comitis
619 3718 657 3776 de
688 3718 805 3792 Scepus
835 3727 865 3776 et
895 3719 934 3776 de
959 3719 1085 3790 Wyuar,
1106 3719 1228 3776 accione
1256 3718 1392 3776 eiusdem
1417 3735 1465 3776 ca-

205 3826 295 3899 pituli
318 3827 445 3883 ecclesie
474 3826 680 3897 zagrabiensis
711 3826 740 3881 in
774 3823 854 3881 facto
886 3825 1126 3897 possessionario
1157 3830 1324 3885 contestata
1352 3824 1390 3881 ad
1415 3840 1465 3894 oc-

203 3939 289 3990 tavas
314 3931 383 3990 festi
408 3932 618 3989 penthecostes
651 3939 722 3988 tunc
745 3931 904 3999 affuturas,
929 3939 1103 4004 prorogata,
1132 3931 1162 3987 in
1192 3931 1306 4002 quibus
1334 3946 1394 3987 una
1416 3946 1465 3988 ac·

203 4039 289 4096 cione
313 4039 409 4111 ipsius
432 4039 559 4111 capituli
582 4038 787 4110 zagrabiensis
810 4053 904 4110 super
928 4036 1008 4094 tacto
1031 4036 1192 4093 cuiusdam
1222 4035 1328 4093 fossati
1362 4035 1465 4093 taliter

204 4146 371 4218 proposita,
395 4144 479 4217 quod
502 4145 561 4216 ipsi
586 4145 722 4217 hospites
742 4145 800 4201 sub
822 4151 926 4200 monte
948 4151 978 4201 et
1002 4143 1031 4200 in
1056 4143 1146 4199 metis
1169 4140 1249 4198 dicte
1273 4142 1405 4198 civitatis
1425 4140 1464 4198 de

203 4248 304 4306 Grech
329 4248 484 4321 quoddam
510 4249 658 4305 fossatum
683 4250 810 4322 propria
837 4263 944 4305 eorum
960 4249 1140 4305 auctoritate
1156 4254 1186 4303 et
1202 4247 1343 4320 potencia
1359 4246 1464 4304 fodere

203 4355 377 4428 incipiendo
401 4361 430 4412 et
452 4354 546 4411 finem
570 4354 695 4412 eiusad
720 4361 834 4411 terram
858 4353 930 4411 dicti
954 4353 1083 4426 capituli
1115 4352 1302 4422 deducendo,
1331 4351 1464 4424 quedam

202 4477 282 4534 aqua
302 4478 359 4535 per
382 4462 486 4534 ipsum
508 4460 658 4517 fossatum
688 4460 819 4517 deducta
843 4468 957 4517 terram
981 4460 1078 4534 ipsius
1100 4459 1231 4532 capituli
1254 4458 1463 4515 destruxisset.

203 4569 235 4625 ln
267 4583 400 4641 quorum
431 4567 628 4637 contrarium,
656 4567 882 4639 preallegatum
911 4566 1060 4624 fossatum
1091 4573 1121 4623 et
1151 4572 1266 4622 terram
1297 4563 1335 4620 ad
1367 4579 1462 4636 quam

203 4674 272 4732 linis
295 4675 360 4732 eius
383 4673 489 4732 fossati
521 4673 704 4746 perveniret,
719 4674 803 4730 'intra
832 4678 929 4729 metas
959 4671 1040 4729 dicte
1069 4671 1204 4728 civitatis
1244 4676 1462 4743 procuratores

202 4780 385 4838 eorumdem
406 4781 565 4852 hospitum
595 4778 735 4836 adiacere
755 4778 997 4850 allegarant.,De
1020 4775 1396 4850 quibusquidemoctavis
1414 4777 1475 4844 ἰη-ἰ
