3488 5242
653 339 726 397 Dec.
745 334 822 415 583.
849 372 886 381 -
912 339 968 396 An.
991 352 1079 416 1395.
1434 337 1495 415 363

234 539 394 611 pertinere.
427 539 462 595 Et
487 539 559 611 quia
586 540 704 611 absque
727 538 977 596 reambulacione
1000 543 1029 595 et
1054 543 1205 595 metarum
1230 537 1402 595 ostensione
1425 552 1495 611 pos·

233 646 403 702 sessionum
428 646 567 718 parcium
593 645 844 718 prescriptarum,
869 653 972 718 partes
996 645 1075 702 inter
1090 644 1215 702 easdem
1233 658 1403 716 congruens
1419 643 1496 701 iudi·

231 752 312 807 cium
338 750 437 808 tacere
452 767 512 808 non
531 757 717 824 poteramus,
734 767 792 824 pro
807 766 844 807 eo
860 757 995 808 vestram
1012 751 1183 808 amiciciam
1209 749 1404 824 presentibus
1420 750 1497 823 peti·

231 872 300 913 mus
316 856 488 928 diligenter,
505 862 655 928 quatenus
680 863 798 913 vestros
822 856 950 914 mittatis
971 857 1111 914 homines
1127 857 1265 928 utrisque
1281 855 1423 929 partibus
1438 870 1497 929 pro

233 962 414 1019 testimoniis
439 961 619 1034 fidedignos.
635 962 749 1035 quibus
766 962 960 1035 presentibus
981 963 1122 1034 Mychael
1138 962 1189 1019 vel
1217 961 1341 1032 Paulus
1358 959 1415 1019 filii
1433 963 1496 1018 Ma·

231 1069 302 1139 they
318 1067 357 1124 de
375 1067 550 1139 Mylrulycb,
566 1073 618 1124 aut
634 1067 800 1137 limericus,
813 1067 898 1127 filius
910 1067 1026 1126 Nicolai
1040 1067 1079 1124 de
1093 1067 1237 1141 Nezpesa‚
1249 1067 1315 1124 sive
1332 1066 1495 1139 Georgius,

234 1172 316 1229 filius
338 1172 446 1253 Jacobi
470 1172 509 1230 de
532 1174 698 1230 lloroucha
722 1189 774 1229 seu
798 1173 972 1245 Dyonisius,
996 1173 1080 1231 lilius
1105 1173 1251 1230 Anthonii
1273 1172 1311 1230 de
1334 1171 1416 1230 dicta
1432 1172 1496 1231 Mo·

232 1278 355 1347 mucha,
374 1293 431 1350 pro
448 1287 534 1351 parte
558 1278 750 1352 prefatorum
774 1287 920 1337 actorum.
944 1279 1030 1348 Item,
1056 1279 1176 1349 l‘aulus,
1193 1278 1276 1336 lilius
1295 1276 1428 1349 Chernk,
1444 1278 1495 1335 vel

233 1384 350 1454 Petrus
367 1382 450 1440 filius
466 1383 601 1456 Georgii,
618 1391 671 1441 aut
687 1384 835 1455 Andreas,
850 1384 934 1442 filius
951 1385 1046 1455 Phile,
1062 1401 1114 1441 seu
1134 1384 1248 1454 Petrus,
1268 1383 1352 1441 filius
1376 1382 1496 1441 Nicolai

231 1489 269 1546 de
285 1505 397 1562 campo
413 1490 603 1562 zagrabiensi
628 1505 686 1564 pro
713 1496 800 1563 parte
817 1490 1060 1563 prescriptorum
1085 1491 1114 1548 in
1138 1505 1261 1547 causam
1286 1494 1497 1560 attractorum‚

231 1597 301 1653 aliis
325 1596 513 1666 absentibus,
535 1596 676 1652 homines
699 1596 804 1666 nostri,
828 1604 940 1652 octavo
963 1596 1012 1653 die
1037 1595 1105 1654 festi
1130 1597 1212 1654 beati
1236 1595 1359 1653 llartini
1381 1595 1498 1652 conses-

232 1704 309 1759 soris
332 1718 412 1758 nunc
435 1703 556 1759 venturi
580 1708 610 1758 et
633 1702 702 1759 aliis
726 1701 835 1758 diebus
860 1701 898 1758 ad
924 1701 953 1759 id
979 1703 1059 1775 aptis
1083 1702 1121 1759 ad
1147 1701 1239 1759 facies
1259 1701 1411 1759 dictarum
1429 1717 1499 1775 pos·

232 1809 401 1866 sessionum
427 1808 600 1880 Petrouyna
622 1816 652 1864 et
676 1808 855 1880 Lomnycha
879 1814 1068 1877 vocatarum,
1086 1808 1226 1881 parcium
1245 1808 1499 1880 prescriptarum,

232 1914 341 1971 vicinis
364 1920 393 1970 et
416 1914 636 1971 commetaneis
666 1912 846 1970 earumdem
878 1913 1030 1970 universis
1061 1913 1137 1970 inibi
1160 1913 1298 1985 legitime
1322 1913 1498 1971 convocatis

231 2025 260 2076 et
287 2020 426 2092 partibus
451 2019 500 2076 vel
522 2034 628 2076 earum
646 2019 806 2091 legittimis
830 2018 1083 2092 procuratoribus
1104 2019 1299 2091 presentibus
1315 2017 1497 2084 accedendo.

232 2126 334 2198 primo
366 2123 519 2198 prefatam
550 2125 775 2198 possessionem
806 2125 946 2197 ipsorum
978 2131 1116 2181 actorum
1149 2123 1323 2196 Petrouyna
1347 2130 1498 2195 vocatam,

233 2246 289 2303 per
313 2235 410 2287 metas
433 2238 463 2287 et
486 2246 594 2286 cursus
624 2230 752 2287 metales
779 2230 864 2287 iuxta
888 2229 1187 2287 demonstracionem
1212 2231 1393 2288 eorumdem
1417 2236 1499 2288 acto·

233 2351 301 2392 rum
327 2336 376 2391 vel
403 2342 639 2409 procuratorum
670 2351 778 2393 eorum
809 2335 1021 2407 legitimorum
1050 2351 1068 2392 a
1092 2343 1180 2409 parte
1213 2337 1414 2409 possessionis
1437 2336 1499 2394 dic·

233 2450 335 2499 torum
360 2442 389 2498 in
414 2457 538 2498 causam
561 2448 771 2512 attractorum‚
796 2441 997 2515 Lompnycha
1012 2448 1128 2511 vocate,
1148 2443 1344 2499 reambulent
1359 2448 1389 2499 et
1405 2443 1500 2515 signis

234 2549 400 2605 metalibus
433 2548 619 2619 consignent,
650 2547 838 2620 demumque
869 2553 1073 2605 memoratam
1097 2549 1322 2620 possessionem
1348 2548 1500 2622 prescrip·

235 2661 337 2712 torum
364 2654 392 2711 in
417 2669 541 2710 causam
561 2660 772 2724 attractorum‚
790 2653 967 2725 lomnycha
984 2660 1135 2722 vocatam,
1155 2669 1173 2710 a
1193 2663 1281 2728 parte
1297 2655 1499 2727 possessionis

235 2760 388 2818 dictorum
406 2767 554 2830 actorum,
571 2759 736 2816 Petrouina
752 2765 868 2829 vocate,
886 2759 1055 2817 secundum
1068 2760 1366 2818 demonstracionem
1378 2776 1500 2819 eorum·

232 2865 303 2922 dem
338 2866 367 2922 in
402 2880 526 2922 causam
558 2871 759 2922 attractorum
790 2880 846 2938 per
877 2873 974 2921 metas
1001 2871 1030 2922 et
1054 2881 1162 2922 cursus
1185 2867 1313 2923 metales
1337 2882 1392 2940 per
1416 2867 1500 2940 ipsos

232 2971 280 3027 vel
314 2977 547 3044 procuratorem
575 2985 684 3027 eorum
718 2971 905 3043 legittimum
941 2970 1197 3029 demonstrandas
1232 2977 1262 3029 et
1297 2971 1500 3030 ostendendas

232 3076 327 3134 modo
361 3077 456 3134 simili
491 3078 687 3134 reambulent
718 3083 748 3134 et
771 3077 866 3149 signis
902 3078 1069 3135 metalibus
1103 3078 1297 3150 consignent;
1330 3079 1408 3136 etsi
1432 3079 1498 3152 ipse

234 3191 337 3256 partes
360 3183 389 3240 in
414 3182 592 3240 huiusmodi
611 3199 717 3240 earum
745 3183 1052 3241 reambulacionibus
1078 3191 1108 3241 et
1136 3191 1290 3241 metarum
1318 3185 1497 3242 ostensioni·

234 3290 292 3345 bus
308 3288 474 3346 concordes
499 3287 611 3346 suerint
633 3297 663 3346 et
686 3289 746 3347 sibi
769 3289 902 3346 invicem
920 3304 980 3346 non
996 3288 1245 3359 contradixerint,
1266 3294 1338 3347 tunc
1354 3289 1498 3362 cuiquam

234 3396 315 3468 parti
346 3410 436 3451 suurn
469 3395 516 3451 ius
547 3394 824 3467 possessionarium
856 3395 946 3452 metis
974 3394 1169 3452 evidentibus
1192 3411 1210 3452 a
1232 3410 1298 3452 sese
1320 3401 1498 3469 separatum

235 3507 265 3558 et
290 3500 469 3558 distinctum
493 3507 627 3558 statuant
650 3505 680 3558 et
703 3501 898 3557 committant
920 3506 1072 3574 perpetuo
1095 3500 1337 3574 possidendum;
1359 3502 1500 3575 partibus

232 3614 333 3663 autem
360 3607 390 3663 in
413 3605 560 3679 predictis
581 3607 720 3680 ipsarum
737 3605 1042 3663 reambulacionibus
1058 3612 1087 3663 et
1103 3613 1257 3664 metarum
1273 3607 1499 3664 ostensionibus

231 3712 486 3783 discordantibus,
517 3713 702 3784 particulam
734 3713 785 3769 vel
817 3711 984 3785 particulas
1016 3711 1272 3784 possessionarias
1303 3712 1382 3769 inter
1416 3712 1498 3785 ipsas

232 3825 334 3892 partes
364 3818 394 3874 in
426 3817 479 3875 lite
502 3824 694 3876 remanentes
718 3818 769 3874 vel
793 3833 954 3875 remanens
980 3817 1079 3889 regali
1113 3831 1257 3874 mensura
1282 3816 1497 3888 mensurando,

232 3925 282 3981 vel
306 3925 331 3982 si
355 3924 527 3981 mensurari
549 3925 736 3995 nequiretur,
769 3923 835 3981 visu
868 3923 1098 3994 considerando,
1122 3923 1197 3981 visis
1225 3932 1255 3981 et
1283 3923 1400 3982 intuitis
1431 3924 1500 3996 qui·

231 4031 368 4087 buslibet
391 4029 454 4086 suis
477 4029 672 4101 utilitatibus
695 4029 787 4086 deum
809 4034 840 4086 et
862 4030 927 4087 eius
951 4029 1103 4086 iusticiam
1134 4029 1278 4087 habendo
1305 4044 1364 4103 pro
1389 4031 1497 4100 oculis,

232 4151 362 4193 unacum
395 4135 463 4192 aliis
494 4135 602 4207 probis
634 4135 709 4192 viris
735 4136 878 4193 estiment
901 4135 931 4193 in
955 4134 1107 4208 condigno
1131 4149 1237 4193 earum
1261 4135 1366 4209 precio
1389 4142 1419 4193 et
1443 4152 1496 4193 va·

235 4244 309 4312 lore,
334 4241 401 4314 lege
423 4241 510 4313 regni
534 4242 706 4312 observata,
730 4241 847 4299 ibidem
871 4241 969 4298 eciam
992 4240 1033 4310 id,
1057 4257 1118 4313 que
1133 4240 1271 4314 ipsarum
1289 4241 1430 4314 parcium
1446 4257 1497 4298 ve-

231 4348 335 4418 riores,
360 4348 509 4404 cerciores
539 4354 568 4404 et
591 4348 828 4421 apparenciores
859 4353 957 4404 metas
986 4346 1066 4404 dicte
1096 4362 1151 4404 sue
1174 4347 1375 4420 possessionis
1398 4353 1498 4405 osten-

231 4454 318 4525 derit,
351 4461 403 4510 aut
435 4470 495 4526 que
525 4453 706 4511 earumdem
737 4455 877 4527 parcium
910 4454 940 4511 in
971 4454 1110 4511 dominio
1139 4454 1220 4512 dicte
1250 4461 1332 4512 terre
1363 4454 1497 4528 litigiose

230 4560 365 4617 extiterit
388 4557 513 4616 videant
535 4564 565 4615 et
588 4557 753 4630 diligenter
775 4559 959 4630 intueantur,
982 4566 1012 4616 et
1035 4565 1105 4632 post
1127 4559 1184 4617 hec
1213 4559 1310 4633 ipsius
1330 4560 1496 4633 possessio·

229 4666 314 4723 narie
337 4665 609 4735 reambulacionis,
641 4671 795 4722 metamm
823 4665 999 4736 creceionis,
1026 4665 1213 4736 statucionis,
1236 4641 1443 4723 estimacionis
1466 4673 1495 4722 ct

230 4771 392 4830 revisionis
422 4771 541 4842 seriem,
574 4776 607 4829 ut
629 4769 722 4829 fuerit
745 4769 919 4845 expediens,
942 4769 983 4829 ad
1005 4778 1131 4830 octavas
1154 4769 1223 4829 sesti
1247 4770 1494 4845 Epiphaniarum
