3488 5242
670 359 744 415 θοι·
762 370 839 435 359·
867 392 904 401 -
929 359 1514 469 wag—*333

147 633 151 639 Α
252 549 326 630 (vid.
353 573 397 614 nr.
423 570 493 629 352.
518 572 596 614 anno
624 571 715 631 1391,
741 555 767 614 8.
790 548 991 632 novembris.)
1013 555 1077 612 Nos
1098 555 1191 626 igitur
1206 554 1424 612 amicabilibus
1440 555 1517 627 peti-

252 661 392 717 cionibus
416 661 528 734 prefati
552 661 669 718 domini
700 663 813 718 Mathie
841 661 990 734 prepositi
1014 666 1143 734 propter
1168 661 1285 718 honum
1310 661 1453 734 pacis..
1479 707 1485 717 .
1510 706 1515 717 .

251 773 427 836 annuentes
459 768 617 824 hominem
647 773 786 824 nostrum
819 767 962 824 videlicet
985 766 1201 824 honorabilem
1226 766 1329 823 virum
1353 766 1514 822 dominum

250 870 378 928 Gallum
403 873 653 931 archidiaconum
681 873 718 929 de
744 873 889 944 Baranya,
917 873 1034 929 socium
1059 877 1088 928 et
1112 872 1351 929 concanonicum
1375 877 1515 928 nostrum

250 977 483 1036 adridendum
514 980 699 1052 premissam
731 978 967 1037 iuramentalem
991 977 1218 1051 deposicionem
1244 978 1390 1035 modoet
1415 977 1515 1034 torma

249 1084 280 1141 in
313 1084 402 1142 dictis
435 1085 544 1142 litteris
577 1085 651 1142 dicti
683 1084 801 1142 domini
826 1084 941 1141 Mathie
965 1083 1115 1156 prepositi
1138 1083 1252 1141 habitis
1278 1064 1515 1157 et'expressatis

249 1195 356 1248 nostro
387 1206 446 1264 pro
479 1191 654 1248 testimonio
685 1191 913 1248 transmisimus
946 1188 1146 1262 fidedignum.
1171 1188 1233 1262 Qui
1256 1189 1380 1247 tandem
1405 1189 1514 1246 exinde

248 1295 288 1353 ad
312 1290 378 1373 (nos
402 1313 544 1354 reversus
567 1313 602 1354 ae
626 1313 682 1369 per
704 1289 822 1373 omnes)
846 1296 1010 1368 diligenter
1032 1296 1198 1368 requisitus
1221 1297 1311 1354 nobis
1333 1296 1440 1353 retulit
1468 1312 1514 1353 se-

250 1402 330 1459 riose
352 1403 382 1459 in
405 1403 486 1460 hunc
510 1403 647 1472 modum,
672 1402 755 1475 quod
778 1403 845 1475 ipse
866 1401 942 1459 teria
966 1407 1051 1459 sexta
1071 1402 1223 1474 proxima,
1239 1401 1385 1459 videlicet
1401 1408 1510 1459 octavo

248 1507 298 1564 die
323 1507 391 1565 testi
415 1508 641 1581 purificacionis
665 1509 794 1581 virginis
818 1508 953 1580 gloriose
976 1524 1056 1564 nunc
1079 1508 1222 1581 proxime
1236 1508 1382 1580 preteriti,
1399 1507 1510 1580 Zagra·

247 1615 333 1671 biam
356 1622 385 1671 et
409 1614 447 1671 ad
468 1615 629 1672 ecclesiam
653 1615 749 1672 sancti
772 1616 853 1686 regis
873 1612 1020 1687 Stephani
1044 1613 1212 1670 decadem
1237 1614 1313 1671 hora
1337 1614 1511 1683 terciarum,

248 1720 324 1777 hora
349 1721 465 1777 seilicet
488 1735 599 1792 magne
623 1721 716 1777 misse
739 1721 923 1790 accessisset,
947 1721 1054 1792 ibique
1077 1735 1183 1776 coram
1207 1721 1274 1793 ipso
1298 1728 1328 1776 et
1343 1725 1408 1776 toto
1425 1720 1508 1775 clero

248 1871 466 1883 ........
490 1826 521 1882 in
543 1827 703 1899 presencia
727 1827 937 1899 plurimorum
960 1825 1114 1883 nobilium
1135 1832 1164 1882 et
1180 1825 1353 1898 proborum
1370 1826 1510 1881 virorum

246 1938 276 1987 et
312 1933 468 2003 signanter
502 1947 607 1989 coram
641 1937 670 1989 et
701 1932 731 1990 in
764 1932 922 2003 presencia
948 1933 1158 2004 procuratoris
1182 1931 1366 2004 preallegati
1389 1930 1507 1987 domini

245 2037 394 2119 Johannis
426 2038 572 2111 episcopi,
604 2037 749 2095 videlicet
778 2037 935 2120 Johannis,
966 2037 1024 2094 filii
1052 2036 1182 2108 Mykeeh
1204 2038 1324 2094 comitis
1348 2044 1377 2093 et
1402 2036 1511 2093 iudicis

246 2142 284 2200 de
308 2143 392 2214 Vgra
415 2150 444 2200 et
467 2144 650 2215 Chucherya
680 2159 715 2201 ac
745 2144 860 2200 nobilis
889 2143 1037 2225 Johannis
1068 2143 1105 2199 de
1137 2142 1234 2200 Zenth
1267 2188 1303 2199 ..
1328 2188 1333 2199 .
1359 2188 1363 2199 .
1396 2142 1434 2199 ad
1466 2144 1510 2200 vi·

245 2248 380 2305 dendum
406 2250 613 2306 iuramentum
637 2248 869 2322 infrascriptum
901 2249 1014 2322 deponi
1038 2266 1071 2306 cr
1094 2294 1343 2306 .........
1366 2248 1511 2305 videlicet

245 2355 388 2412 dominus
413 2355 589 2412 leonardus
621 2355 659 2411 de
683 2355 845 2425 Penzaum,
883 2355 1075 2412 decretorum
1101 2355 1209 2411 doctor
1232 2355 1382 2426 egregius,
1405 2353 1510 2411 kathe-

244 2459 340 2517 dralis
371 2468 399 2517 et
431 2460 604 2534 Stephanus
633 2461 671 2517 de
695 2461 812 2533 Veychi
840 2461 1054 2528 varasdiensis,
1077 2459 1294 2529 archidiaconi,
1319 2460 1424 2516 etalii
1448 2460 1510 2517 duo

248 2567 407 2638 simplices
430 2567 566 2623 canonici
591 2567 723 2624 scilicet:
747 2565 904 2623 Barnabas
920 2566 1061 2638 Mykonis
1077 2573 1106 2622 et
1127 2567 1275 2622 Martinus
1292 2580 1421 2637 magnus
1443 2612 1448 2623 .
1473 2612 1479 2622 .
1503 2614 1509 2623 .

244 2717 458 2729 ........
482 2674 512 2729 in
543 2674 637 2730 choro
673 2673 771 2746 ipsius
805 2673 932 2729 ecclesie
969 2671 1185 2745 suprapelieiis
1209 2671 1306 2728 induti
1331 2665 1372 2746 (et
1396 2673 1508 2728 stolam

244 2778 275 2835 in
301 2780 383 2835 eollo
406 2786 435 2835 et
459 2772 615 2855 manibus)
639 2786 799 2851 gestantes,
832 2779 861 2834 in
885 2779 985 2835 stallis
1008 2779 1144 2852 propriis
1168 2778 1252 2834 chori
1277 2778 1357 2835 dicte
1381 2779 1509 2836 ecclesie

243 2886 359 2955 stand0,
385 2902 479 2958 supra
503 2886 592 2942 dictis
616 2885 743 2943 decimis
767 2886 804 2942 de
830 2886 1002 2942 Dauidolch
1026 2901 1061 2942 ac
1078 2893 1160 2943 recta
1176 2892 1205 2942 et
1223 2886 1326 2957 equali
1344 2886 1508 2943 medietate

243 2991 433 3048 decimarum
456 2991 495 3048 de
517 2992 614 3048 vineis
638 2993 782 3048 territorii
808 2991 868 3048 vici
893 2992 1081 3060 Latinorum,
1107 2992 1179 3048 item
1203 3007 1297 3063 super
1316 2992 1435 3064 campis
1454 2991 1508 3048 Ba-

241 3098 437 3171 hanyapolya
460 3104 490 3154 et
513 3097 626 3169 Ztruga
650 3143 778 3155 .....
804 3099 879 3171 ipse,
896 3097 958 3153 duo
982 3096 1099 3154 domini
1124 3098 1154 3154 in
1179 3097 1380 3168 dignitatibus
1405 3099 1506 3170 positi,

241 3205 357 3262 scilieet
381 3251 386 3262 .
411 3250 416 3261 .
441 3249 447 3260 .
470 3250 476 3261 .
500 3209 602 3260 custos
626 3220 661 3261 ac
685 3205 737 3261 alii
762 3203 824 3260 duo
840 3205 977 3261 canonici
995 3203 1175 3277 prebendati
1199 3204 1365 3276 simplices
1389 3204 1507 3261 scilieet

240 3311 394 3393 Johannes
411 3302 459 3386 (L)
477 3310 630 3366 Ancelloti
645 3310 775 3367 vicarius
792 3311 821 3367 in
846 3311 1059 3382 spiritualibus
1083 3311 1180 3383 ipsius
1212 3309 1329 3366 domini
1358 3310 1507 3392 Johannis

241 3418 377 3491 episcopi
393 3417 600 3487 zagrabiensis
623 3417 783 3488 generalis,
801 3422 829 3473 et
848 3415 992 3474 Nicolaus
1007 3416 1163 3498 Johannis,
1181 3417 1354 3487 Hungarus,
1375 3416 1507 3487 cingulis

240 3517 419 3599 (dissolutis,
436 3522 569 3594 pedibus
589 3522 788 3592 discalceatis,
809 3514 975 3597 capitibus)
999 3522 1121 3579 nudatis
1144 3522 1182 3579 de
1206 3522 1314 3579 eadem
1347 3529 1427 3579 terra
1451 3522 1506 3579 Ba-

239 3628 436 3702 kanyapolya
453 3637 482 3685 et
499 3627 622 3686 infacie
640 3630 738 3702 ipsius
754 3623 847 3705 (terre
864 3621 1116 3704 Bahonyapolya)
1131 3629 1272 3701 ipsorum
1289 3630 1440 3699 manibus,
1457 3645 1506 3686 ea·

240 3735 357 3808 pitibus
381 3735 525 3808 propriis,
549 3735 592 3791 sic
616 3740 648 3792 ut
672 3734 850 3808 predicitur,
875 3734 959 3791 horis
975 3740 1079 3791 tamen
1102 3733 1253 3791 distinctis
1277 3734 1327 3792 die
1343 3740 1504 3808 prenotato

240 3842 440 3914 imponentes,
465 3848 534 3914 post
557 3857 623 3898 sese
643 3841 840 3898 iureiurando
858 3842 1008 3897 iurassent
1023 3846 1053 3897 et
1069 3841 1276 3897 iuramentum
1292 3841 1432 3914 ipsorum
1452 3840 1505 3897 de·

240 3947 412 4019 posuissent
429 3946 522 4003 modo
538 3941 634 4023 (quod
652 3947 759 4004 eedem
775 3947 894 4004 decime
910 3946 947 4004 de
964 3947 1142 4004 Dauidoucz
1161 3939 1315 4021 absolute)
1331 3954 1362 4003 et
1385 3946 1415 4004 in
1439 3952 1504 4004 toto

238 4069 273 4109 ac
297 4068 352 4124 per
375 4054 478 4109 omnia
498 4053 555 4125 ipsi
572 4053 708 4125 capitulo
725 4060 755 4110 et
771 4054 910 4126 ipsorum
927 4067 1032 4109 mense
1048 4047 1224 4128 (capitulari
1240 4058 1271 4109 et
1286 4046 1360 4127 non)
1376 4052 1503 4110 domino

238 4159 384 4231 episcopo
407 4175 462 4214 nec
486 4174 590 4214 mense
613 4158 784 4232 episcopali
813 4160 843 4215 in
859 4159 966 4230 aliqua
982 4164 1069 4231 parte
1085 4157 1225 4214 debende
1242 4158 1310 4223 sint,
1326 4159 1384 4214 nisi
1400 4159 1502 4215 solum

238 4264 398 4321 dumtaxat
422 4265 481 4337 ipsi
507 4265 644 4337 capitulo
668 4265 805 4337 ipsorum
830 4281 934 4321 mense
951 4265 1122 4337 capitulari,
1144 4263 1271 4336 dempta
1286 4263 1352 4320 sola
1368 4264 1502 4336 simplici

238 4377 347 4442 quarta
371 4370 409 4426 de
434 4370 530 4426 vineis
553 4371 716 4427 hominum
740 4369 942 4428 Grecensium
965 4376 1084 4427 tantum
1108 4376 1137 4425 et
1161 4384 1220 4426 non
1244 4370 1378 4426 aliorum
1403 4415 1409 4426 .
1433 4415 1439 4427 .
1465 4416 1470 4427 .
1494 4415 1500 4427 .

238 4521 453 4534 ........
478 4476 639 4533 recollitur
662 4492 719 4548 pro
741 4477 863 4533 lectore.
889 4476 1029 4533 Preterea
1052 4481 1135 4533 recta
1158 4483 1188 4532 et
1210 4476 1330 4547 equalis
1351 4475 1500 4533 medietas

237 4583 427 4640 decimarum
463 4577 514 4660 (de
541 4576 651 4658 vineis)
693 4583 839 4640 territorii
869 4582 930 4639 vici
970 4582 1150 4639 Latinorum
1185 4582 1260 4655 ipsis
1298 4582 1432 4639 dominis
1463 4583 1502 4640 de

236 4689 318 4746 dicto
342 4689 479 4762 capitulo
502 4689 692 4760 zagrabiensi
715 4697 744 4746 et
768 4689 932 4760 quartariis
955 4689 1041 4745 iuxta
1063 4693 1177 4745 statuta
1201 4688 1350 4761 ipsorum.
1374 4694 1408 4746 ut
1431 4704 1501 4762 pre-

236 4794 342 4865 fertur,
373 4795 486 4851 debent
517 4797 670 4866 pertinere
699 4800 729 4852 et
752 4795 987 4867 pertinuerunt;
1014 4795 1088 4851 item
1111 4795 1214 4868 campi
1238 4801 1268 4851 et
1292 4800 1372 4852 terre
1395 4794 1493 4853 Bako-
