<?xml version="1.0" encoding="UTF-8"?>
<!DOCTYPE html PUBLIC "-//W3C//DTD XHTML 1.0 Transitional//EN"
    "http://www.w3.org/TR/xhtml1/DTD/xhtml1-transitional.dtd">
<html xmlns="http://www.w3.org/1999/xhtml" xml:lang="en" lang="en">
 <head>
  <title>
</title>
<meta http-equiv="Content-Type" content="text/html;charset=utf-8" />
  <meta name='ocr-system' content='tesseract 3.04.00' />
  <meta name='ocr-capabilities' content='ocr_page ocr_carea ocr_par ocr_line ocrx_word'/>
</head>
<body>
  <div class='ocr_page' id='page_1' title='image "./monumentahistor11laszgoog_0542.png"; bbox 0 0 3488 5242; ppageno 0'>
   <div class='ocr_carea' id='block_1_1' title="bbox 636 331 1480 413">
    <p class='ocr_par' dir='ltr' id='par_1_1' title="bbox 636 331 1480 413">
     <span class='ocr_line' id='line_1_1' title="bbox 636 331 1480 413; baseline 0.004 -22"><span class='ocrx_word' id='word_1_1' title='bbox 636 336 708 392; x_wconf 85' lang='lat' dir='ltr'><strong>Doc.</strong></span> <span class='ocrx_word' id='word_1_2' title='bbox 723 348 797 411; x_wconf 76' lang='lat'><strong>323.</strong></span> <span class='ocrx_word' id='word_1_3' title='bbox 825 367 861 377; x_wconf 93' lang='lat'>-</span> <span class='ocrx_word' id='word_1_4' title='bbox 887 336 943 392; x_wconf 85' lang='lat' dir='ltr'><strong>An.</strong></span> <span class='ocrx_word' id='word_1_5' title='bbox 969 331 1060 413; x_wconf 74' lang='lat'><em>1384.</em></span> <span class='ocrx_word' id='word_1_6' title='bbox 1420 352 1480 410; x_wconf 85' lang='lat'><strong>303</strong></span> 
     </span>
    </p>
   </div>
   <div class='ocr_carea' id='block_1_2' title="bbox 216 531 1484 1979">
    <p class='ocr_par' dir='ltr' id='par_1_2' title="bbox 216 531 1484 1979">
     <span class='ocr_line' id='line_1_2' title="bbox 218 531 1482 605; baseline 0.002 -19"><span class='ocrx_word' id='word_1_7' title='bbox 218 531 364 588; x_wconf 89' lang='lat' dir='ltr'><strong>cambiali</strong></span> <span class='ocrx_word' id='word_1_8' title='bbox 389 532 619 605; x_wconf 81' lang='lat' dir='ltr'>permutacione</span> <span class='ocrx_word' id='word_1_9' title='bbox 643 532 882 604; x_wconf 89' lang='lat' dir='ltr'><strong>possessionaria</strong></span> <span class='ocrx_word' id='word_1_10' title='bbox 906 531 994 602; x_wconf 88' lang='lat' dir='ltr'><strong>facta,</strong></span> <span class='ocrx_word' id='word_1_11' title='bbox 1018 531 1180 602; x_wconf 85' lang='lat' dir='ltr'><strong>confectas,</strong></span> <span class='ocrx_word' id='word_1_12' title='bbox 1205 534 1319 590; x_wconf 91' lang='lat' dir='ltr'><strong>tenoris</strong></span> <span class='ocrx_word' id='word_1_13' title='bbox 1342 537 1371 589; x_wconf 90' lang='lat' dir='ltr'><strong>et</strong></span> <span class='ocrx_word' id='word_1_14' title='bbox 1387 533 1482 588; x_wconf 91' lang='lat' dir='ltr'><strong>conti·</strong></span> 
     </span>
     <span class='ocr_line' id='line_1_3' title="bbox 216 637 1480 712; baseline 0.002 -20"><span class='ocrx_word' id='word_1_15' title='bbox 216 638 395 694; x_wconf 91' lang='lat' dir='ltr'><strong>nenciarum</strong></span> <span class='ocrx_word' id='word_1_16' title='bbox 427 654 482 711; x_wconf 91' lang='lat' dir='ltr'><strong>per</strong></span> <span class='ocrx_word' id='word_1_17' title='bbox 513 638 617 695; x_wconf 91' lang='lat' dir='ltr'><strong>omnia</strong></span> <span class='ocrx_word' id='word_1_18' title='bbox 647 637 923 712; x_wconf 81' lang='lat' dir='ltr'><strong>infrascriptarum,</strong></span> <span class='ocrx_word' id='word_1_19' title='bbox 952 645 1089 712; x_wconf 90' lang='lat' dir='ltr'><strong>petentes</strong></span> <span class='ocrx_word' id='word_1_20' title='bbox 1112 653 1167 695; x_wconf 89' lang='lat' dir='ltr'><strong>nos</strong></span> <span class='ocrx_word' id='word_1_21' title='bbox 1191 654 1319 712; x_wconf 90' lang='lat' dir='ltr'><strong>precum</strong></span> <span class='ocrx_word' id='word_1_22' title='bbox 1343 654 1414 695; x_wconf 92' lang='lat' dir='ltr'><strong>cum</strong></span> <span class='ocrx_word' id='word_1_23' title='bbox 1439 639 1480 696; x_wconf 80' lang='lat' dir='ltr'><strong>in</strong></span> 
     </span>
     <span class='ocr_line' id='line_1_4' title="bbox 216 742 1484 818; baseline 0.003 -21"><span class='ocrx_word' id='word_1_24' title='bbox 216 743 339 812; x_wconf 77' lang='lat' dir='ltr'><strong>starcia,</strong></span> <span class='ocrx_word' id='word_1_25' title='bbox 364 750 397 800; x_wconf 93' lang='lat' dir='ltr'><strong>ut</strong></span> <span class='ocrx_word' id='word_1_26' title='bbox 421 744 492 816; x_wconf 91' lang='lat' dir='ltr'><strong>quia</strong></span> <span class='ocrx_word' id='word_1_27' title='bbox 516 743 624 800; x_wconf 89' lang='lat' dir='ltr'><strong>eedem</strong></span> <span class='ocrx_word' id='word_1_28' title='bbox 655 750 816 817; x_wconf 91' lang='lat' dir='ltr'><strong>spectenus</strong></span> <span class='ocrx_word' id='word_1_29' title='bbox 838 744 961 801; x_wconf 88' lang='lat' dir='ltr'><strong>viarum</strong></span> <span class='ocrx_word' id='word_1_30' title='bbox 985 749 1113 818; x_wconf 90' lang='lat' dir='ltr'><strong>propter</strong></span> <span class='ocrx_word' id='word_1_31' title='bbox 1131 744 1310 802; x_wconf 89' lang='lat' dir='ltr'><strong>discrimina</strong></span> <span class='ocrx_word' id='word_1_32' title='bbox 1340 742 1399 818; x_wconf 85' lang='lat' dir='ltr'><strong>p‘ro</strong></span> <span class='ocrx_word' id='word_1_33' title='bbox 1415 760 1484 801; x_wconf 89' lang='lat' dir='ltr'><strong>exe-</strong></span> 
     </span>
     <span class='ocr_line' id='line_1_5' title="bbox 217 848 1484 924; baseline 0.002 -20"><span class='ocrx_word' id='word_1_34' title='bbox 217 848 347 919; x_wconf 90' lang='lat' dir='ltr'><strong>quendis</strong></span> <span class='ocrx_word' id='word_1_35' title='bbox 371 850 511 922; x_wconf 93' lang='lat' dir='ltr'><strong>ipsorum</strong></span> <span class='ocrx_word' id='word_1_36' title='bbox 536 850 672 921; x_wconf 86' lang='lat' dir='ltr'><strong>negociis</strong></span> <span class='ocrx_word' id='word_1_37' title='bbox 695 865 800 906; x_wconf 91' lang='lat' dir='ltr'><strong>secum</strong></span> <span class='ocrx_word' id='word_1_38' title='bbox 823 849 943 907; x_wconf 90' lang='lat' dir='ltr'><strong>deferre</strong></span> <span class='ocrx_word' id='word_1_39' title='bbox 966 864 1026 907; x_wconf 92' lang='lat' dir='ltr'><strong>non</strong></span> <span class='ocrx_word' id='word_1_40' title='bbox 1051 849 1239 924; x_wconf 85' lang='lat' dir='ltr'><strong>expedirent,</strong></span> <span class='ocrx_word' id='word_1_41' title='bbox 1264 851 1306 907; x_wconf 93' lang='lat' dir='ltr'><strong>ob</strong></span> <span class='ocrx_word' id='word_1_42' title='bbox 1328 850 1385 906; x_wconf 92' lang='lat' dir='ltr'><strong>hoc</strong></span> <span class='ocrx_word' id='word_1_43' title='bbox 1402 851 1484 922; x_wconf 91' lang='lat' dir='ltr'><strong>ipsas</strong></span> 
     </span>
     <span class='ocr_line' id='line_1_6' title="bbox 219 953 1484 1030; baseline 0.003 -20"><span class='ocrx_word' id='word_1_44' title='bbox 219 953 258 1011; x_wconf 88' lang='lat' dir='ltr'><strong>de</strong></span> <span class='ocrx_word' id='word_1_45' title='bbox 282 956 380 1013; x_wconf 86' lang='lat' dir='ltr'><strong>verbo</strong></span> <span class='ocrx_word' id='word_1_46' title='bbox 403 955 441 1012; x_wconf 90' lang='lat' dir='ltr'><strong>ad</strong></span> <span class='ocrx_word' id='word_1_47' title='bbox 466 957 599 1013; x_wconf 89' lang='lat' dir='ltr'><strong>verbum</strong></span> <span class='ocrx_word' id='word_1_48' title='bbox 624 957 787 1013; x_wconf 81' lang='lat' dir='ltr'><strong>transcribi</strong></span> <span class='ocrx_word' id='word_1_49' title='bbox 811 963 840 1013; x_wconf 90' lang='lat' dir='ltr'><strong>et</strong></span> <span class='ocrx_word' id='word_1_50' title='bbox 864 957 1071 1030; x_wconf 88' lang='lat' dir='ltr'><strong>transumpmi</strong></span> <span class='ocrx_word' id='word_1_51' title='bbox 1095 955 1195 1013; x_wconf 91' lang='lat' dir='ltr'><strong>facere</strong></span> <span class='ocrx_word' id='word_1_52' title='bbox 1219 963 1248 1013; x_wconf 90' lang='lat' dir='ltr'><strong>et</strong></span> <span class='ocrx_word' id='word_1_53' title='bbox 1271 957 1368 1029; x_wconf 91' lang='lat' dir='ltr'><strong>sigilli</strong></span> <span class='ocrx_word' id='word_1_54' title='bbox 1388 957 1484 1014; x_wconf 91' lang='lat' dir='ltr'><strong>nostri</strong></span> 
     </span>
     <span class='ocr_line' id='line_1_7' title="bbox 217 1056 1482 1139; baseline 0.003 -24"><span class='ocrx_word' id='word_1_55' title='bbox 217 1061 405 1133; x_wconf 87' lang='lat' dir='ltr'><strong>appensione</strong></span> <span class='ocrx_word' id='word_1_56' title='bbox 429 1061 629 1133; x_wconf 89' lang='lat' dir='ltr'><strong>dignaremur</strong></span> <span class='ocrx_word' id='word_1_57' title='bbox 652 1062 806 1120; x_wconf 89' lang='lat' dir='ltr'><strong>roborare.</strong></span> <span class='ocrx_word' id='word_1_58' title='bbox 831 1061 1101 1135; x_wconf 84' lang='lat' dir='ltr'><strong>Quarumquidem</strong></span> <span class='ocrx_word' id='word_1_59' title='bbox 1126 1069 1214 1120; x_wconf 89' lang='lat' dir='ltr'><strong>tenor</strong></span> <span class='ocrx_word' id='word_1_60' title='bbox 1237 1063 1307 1120; x_wconf 91' lang='lat' dir='ltr'><strong>talis</strong></span> <span class='ocrx_word' id='word_1_61' title='bbox 1331 1069 1392 1120; x_wconf 88' lang='lat' dir='ltr'><strong>est:</strong></span> <span class='ocrx_word' id='word_1_62' title='bbox 1409 1056 1482 1139; x_wconf 86' lang='lat' dir='ltr'><strong>(vid.</strong></span> 
     </span>
     <span class='ocr_line' id='line_1_8' title="bbox 216 1161 1484 1249; baseline 0.002 -27"><span class='ocrx_word' id='word_1_63' title='bbox 216 1182 261 1222; x_wconf 91' lang='lat' dir='ltr'><strong>nr.</strong></span> <span class='ocrx_word' id='word_1_64' title='bbox 292 1165 361 1241; x_wconf 87' lang='lat'><strong>284.</strong></span> <span class='ocrx_word' id='word_1_65' title='bbox 393 1182 472 1224; x_wconf 90' lang='lat' dir='ltr'><strong>anno</strong></span> <span class='ocrx_word' id='word_1_66' title='bbox 508 1168 598 1239; x_wconf 84' lang='lat'><strong>1378,</strong></span> <span class='ocrx_word' id='word_1_67' title='bbox 632 1167 679 1225; x_wconf 86' lang='lat'><strong>26.</strong></span> <span class='ocrx_word' id='word_1_68' title='bbox 709 1161 813 1249; x_wconf 90' lang='lat' dir='ltr'><strong>Junii.)</strong></span> <span class='ocrx_word' id='word_1_69' title='bbox 843 1168 907 1225; x_wconf 93' lang='lat' dir='ltr'><strong>Nos</strong></span> <span class='ocrx_word' id='word_1_70' title='bbox 935 1169 1039 1241; x_wconf 89' lang='lat' dir='ltr'><strong>itaque</strong></span> <span class='ocrx_word' id='word_1_71' title='bbox 1074 1168 1160 1226; x_wconf 90' lang='lat' dir='ltr'><strong>iustis</strong></span> <span class='ocrx_word' id='word_1_72' title='bbox 1189 1174 1219 1225; x_wconf 90' lang='lat' dir='ltr'><strong>et</strong></span> <span class='ocrx_word' id='word_1_73' title='bbox 1251 1169 1309 1226; x_wconf 93' lang='lat' dir='ltr'><strong>iuri</strong></span> <span class='ocrx_word' id='word_1_74' title='bbox 1344 1169 1484 1225; x_wconf 89' lang='lat' dir='ltr'><strong>consonis</strong></span> 
     </span>
     <span class='ocr_line' id='line_1_9' title="bbox 218 1269 1484 1346; baseline 0.002 -20"><span class='ocrx_word' id='word_1_75' title='bbox 218 1269 410 1342; x_wconf 76' lang='lat' dir='ltr'><strong>prefatorum</strong></span> <span class='ocrx_word' id='word_1_76' title='bbox 434 1272 588 1330; x_wconf 92' lang='lat' dir='ltr'><strong>Dominici</strong></span> <span class='ocrx_word' id='word_1_77' title='bbox 612 1280 642 1330; x_wconf 93' lang='lat' dir='ltr'><strong>et</strong></span> <span class='ocrx_word' id='word_1_78' title='bbox 666 1273 759 1330; x_wconf 88' lang='lat' dir='ltr'><strong>Blasii</strong></span> <span class='ocrx_word' id='word_1_79' title='bbox 792 1271 932 1344; x_wconf 84' lang='lat' dir='ltr'><strong>fratrum,</strong></span> <span class='ocrx_word' id='word_1_80' title='bbox 957 1273 1135 1331; x_wconf 89' lang='lat' dir='ltr'><strong>nominibus</strong></span> <span class='ocrx_word' id='word_1_81' title='bbox 1158 1274 1272 1346; x_wconf 91' lang='lat' dir='ltr'><strong>quibus</strong></span> <span class='ocrx_word' id='word_1_82' title='bbox 1295 1289 1398 1346; x_wconf 89' lang='lat' dir='ltr'><strong>supra,</strong></span> <span class='ocrx_word' id='word_1_83' title='bbox 1431 1288 1484 1345; x_wconf 93' lang='lat' dir='ltr'><strong>pe·</strong></span> 
     </span>
     <span class='ocr_line' id='line_1_10' title="bbox 218 1376 1482 1452; baseline 0.001 -19"><span class='ocrx_word' id='word_1_84' title='bbox 218 1377 383 1434; x_wconf 89' lang='lat' dir='ltr'><strong>ticionibus</strong></span> <span class='ocrx_word' id='word_1_85' title='bbox 414 1379 504 1434; x_wconf 92' lang='lat' dir='ltr'><strong>nobis</strong></span> <span class='ocrx_word' id='word_1_86' title='bbox 537 1377 625 1436; x_wconf 91' lang='lat' dir='ltr'><strong>factis</strong></span> <span class='ocrx_word' id='word_1_87' title='bbox 651 1379 816 1450; x_wconf 83' lang='lat' dir='ltr'><strong>diligenter</strong></span> <span class='ocrx_word' id='word_1_88' title='bbox 846 1383 1013 1436; x_wconf 86' lang='lat' dir='ltr'><strong>annuentes</strong></span> <span class='ocrx_word' id='word_1_89' title='bbox 1045 1378 1181 1452; x_wconf 88' lang='lat' dir='ltr'><strong>prefatas</strong></span> <span class='ocrx_word' id='word_1_90' title='bbox 1210 1379 1327 1435; x_wconf 89' lang='lat' dir='ltr'><strong>litteras</strong></span> <span class='ocrx_word' id='word_1_91' title='bbox 1351 1376 1482 1435; x_wconf 92' lang='lat' dir='ltr'><strong>condam</strong></span> 
     </span>
     <span class='ocr_line' id='line_1_11' title="bbox 217 1482 1484 1556; baseline 0.002 -18"><span class='ocrx_word' id='word_1_92' title='bbox 217 1482 348 1555; x_wconf 88' lang='lat' dir='ltr'><strong>predicti</strong></span> <span class='ocrx_word' id='word_1_93' title='bbox 372 1482 489 1540; x_wconf 92' lang='lat' dir='ltr'><strong>domini</strong></span> <span class='ocrx_word' id='word_1_94' title='bbox 514 1485 595 1556; x_wconf 82' lang='lat' dir='ltr'><strong>regis</strong></span> <span class='ocrx_word' id='word_1_95' title='bbox 619 1483 656 1540; x_wconf 92' lang='lat' dir='ltr'><strong>de</strong></span> <span class='ocrx_word' id='word_1_96' title='bbox 681 1485 779 1542; x_wconf 92' lang='lat' dir='ltr'><strong>verbo</strong></span> <span class='ocrx_word' id='word_1_97' title='bbox 802 1484 839 1541; x_wconf 92' lang='lat' dir='ltr'><strong>ad</strong></span> <span class='ocrx_word' id='word_1_98' title='bbox 865 1485 1007 1555; x_wconf 90' lang='lat' dir='ltr'><strong>verbum,</strong></span> <span class='ocrx_word' id='word_1_99' title='bbox 1031 1484 1127 1541; x_wconf 92' lang='lat' dir='ltr'><strong>nichil</strong></span> <span class='ocrx_word' id='word_1_100' title='bbox 1151 1483 1301 1554; x_wconf 90' lang='lat' dir='ltr'><strong>addend0,</strong></span> <span class='ocrx_word' id='word_1_101' title='bbox 1325 1484 1484 1556; x_wconf 90' lang='lat' dir='ltr'><strong>nichilque</strong></span> 
     </span>
     <span class='ocr_line' id='line_1_12' title="bbox 218 1587 1484 1663; baseline 0.001 -19"><span class='ocrx_word' id='word_1_102' title='bbox 218 1587 427 1659; x_wconf 87' lang='lat' dir='ltr'><strong>diminuendo,</strong></span> <span class='ocrx_word' id='word_1_103' title='bbox 460 1590 654 1661; x_wconf 87' lang='lat' dir='ltr'><strong>presentibus</strong></span> <span class='ocrx_word' id='word_1_104' title='bbox 685 1590 796 1647; x_wconf 92' lang='lat' dir='ltr'><strong>litteris</strong></span> <span class='ocrx_word' id='word_1_105' title='bbox 825 1591 938 1647; x_wconf 91' lang='lat' dir='ltr'><strong>nostris</strong></span> <span class='ocrx_word' id='word_1_106' title='bbox 969 1590 1069 1660; x_wconf 90' lang='lat' dir='ltr'><strong>inseri,</strong></span> <span class='ocrx_word' id='word_1_107' title='bbox 1101 1590 1308 1663; x_wconf 88' lang='lat' dir='ltr'><strong>transumpmi</strong></span> <span class='ocrx_word' id='word_1_108' title='bbox 1344 1595 1373 1646; x_wconf 91' lang='lat' dir='ltr'><strong>et</strong></span> <span class='ocrx_word' id='word_1_109' title='bbox 1404 1595 1484 1646; x_wconf 89' lang='lat' dir='ltr'><strong>tran-</strong></span> 
     </span>
     <span class='ocr_line' id='line_1_13' title="bbox 219 1693 1483 1769; baseline 0 -19"><span class='ocrx_word' id='word_1_110' title='bbox 219 1694 312 1750; x_wconf 87' lang='lat' dir='ltr'><strong>scribi</strong></span> <span class='ocrx_word' id='word_1_111' title='bbox 338 1693 466 1751; x_wconf 91' lang='lat' dir='ltr'><strong>fecimus</strong></span> <span class='ocrx_word' id='word_1_112' title='bbox 490 1695 601 1752; x_wconf 89' lang='lat' dir='ltr'><strong>maiori</strong></span> <span class='ocrx_word' id='word_1_113' title='bbox 625 1710 682 1768; x_wconf 89' lang='lat' dir='ltr'><strong>pro</strong></span> <span class='ocrx_word' id='word_1_114' title='bbox 713 1695 834 1752; x_wconf 91' lang='lat' dir='ltr'><strong>cautela</strong></span> <span class='ocrx_word' id='word_1_115' title='bbox 858 1711 916 1769; x_wconf 90' lang='lat' dir='ltr'><strong>pro</strong></span> <span class='ocrx_word' id='word_1_116' title='bbox 944 1695 1092 1753; x_wconf 91' lang='lat' dir='ltr'><strong>fratribus</strong></span> <span class='ocrx_word' id='word_1_117' title='bbox 1116 1695 1283 1752; x_wconf 88' lang='lat' dir='ltr'><strong>Heremitis</strong></span> <span class='ocrx_word' id='word_1_118' title='bbox 1308 1696 1483 1768; x_wconf 84' lang='lat' dir='ltr'><strong>prenotatis</strong></span> 
     </span>
     <span class='ocr_line' id='line_1_14' title="bbox 218 1799 1484 1883; baseline 0.002 -28"><span class='ocrx_word' id='word_1_119' title='bbox 218 1799 335 1856; x_wconf 91' lang='lat' dir='ltr'><strong>Datum</strong></span> <span class='ocrx_word' id='word_1_120' title='bbox 360 1800 494 1857; x_wconf 89' lang='lat' dir='ltr'><strong>secundo</strong></span> <span class='ocrx_word' id='word_1_121' title='bbox 518 1800 567 1857; x_wconf 88' lang='lat' dir='ltr'><strong>die</strong></span> <span class='ocrx_word' id='word_1_122' title='bbox 590 1808 771 1857; x_wconf 89' lang='lat' dir='ltr'><strong>octavarum</strong></span> <span class='ocrx_word' id='word_1_123' title='bbox 795 1800 864 1858; x_wconf 92' lang='lat' dir='ltr'><strong>festi</strong></span> <span class='ocrx_word' id='word_1_124' title='bbox 887 1801 1055 1858; x_wconf 89' lang='lat' dir='ltr'><strong>nativitatis</strong></span> <span class='ocrx_word' id='word_1_125' title='bbox 1079 1802 1161 1858; x_wconf 91' lang='lat' dir='ltr'><strong>beati</strong></span> <span class='ocrx_word' id='word_1_126' title='bbox 1176 1801 1325 1883; x_wconf 89' lang='lat' dir='ltr'><strong>Johannis</strong></span> <span class='ocrx_word' id='word_1_127' title='bbox 1342 1800 1484 1873; x_wconf 91' lang='lat' dir='ltr'><strong>baptiste.</strong></span> 
     </span>
     <span class='ocr_line' id='line_1_15' title="bbox 219 1905 963 1979; baseline 0.004 -18"><span class='ocrx_word' id='word_1_128' title='bbox 219 1905 307 1962; x_wconf 90' lang='lat' dir='ltr'><strong>Anno</strong></span> <span class='ocrx_word' id='word_1_129' title='bbox 332 1905 449 1963; x_wconf 91' lang='lat' dir='ltr'><strong>domini</strong></span> <span class='ocrx_word' id='word_1_130' title='bbox 474 1905 584 1962; x_wconf 75' lang='lat' dir='ltr'>MCCC</span> <span class='ocrx_word' id='word_1_131' title='bbox 608 1907 818 1978; x_wconf 89' lang='lat' dir='ltr'><strong>octuagesimo</strong></span> <span class='ocrx_word' id='word_1_132' title='bbox 845 1913 963 1979; x_wconf 89' lang='lat' dir='ltr'><strong>quarto.</strong></span> 
     </span>
    </p>
   </div>
   <div class='ocr_carea' id='block_1_3' title="bbox 218 2021 1476 2175">
    <p class='ocr_par' dir='ltr' id='par_1_3' title="bbox 218 2021 1476 2175">
     <span class='ocr_line' id='line_1_16' title="bbox 309 2021 1476 2088; baseline 0.003 -18"><span class='ocrx_word' id='word_1_133' title='bbox 309 2022 448 2087; x_wconf 85' lang='lat' dir='ltr'><strong>Originale</strong></span> <span class='ocrx_word' id='word_1_134' title='bbox 468 2021 493 2071; x_wconf 94' lang='lat' dir='ltr'><strong>in</strong></span> <span class='ocrx_word' id='word_1_135' title='bbox 513 2023 671 2072; x_wconf 86' lang='lat' dir='ltr'><strong>membrana.</strong></span> <span class='ocrx_word' id='word_1_136' title='bbox 692 2023 824 2088; x_wconf 87' lang='lat' dir='ltr'><strong>Sigillum,</strong></span> <span class='ocrx_word' id='word_1_137' title='bbox 837 2026 909 2086; x_wconf 90' lang='lat' dir='ltr'><strong>quod</strong></span> <span class='ocrx_word' id='word_1_138' title='bbox 923 2025 1080 2073; x_wconf 89' lang='lat' dir='ltr'><strong>documento</strong></span> <span class='ocrx_word' id='word_1_139' title='bbox 1093 2025 1265 2088; x_wconf 84' lang='lat' dir='ltr'><strong>dependebat,</strong></span> <span class='ocrx_word' id='word_1_140' title='bbox 1278 2039 1329 2073; x_wconf 86' lang='lat' dir='ltr'><strong>una</strong></span> <span class='ocrx_word' id='word_1_141' title='bbox 1342 2039 1400 2073; x_wconf 92' lang='lat' dir='ltr'><strong>cum</strong></span> <span class='ocrx_word' id='word_1_142' title='bbox 1414 2039 1476 2073; x_wconf 84' lang='lat' dir='ltr'><strong>zoua</strong></span> 
     </span>
     <span class='ocr_line' id='line_1_17' title="bbox 218 2109 1356 2175; baseline 0.004 -18"><span class='ocrx_word' id='word_1_143' title='bbox 218 2109 339 2173; x_wconf 87' lang='lat' dir='ltr'><strong>deperiit.</strong></span> <span class='ocrx_word' id='word_1_144' title='bbox 359 2110 390 2160; x_wconf 92' lang='lat' dir='ltr'><strong>In</strong></span> <span class='ocrx_word' id='word_1_145' title='bbox 409 2110 517 2160; x_wconf 81' lang='lat' dir='ltr'><strong>archivo</strong></span> <span class='ocrx_word' id='word_1_146' title='bbox 537 2111 613 2175; x_wconf 80' lang='lat' dir='ltr'><strong>regni</strong></span> <span class='ocrx_word' id='word_1_147' title='bbox 632 2111 706 2166; x_wconf 82' lang='lat' dir='ltr'><strong>CSD,</strong></span> <span class='ocrx_word' id='word_1_148' title='bbox 730 2114 787 2161; x_wconf 76' lang='lat' dir='ltr'><strong>Act.</strong></span> <span class='ocrx_word' id='word_1_149' title='bbox 808 2112 932 2161; x_wconf 72' lang='lat' dir='ltr'><strong>(¹0nvent.</strong></span> <span class='ocrx_word' id='word_1_150' title='bbox 954 2112 1122 2168; x_wconf 83' lang='lat' dir='ltr'><strong>Remetensis‚</strong></span> <span class='ocrx_word' id='word_1_151' title='bbox 1141 2111 1202 2162; x_wconf 88' lang='lat' dir='ltr'><strong>fasc.</strong></span> <span class='ocrx_word' id='word_1_152' title='bbox 1227 2123 1234 2161; x_wconf 92' lang='lat'><em>1</em></span> <span class='ocrx_word' id='word_1_153' title='bbox 1257 2130 1295 2162; x_wconf 90' lang='lat' dir='ltr'><strong>nr.</strong></span> <span class='ocrx_word' id='word_1_154' title='bbox 1319 2124 1356 2174; x_wconf 75' lang='lat' dir='ltr'><strong>tq.</strong></span> 
     </span>
    </p>
   </div>
   <div class='ocr_carea' id='block_1_4' title="bbox 323 2344 894 2548">
    <p class='ocr_par' dir='ltr' id='par_1_4' title="bbox 323 2344 894 2548">
     <span class='ocr_line' id='line_1_18' title="bbox 808 2344 894 2409; baseline -0.012 0"><span class='ocrx_word' id='word_1_155' title='bbox 808 2344 894 2409; x_wconf 81' lang='lat'><strong>323.</strong></span> 
     </span>
     <span class='ocr_line' id='line_1_19' title="bbox 323 2482 858 2548; baseline 0.004 -19"><span class='ocrx_word' id='word_1_156' title='bbox 323 2483 399 2531; x_wconf 80' lang='lat' dir='ltr'><strong>Anno</strong></span> <span class='ocrx_word' id='word_1_157' title='bbox 422 2483 495 2543; x_wconf 73' lang='lat'><strong>1384,</strong></span> <span class='ocrx_word' id='word_1_158' title='bbox 515 2483 538 2533; x_wconf 88' lang='lat'><strong>8.</strong></span> <span class='ocrx_word' id='word_1_159' title='bbox 557 2483 683 2547; x_wconf 79' lang='lat' dir='ltr'><strong>Augusti.</strong></span> <span class='ocrx_word' id='word_1_160' title='bbox 704 2482 858 2548; x_wconf 86' lang='lat' dir='ltr'><strong>Zagrabiae.</strong></span> 
     </span>
    </p>
   </div>
   <div class='ocr_carea' id='block_1_5' title="bbox 217 2608 1484 2883">
    <p class='ocr_par' dir='ltr' id='par_1_5' title="bbox 217 2608 1484 2883">
     <span class='ocr_line' id='line_1_20' title="bbox 224 2608 1484 2685; baseline 0.006 -21"><span class='ocrx_word' id='word_1_161' title='bbox 224 2608 386 2683; x_wconf 79' lang='lat' dir='ltr'><strong>Capitulum</strong></span> <span class='ocrx_word' id='word_1_162' title='bbox 408 2610 524 2681; x_wconf 77' lang='lat' dir='ltr'><strong>zagrub.</strong></span> <span class='ocrx_word' id='word_1_163' title='bbox 549 2612 673 2679; x_wconf 79' lang='lat' dir='ltr'><strong>nuntiat,</strong></span> <span class='ocrx_word' id='word_1_164' title='bbox 696 2610 887 2669; x_wconf 77' lang='lat' dir='ltr'><strong>Laurentium</strong></span> <span class='ocrx_word' id='word_1_165' title='bbox 907 2610 1024 2668; x_wconf 74' lang='lat' dir='ltr'><strong>iudicem</strong></span> <span class='ocrx_word' id='word_1_166' title='bbox 1039 2613 1069 2668; x_wconf 85' lang='lat' dir='ltr'><strong>r&#39;u</strong></span> <span class='ocrx_word' id='word_1_167' title='bbox 1085 2614 1146 2669; x_wconf 82' lang='lat' dir='ltr'><strong>eccl.</strong></span> <span class='ocrx_word' id='word_1_168' title='bbox 1163 2631 1184 2668; x_wconf 94' lang='lat' dir='ltr'><strong>s.</strong></span> <span class='ocrx_word' id='word_1_169' title='bbox 1201 2613 1303 2669; x_wconf 82' lang='lat' dir='ltr'><strong>Murci</strong></span> <span class='ocrx_word' id='word_1_170' title='bbox 1318 2613 1484 2685; x_wconf 75' lang='lat' dir='ltr'><strong>Zagrobtue</strong></span> 
     </span>
     <span class='ocr_line' id='line_1_21' title="bbox 217 2714 1484 2792; baseline 0.005 -22"><span class='ocrx_word' id='word_1_171' title='bbox 217 2714 373 2788; x_wconf 76' lang='lat' dir='ltr'><strong>deposuisse</strong></span> <span class='ocrx_word' id='word_1_172' title='bbox 396 2717 587 2773; x_wconf 82' lang='lat' dir='ltr'><strong>iuramentum</strong></span> <span class='ocrx_word' id='word_1_173' title='bbox 614 2717 647 2773; x_wconf 79' lang='lat' dir='ltr'><strong>dc</strong></span> <span class='ocrx_word' id='word_1_174' title='bbox 675 2718 774 2774; x_wconf 70' lang='lat' dir='ltr'><strong>solutis</strong></span> <span class='ocrx_word' id='word_1_175' title='bbox 796 2718 918 2790; x_wconf 70' lang='lat' dir='ltr'><strong>triginta</strong></span> <span class='ocrx_word' id='word_1_176' title='bbox 942 2726 970 2774; x_wconf 84' lang='lat' dir='ltr'><strong>ct</strong></span> <span class='ocrx_word' id='word_1_177' title='bbox 995 2737 1052 2774; x_wconf 78' lang='lat' dir='ltr'><strong>utro</strong></span> <span class='ocrx_word' id='word_1_178' title='bbox 1066 2718 1190 2792; x_wconf 80' lang='lat' dir='ltr'><strong>floreno,</strong></span> <span class='ocrx_word' id='word_1_179' title='bbox 1212 2737 1282 2792; x_wconf 80' lang='lat' dir='ltr'><strong>quus</strong></span> <span class='ocrx_word' id='word_1_180' title='bbox 1312 2717 1484 2777; x_wconf 79' lang='lat' dir='ltr'><strong>Grccuensts</strong></span> 
     </span>
     <span class='ocr_line' id='line_1_22' title="bbox 466 2824 1247 2883; baseline 0.003 -4"><span class='ocrx_word' id='word_1_181' title='bbox 466 2824 650 2880; x_wconf 74' lang='lat' dir='ltr'><strong>corumuuitas</strong></span> <span class='ocrx_word' id='word_1_182' title='bbox 672 2824 783 2880; x_wconf 81' lang='lat' dir='ltr'><strong>albensi</strong></span> <span class='ocrx_word' id='word_1_183' title='bbox 802 2825 935 2880; x_wconf 83' lang='lat' dir='ltr'><strong>canonico</strong></span> <span class='ocrx_word' id='word_1_184' title='bbox 959 2824 1083 2881; x_wconf 78' lang='lat' dir='ltr'><strong>M&#39;colau</strong></span> <span class='ocrx_word' id='word_1_185' title='bbox 1104 2824 1247 2883; x_wconf 75' lang='lat' dir='ltr'><strong>debuerat.</strong></span> 
     </span>
    </p>
   </div>
   <div class='ocr_carea' id='block_1_6' title="bbox 218 2966 1485 4839">
    <p class='ocr_par' dir='ltr' id='par_1_6' title="bbox 218 2966 1485 4839">
     <span class='ocr_line' id='line_1_23' title="bbox 307 2966 1484 3043; baseline 0.003 -20"><span class='ocrx_word' id='word_1_186' title='bbox 307 2966 369 3023; x_wconf 94' lang='lat' dir='ltr'><strong>Nos</strong></span> <span class='ocrx_word' id='word_1_187' title='bbox 394 2968 566 3040; x_wconf 89' lang='lat' dir='ltr'><strong>capitulum</strong></span> <span class='ocrx_word' id='word_1_188' title='bbox 592 2967 718 3025; x_wconf 89' lang='lat' dir='ltr'><strong>ecclesie</strong></span> <span class='ocrx_word' id='word_1_189' title='bbox 740 2968 955 3040; x_wconf 88' lang='lat' dir='ltr'><strong>zagrabiensis.</strong></span> <span class='ocrx_word' id='word_1_190' title='bbox 983 2969 1130 3025; x_wconf 88' lang='lat' dir='ltr'><strong>Memorie</strong></span> <span class='ocrx_word' id='word_1_191' title='bbox 1152 2969 1405 3026; x_wconf 91' lang='lat' dir='ltr'><strong>commendamus</strong></span> <span class='ocrx_word' id='word_1_192' title='bbox 1429 2987 1484 3043; x_wconf 89' lang='lat' dir='ltr'><strong>per</strong></span> 
     </span>
     <span class='ocr_line' id='line_1_24' title="bbox 218 3073 1483 3147; baseline 0.003 -19"><span class='ocrx_word' id='word_1_193' title='bbox 218 3080 383 3145; x_wconf 70' lang='lat' dir='ltr'><strong>presentes</strong></span> <span class='ocrx_word' id='word_1_194' title='bbox 403 3073 517 3145; x_wconf 89' lang='lat' dir='ltr'><strong>quibus</strong></span> <span class='ocrx_word' id='word_1_195' title='bbox 533 3073 658 3146; x_wconf 90' lang='lat' dir='ltr'><strong>expedit</strong></span> <span class='ocrx_word' id='word_1_196' title='bbox 675 3074 833 3143; x_wconf 90' lang='lat' dir='ltr'><strong>universis,</strong></span> <span class='ocrx_word' id='word_1_197' title='bbox 858 3073 1027 3145; x_wconf 91' lang='lat' dir='ltr'><strong>quodcum</strong></span> <span class='ocrx_word' id='word_1_198' title='bbox 1045 3073 1195 3147; x_wconf 88' lang='lat' dir='ltr'><strong>providus</strong></span> <span class='ocrx_word' id='word_1_199' title='bbox 1218 3075 1267 3131; x_wconf 90' lang='lat' dir='ltr'><strong>vir</strong></span> <span class='ocrx_word' id='word_1_200' title='bbox 1290 3075 1483 3147; x_wconf 90' lang='lat' dir='ltr'><strong>Laurencius,</strong></span> 
     </span>
     <span class='ocr_line' id='line_1_25' title="bbox 218 3178 1483 3238; baseline 0.003 -4"><span class='ocrx_word' id='word_1_201' title='bbox 218 3178 310 3234; x_wconf 93' lang='lat' dir='ltr'><strong>iudex</strong></span> <span class='ocrx_word' id='word_1_202' title='bbox 328 3179 460 3236; x_wconf 90' lang='lat' dir='ltr'><strong>civitatis</strong></span> <span class='ocrx_word' id='word_1_203' title='bbox 484 3181 597 3236; x_wconf 92' lang='lat' dir='ltr'><strong>montis</strong></span> <span class='ocrx_word' id='word_1_204' title='bbox 618 3179 778 3237; x_wconf 88' lang='lat' dir='ltr'><strong>Grecensis</strong></span> <span class='ocrx_word' id='word_1_205' title='bbox 802 3181 886 3236; x_wconf 87' lang='lat' dir='ltr'><strong>iuxta</strong></span> <span class='ocrx_word' id='word_1_206' title='bbox 903 3181 1124 3237; x_wconf 89' lang='lat' dir='ltr'><strong>continenciam</strong></span> <span class='ocrx_word' id='word_1_207' title='bbox 1142 3181 1314 3237; x_wconf 87' lang='lat' dir='ltr'><strong>litterarum</strong></span> <span class='ocrx_word' id='word_1_208' title='bbox 1331 3182 1483 3238; x_wconf 91' lang='lat' dir='ltr'><strong>iuramen-</strong></span> 
     </span>
     <span class='ocr_line' id='line_1_26' title="bbox 218 3284 1482 3357; baseline 0.004 -18"><span class='ocrx_word' id='word_1_209' title='bbox 218 3284 327 3341; x_wconf 88' lang='lat' dir='ltr'><strong>talium</strong></span> <span class='ocrx_word' id='word_1_210' title='bbox 360 3286 516 3357; x_wconf 88' lang='lat' dir='ltr'><strong>magnifici</strong></span> <span class='ocrx_word' id='word_1_211' title='bbox 549 3286 607 3341; x_wconf 90' lang='lat' dir='ltr'><strong>viri</strong></span> <span class='ocrx_word' id='word_1_212' title='bbox 639 3285 756 3342; x_wconf 90' lang='lat' dir='ltr'><strong>domini</strong></span> <span class='ocrx_word' id='word_1_213' title='bbox 788 3284 905 3343; x_wconf 90' lang='lat' dir='ltr'><strong>Nicolai</strong></span> <span class='ocrx_word' id='word_1_214' title='bbox 934 3285 1060 3355; x_wconf 86' lang='lat' dir='ltr'><strong>Zambo,</strong></span> <span class='ocrx_word' id='word_1_215' title='bbox 1091 3286 1231 3357; x_wconf 85' lang='lat' dir='ltr'><strong>magistri</strong></span> <span class='ocrx_word' id='word_1_216' title='bbox 1253 3288 1482 3344; x_wconf 88' lang='lat' dir='ltr'><strong>tavarnicorum</strong></span> 
     </span>
     <span class='ocr_line' id='line_1_27' title="bbox 220 3390 1483 3470; baseline 0.002 -24"><span class='ocrx_word' id='word_1_217' title='bbox 220 3391 371 3462; x_wconf 89' lang='lat' dir='ltr'><strong>regalium</strong></span> <span class='ocrx_word' id='word_1_218' title='bbox 396 3392 426 3447; x_wconf 93' lang='lat' dir='ltr'><strong>in</strong></span> <span class='ocrx_word' id='word_1_219' title='bbox 450 3390 612 3463; x_wconf 89' lang='lat' dir='ltr'><strong>quindenis</strong></span> <span class='ocrx_word' id='word_1_220' title='bbox 638 3390 705 3448; x_wconf 91' lang='lat' dir='ltr'><strong>festi</strong></span> <span class='ocrx_word' id='word_1_221' title='bbox 730 3392 811 3448; x_wconf 91' lang='lat' dir='ltr'><strong>beati</strong></span> <span class='ocrx_word' id='word_1_222' title='bbox 827 3391 935 3470; x_wconf 70' lang='lat' dir='ltr'><strong>¹iacobi</strong></span> <span class='ocrx_word' id='word_1_223' title='bbox 952 3391 1084 3463; x_wconf 92' lang='lat' dir='ltr'><strong>apostoli</strong></span> <span class='ocrx_word' id='word_1_224' title='bbox 1105 3407 1184 3448; x_wconf 94' lang='lat' dir='ltr'><strong>nunc</strong></span> <span class='ocrx_word' id='word_1_225' title='bbox 1201 3391 1394 3462; x_wconf 86' lang='lat' dir='ltr'><strong>instantibus,</strong></span> <span class='ocrx_word' id='word_1_226' title='bbox 1411 3408 1483 3449; x_wconf 92' lang='lat' dir='ltr'><strong>cum</strong></span> 
     </span>
     <span class='ocr_line' id='line_1_28' title="bbox 219 3495 1485 3568; baseline 0.001 -15"><span class='ocrx_word' id='word_1_227' title='bbox 219 3496 341 3553; x_wconf 92' lang='lat' dir='ltr'><strong>duobus</strong></span> <span class='ocrx_word' id='word_1_228' title='bbox 365 3513 402 3552; x_wconf 92' lang='lat' dir='ltr'><strong>ex</strong></span> <span class='ocrx_word' id='word_1_229' title='bbox 426 3498 489 3553; x_wconf 91' lang='lat' dir='ltr'><strong>suis</strong></span> <span class='ocrx_word' id='word_1_230' title='bbox 522 3498 628 3553; x_wconf 89' lang='lat' dir='ltr'><strong>iuratis</strong></span> <span class='ocrx_word' id='word_1_231' title='bbox 659 3497 891 3553; x_wconf 84' lang='lat' dir='ltr'><strong>contravirum</strong></span> <span class='ocrx_word' id='word_1_232' title='bbox 921 3495 1089 3553; x_wconf 91' lang='lat' dir='ltr'><strong>discretum</strong></span> <span class='ocrx_word' id='word_1_233' title='bbox 1114 3497 1297 3568; x_wconf 90' lang='lat' dir='ltr'><strong>magistrum</strong></span> <span class='ocrx_word' id='word_1_234' title='bbox 1322 3497 1485 3554; x_wconf 92' lang='lat' dir='ltr'><strong>Nicolaum</strong></span> 
     </span>
     <span class='ocr_line' id='line_1_29' title="bbox 219 3601 1484 3676; baseline 0.001 -18"><span class='ocrx_word' id='word_1_235' title='bbox 219 3604 399 3659; x_wconf 89' lang='lat' dir='ltr'><strong>canonicum</strong></span> <span class='ocrx_word' id='word_1_236' title='bbox 431 3603 558 3659; x_wconf 90' lang='lat' dir='ltr'><strong>ecclesie</strong></span> <span class='ocrx_word' id='word_1_237' title='bbox 589 3604 678 3660; x_wconf 87' lang='lat' dir='ltr'><strong>beate</strong></span> <span class='ocrx_word' id='word_1_238' title='bbox 709 3602 839 3673; x_wconf 84' lang='lat' dir='ltr'><strong>virginis</strong></span> <span class='ocrx_word' id='word_1_239' title='bbox 862 3601 900 3658; x_wconf 88' lang='lat' dir='ltr'><strong>de</strong></span> <span class='ocrx_word' id='word_1_240' title='bbox 925 3602 1006 3658; x_wconf 84' lang='lat' dir='ltr'><strong>Alba</strong></span> <span class='ocrx_word' id='word_1_241' title='bbox 1031 3602 1136 3673; x_wconf 91' lang='lat' dir='ltr'><strong>regali,</strong></span> <span class='ocrx_word' id='word_1_242' title='bbox 1161 3603 1367 3660; x_wconf 89' lang='lat' dir='ltr'><strong>iuramentum</strong></span> <span class='ocrx_word' id='word_1_243' title='bbox 1391 3619 1484 3676; x_wconf 92' lang='lat' dir='ltr'><strong>super</strong></span> 
     </span>
     <span class='ocr_line' id='line_1_30' title="bbox 219 3706 1483 3780; baseline 0.001 -17"><span class='ocrx_word' id='word_1_244' title='bbox 219 3722 263 3775; x_wconf 90' lang='lat' dir='ltr'><strong>e0‚</strong></span> <span class='ocrx_word' id='word_1_245' title='bbox 288 3707 440 3778; x_wconf 84' lang='lat' dir='ltr'><strong>videlicet,</strong></span> <span class='ocrx_word' id='word_1_246' title='bbox 465 3715 498 3764; x_wconf 91' lang='lat' dir='ltr'><strong>ut</strong></span> <span class='ocrx_word' id='word_1_247' title='bbox 522 3709 587 3780; x_wconf 94' lang='lat' dir='ltr'><strong>ipse</strong></span> <span class='ocrx_word' id='word_1_248' title='bbox 611 3707 702 3764; x_wconf 89' lang='lat' dir='ltr'><strong>iudex</strong></span> <span class='ocrx_word' id='word_1_249' title='bbox 727 3713 756 3763; x_wconf 90' lang='lat' dir='ltr'><strong>et</strong></span> <span class='ocrx_word' id='word_1_250' title='bbox 780 3707 863 3763; x_wconf 84' lang='lat' dir='ltr'><strong>cives</strong></span> <span class='ocrx_word' id='word_1_251' title='bbox 887 3706 966 3764; x_wconf 91' lang='lat' dir='ltr'><strong>dicte</strong></span> <span class='ocrx_word' id='word_1_252' title='bbox 989 3707 1123 3763; x_wconf 87' lang='lat' dir='ltr'><strong>civitatis</strong></span> <span class='ocrx_word' id='word_1_253' title='bbox 1146 3708 1272 3779; x_wconf 89' lang='lat' dir='ltr'><strong>triginta</strong></span> <span class='ocrx_word' id='word_1_254' title='bbox 1290 3724 1352 3765; x_wconf 91' lang='lat' dir='ltr'><strong>uno</strong></span> <span class='ocrx_word' id='word_1_255' title='bbox 1368 3707 1483 3765; x_wconf 85' lang='lat' dir='ltr'><strong>floreno</strong></span> 
     </span>
     <span class='ocr_line' id='line_1_31' title="bbox 219 3812 1481 3886; baseline 0.002 -18"><span class='ocrx_word' id='word_1_256' title='bbox 219 3815 284 3869; x_wconf 89' lang='lat' dir='ltr'><strong>auri</strong></span> <span class='ocrx_word' id='word_1_257' title='bbox 317 3814 374 3886; x_wconf 89' lang='lat' dir='ltr'><strong>ipsi</strong></span> <span class='ocrx_word' id='word_1_258' title='bbox 407 3814 554 3885; x_wconf 91' lang='lat' dir='ltr'><strong>magistro</strong></span> <span class='ocrx_word' id='word_1_259' title='bbox 585 3813 713 3870; x_wconf 90' lang='lat' dir='ltr'><strong>Nicolao</strong></span> <span class='ocrx_word' id='word_1_260' title='bbox 744 3812 900 3869; x_wconf 88' lang='lat' dir='ltr'><strong>debitores</strong></span> <span class='ocrx_word' id='word_1_261' title='bbox 932 3828 990 3869; x_wconf 92' lang='lat' dir='ltr'><strong>nou</strong></span> <span class='ocrx_word' id='word_1_262' title='bbox 1019 3814 1236 3870; x_wconf 89' lang='lat' dir='ltr'><strong>remansissent</strong></span> <span class='ocrx_word' id='word_1_263' title='bbox 1260 3830 1314 3870; x_wconf 90' lang='lat' dir='ltr'><strong>nec</strong></span> <span class='ocrx_word' id='word_1_264' title='bbox 1343 3815 1481 3883; x_wconf 86' lang='lat' dir='ltr'><strong>existant,</strong></span> 
     </span>
     <span class='ocr_line' id='line_1_32' title="bbox 219 3917 1483 3991; baseline 0 -16"><span class='ocrx_word' id='word_1_265' title='bbox 219 3919 271 3975; x_wconf 89' lang='lat' dir='ltr'><strong>sed</strong></span> <span class='ocrx_word' id='word_1_266' title='bbox 303 3936 358 3975; x_wconf 91' lang='lat' dir='ltr'><strong>nec</strong></span> <span class='ocrx_word' id='word_1_267' title='bbox 388 3919 471 3976; x_wconf 93' lang='lat' dir='ltr'><strong>idem</strong></span> <span class='ocrx_word' id='word_1_268' title='bbox 503 3920 649 3990; x_wconf 87' lang='lat' dir='ltr'><strong>magister</strong></span> <span class='ocrx_word' id='word_1_269' title='bbox 680 3919 825 3975; x_wconf 88' lang='lat' dir='ltr'><strong>Nicolaus</strong></span> <span class='ocrx_word' id='word_1_270' title='bbox 856 3933 914 3991; x_wconf 92' lang='lat' dir='ltr'><strong>pro</strong></span> <span class='ocrx_word' id='word_1_271' title='bbox 941 3919 1057 3975; x_wconf 89' lang='lat' dir='ltr'><strong>eisdem</strong></span> <span class='ocrx_word' id='word_1_272' title='bbox 1081 3917 1244 3975; x_wconf 90' lang='lat' dir='ltr'><strong>fideiussor</strong></span> <span class='ocrx_word' id='word_1_273' title='bbox 1267 3920 1424 3989; x_wconf 87' lang='lat' dir='ltr'><strong>extitisset,</strong></span> <span class='ocrx_word' id='word_1_274' title='bbox 1445 3935 1483 3976; x_wconf 92' lang='lat' dir='ltr'><strong>ex</strong></span> 
     </span>
     <span class='ocr_line' id='line_1_33' title="bbox 218 4024 1484 4098; baseline 0.001 -18"><span class='ocrx_word' id='word_1_275' title='bbox 218 4040 316 4097; x_wconf 91' lang='lat' dir='ltr'><strong>eoque</strong></span> <span class='ocrx_word' id='word_1_276' title='bbox 346 4026 405 4097; x_wconf 92' lang='lat' dir='ltr'><strong>ipsi</strong></span> <span class='ocrx_word' id='word_1_277' title='bbox 436 4042 529 4098; x_wconf 89' lang='lat' dir='ltr'><strong>super</strong></span> <span class='ocrx_word' id='word_1_278' title='bbox 560 4026 644 4080; x_wconf 95' lang='lat' dir='ltr'><strong>omni</strong></span> <span class='ocrx_word' id='word_1_279' title='bbox 676 4025 798 4081; x_wconf 90' lang='lat' dir='ltr'><strong>accione</strong></span> <span class='ocrx_word' id='word_1_280' title='bbox 826 4031 856 4081; x_wconf 87' lang='lat' dir='ltr'><strong>et</strong></span> <span class='ocrx_word' id='word_1_281' title='bbox 879 4025 1084 4096; x_wconf 89' lang='lat' dir='ltr'><strong>acquisicione</strong></span> <span class='ocrx_word' id='word_1_282' title='bbox 1107 4024 1244 4081; x_wconf 90' lang='lat' dir='ltr'><strong>eiusdem</strong></span> <span class='ocrx_word' id='word_1_283' title='bbox 1268 4025 1409 4096; x_wconf 87' lang='lat' dir='ltr'><strong>magistri</strong></span> <span class='ocrx_word' id='word_1_284' title='bbox 1433 4025 1484 4081; x_wconf 92' lang='lat' dir='ltr'><strong>Ni·</strong></span> 
     </span>
     <span class='ocr_line' id='line_1_34' title="bbox 220 4130 1484 4199; baseline 0.002 -14"><span class='ocrx_word' id='word_1_285' title='bbox 220 4131 298 4188; x_wconf 90' lang='lat' dir='ltr'><strong>colai</strong></span> <span class='ocrx_word' id='word_1_286' title='bbox 323 4132 351 4187; x_wconf 91' lang='lat' dir='ltr'><strong>in</strong></span> <span class='ocrx_word' id='word_1_287' title='bbox 377 4131 467 4188; x_wconf 92' lang='lat' dir='ltr'><strong>dictis</strong></span> <span class='ocrx_word' id='word_1_288' title='bbox 492 4131 601 4188; x_wconf 88' lang='lat' dir='ltr'><strong>litteris</strong></span> <span class='ocrx_word' id='word_1_289' title='bbox 625 4137 765 4187; x_wconf 89' lang='lat' dir='ltr'><strong>contenta</strong></span> <span class='ocrx_word' id='word_1_290' title='bbox 789 4130 905 4187; x_wconf 84' lang='lat' dir='ltr'><strong>innoxii</strong></span> <span class='ocrx_word' id='word_1_291' title='bbox 929 4131 989 4187; x_wconf 92' lang='lat' dir='ltr'><strong>sint</strong></span> <span class='ocrx_word' id='word_1_292' title='bbox 1012 4137 1041 4187; x_wconf 92' lang='lat' dir='ltr'><strong>et</strong></span> <span class='ocrx_word' id='word_1_293' title='bbox 1062 4131 1223 4199; x_wconf 90' lang='lat' dir='ltr'><strong>immunes,</strong></span> <span class='ocrx_word' id='word_1_294' title='bbox 1251 4145 1354 4187; x_wconf 89' lang='lat' dir='ltr'><strong>coram</strong></span> <span class='ocrx_word' id='word_1_295' title='bbox 1372 4131 1484 4187; x_wconf 91' lang='lat' dir='ltr'><strong>nostris</strong></span> 
     </span>
     <span class='ocr_line' id='line_1_35' title="bbox 221 4235 1484 4310; baseline 0.002 -19"><span class='ocrx_word' id='word_1_296' title='bbox 221 4237 402 4293; x_wconf 91' lang='lat' dir='ltr'><strong>testimoniis</strong></span> <span class='ocrx_word' id='word_1_297' title='bbox 426 4253 482 4310; x_wconf 91' lang='lat' dir='ltr'><strong>per</strong></span> <span class='ocrx_word' id='word_1_298' title='bbox 504 4252 559 4292; x_wconf 92' lang='lat' dir='ltr'><strong>nos</strong></span> <span class='ocrx_word' id='word_1_299' title='bbox 585 4251 641 4308; x_wconf 87' lang='lat' dir='ltr'><strong>pro</strong></span> <span class='ocrx_word' id='word_1_300' title='bbox 662 4236 808 4309; x_wconf 91' lang='lat' dir='ltr'><strong>predictis</strong></span> <span class='ocrx_word' id='word_1_301' title='bbox 826 4237 963 4308; x_wconf 91' lang='lat' dir='ltr'><strong>utrisque</strong></span> <span class='ocrx_word' id='word_1_302' title='bbox 980 4237 1121 4308; x_wconf 89' lang='lat' dir='ltr'><strong>partibus</strong></span> <span class='ocrx_word' id='word_1_303' title='bbox 1138 4235 1290 4308; x_wconf 88' lang='lat' dir='ltr'><strong>deputatis</strong></span> <span class='ocrx_word' id='word_1_304' title='bbox 1310 4237 1339 4292; x_wconf 96' lang='lat' dir='ltr'><strong>in</strong></span> <span class='ocrx_word' id='word_1_305' title='bbox 1357 4238 1484 4294; x_wconf 89' lang='lat' dir='ltr'><strong>ecclesia</strong></span> 
     </span>
     <span class='ocr_line' id='line_1_36' title="bbox 220 4340 1483 4415; baseline 0.002 -18"><span class='ocrx_word' id='word_1_306' title='bbox 220 4343 337 4399; x_wconf 90' lang='lat' dir='ltr'><strong>scilicet</strong></span> <span class='ocrx_word' id='word_1_307' title='bbox 360 4343 455 4399; x_wconf 88' lang='lat' dir='ltr'><strong>sancti</strong></span> <span class='ocrx_word' id='word_1_308' title='bbox 482 4343 575 4398; x_wconf 89' lang='lat' dir='ltr'><strong>Marci</strong></span> <span class='ocrx_word' id='word_1_309' title='bbox 600 4343 630 4398; x_wconf 93' lang='lat' dir='ltr'><strong>in</strong></span> <span class='ocrx_word' id='word_1_310' title='bbox 654 4342 735 4399; x_wconf 89' lang='lat' dir='ltr'><strong>dicta</strong></span> <span class='ocrx_word' id='word_1_311' title='bbox 758 4342 882 4399; x_wconf 90' lang='lat' dir='ltr'><strong>civitate</strong></span> <span class='ocrx_word' id='word_1_312' title='bbox 905 4342 1047 4398; x_wconf 88' lang='lat' dir='ltr'><strong>existenti</strong></span> <span class='ocrx_word' id='word_1_313' title='bbox 1062 4341 1216 4414; x_wconf 90' lang='lat' dir='ltr'><strong>deponere</strong></span> <span class='ocrx_word' id='word_1_314' title='bbox 1233 4340 1396 4399; x_wconf 89' lang='lat' dir='ltr'><strong>debuisset.</strong></span> <span class='ocrx_word' id='word_1_315' title='bbox 1413 4343 1483 4415; x_wconf 90' lang='lat' dir='ltr'><strong>lpso</strong></span> 
     </span>
     <span class='ocr_line' id='line_1_37' title="bbox 221 4446 1484 4521; baseline 0.002 -19"><span class='ocrx_word' id='word_1_316' title='bbox 221 4448 323 4519; x_wconf 90' lang='lat' dir='ltr'><strong>itaque</strong></span> <span class='ocrx_word' id='word_1_317' title='bbox 348 4449 478 4504; x_wconf 89' lang='lat' dir='ltr'><strong>termino</strong></span> <span class='ocrx_word' id='word_1_318' title='bbox 508 4447 690 4504; x_wconf 89' lang='lat' dir='ltr'><strong>adveniente</strong></span> <span class='ocrx_word' id='word_1_319' title='bbox 717 4446 912 4521; x_wconf 90' lang='lat' dir='ltr'><strong>supradictus</strong></span> <span class='ocrx_word' id='word_1_320' title='bbox 944 4447 1129 4504; x_wconf 89' lang='lat' dir='ltr'><strong>Laurencius</strong></span> <span class='ocrx_word' id='word_1_321' title='bbox 1152 4447 1243 4504; x_wconf 89' lang='lat' dir='ltr'><strong>iudex</strong></span> <span class='ocrx_word' id='word_1_322' title='bbox 1267 4464 1337 4505; x_wconf 92' lang='lat' dir='ltr'><strong>cum</strong></span> <span class='ocrx_word' id='word_1_323' title='bbox 1362 4447 1484 4505; x_wconf 92' lang='lat' dir='ltr'><strong>duobus</strong></span> 
     </span>
     <span class='ocr_line' id='line_1_38' title="bbox 220 4552 1483 4627; baseline 0.001 -18"><span class='ocrx_word' id='word_1_324' title='bbox 220 4553 283 4609; x_wconf 91' lang='lat' dir='ltr'><strong>suis</strong></span> <span class='ocrx_word' id='word_1_325' title='bbox 307 4554 421 4623; x_wconf 90' lang='lat' dir='ltr'><strong>iuratis,</strong></span> <span class='ocrx_word' id='word_1_326' title='bbox 446 4553 620 4626; x_wconf 90' lang='lat' dir='ltr'><strong>predictum</strong></span> <span class='ocrx_word' id='word_1_327' title='bbox 644 4569 735 4610; x_wconf 92' lang='lat' dir='ltr'><strong>suum</strong></span> <span class='ocrx_word' id='word_1_328' title='bbox 759 4555 964 4611; x_wconf 90' lang='lat' dir='ltr'><strong>iuramentum</strong></span> <span class='ocrx_word' id='word_1_329' title='bbox 996 4552 1188 4626; x_wconf 86' lang='lat' dir='ltr'><strong>deposuisset</strong></span> <span class='ocrx_word' id='word_1_330' title='bbox 1215 4570 1270 4627; x_wconf 90' lang='lat' dir='ltr'><strong>per</strong></span> <span class='ocrx_word' id='word_1_331' title='bbox 1293 4554 1405 4623; x_wconf 90' lang='lat' dir='ltr'><strong>omnia,</strong></span> <span class='ocrx_word' id='word_1_332' title='bbox 1440 4555 1483 4611; x_wconf 93' lang='lat' dir='ltr'><strong>uti</strong></span> 
     </span>
     <span class='ocr_line' id='line_1_39' title="bbox 219 4658 1481 4742; baseline 0.001 -27"><span class='ocrx_word' id='word_1_333' title='bbox 219 4658 383 4728; x_wconf 87' lang='lat' dir='ltr'><strong>debuisset,</strong></span> <span class='ocrx_word' id='word_1_334' title='bbox 408 4665 500 4733; x_wconf 92' lang='lat' dir='ltr'><strong>prout</strong></span> <span class='ocrx_word' id='word_1_335' title='bbox 523 4675 558 4716; x_wconf 89' lang='lat' dir='ltr'><strong>ea</strong></span> <span class='ocrx_word' id='word_1_336' title='bbox 582 4660 649 4732; x_wconf 88' lang='lat' dir='ltr'><strong>ipsa</strong></span> <span class='ocrx_word' id='word_1_337' title='bbox 672 4658 871 4717; x_wconf 87' lang='lat' dir='ltr'><strong>honorabiles</strong></span> <span class='ocrx_word' id='word_1_338' title='bbox 892 4665 923 4717; x_wconf 91' lang='lat' dir='ltr'><strong>et</strong></span> <span class='ocrx_word' id='word_1_339' title='bbox 946 4659 1069 4716; x_wconf 89' lang='lat' dir='ltr'><strong>discreti</strong></span> <span class='ocrx_word' id='word_1_340' title='bbox 1093 4659 1161 4729; x_wconf 87' lang='lat' dir='ltr'><strong>riri,</strong></span> <span class='ocrx_word' id='word_1_341' title='bbox 1185 4658 1304 4717; x_wconf 89' lang='lat' dir='ltr'><strong>domini</strong></span> <span class='ocrx_word' id='word_1_342' title='bbox 1325 4659 1481 4742; x_wconf 87' lang='lat' dir='ltr'><strong>Johannes</strong></span> 
     </span>
     <span class='ocr_line' id='line_1_40' title="bbox 219 4763 1481 4839; baseline 0.001 -18"><span class='ocrx_word' id='word_1_343' title='bbox 219 4764 347 4839; x_wconf 88' lang='lat' dir='ltr'><strong>Crispus</strong></span> <span class='ocrx_word' id='word_1_344' title='bbox 377 4764 610 4823; x_wconf 87' lang='lat' dir='ltr'><strong>archidiaconus</strong></span> <span class='ocrx_word' id='word_1_345' title='bbox 641 4765 679 4822; x_wconf 93' lang='lat' dir='ltr'><strong>de</strong></span> <span class='ocrx_word' id='word_1_346' title='bbox 705 4763 839 4822; x_wconf 78' lang='lat' dir='ltr'><strong>xemluk</strong></span> <span class='ocrx_word' id='word_1_347' title='bbox 862 4770 892 4822; x_wconf 94' lang='lat' dir='ltr'><strong>et</strong></span> <span class='ocrx_word' id='word_1_348' title='bbox 915 4764 1032 4837; x_wconf 91' lang='lat' dir='ltr'><strong>Symon</strong></span> <span class='ocrx_word' id='word_1_349' title='bbox 1055 4764 1094 4822; x_wconf 89' lang='lat' dir='ltr'><strong>de</strong></span> <span class='ocrx_word' id='word_1_350' title='bbox 1117 4764 1242 4838; x_wconf 86' lang='lat' dir='ltr'><strong>Waslra,</strong></span> <span class='ocrx_word' id='word_1_351' title='bbox 1265 4763 1481 4838; x_wconf 89' lang='lat' dir='ltr'><strong>archidiaconi,</strong></span> 
     </span>
    </p>
   </div>
   <div class='ocr_carea' id='block_1_7' title="bbox 0 0 1749 5242">
    <p class='ocr_par' dir='ltr' id='par_1_7' title="bbox 0 0 1749 5242">
     <span class='ocr_line' id='line_1_41' title="bbox 0 0 1749 5242; baseline 0 0"><span class='ocrx_word' id='word_1_352' title='bbox 0 0 1749 5242; x_wconf 95' lang='lat' dir='ltr'><strong> </strong></span> 
     </span>
    </p>
   </div>
  </div>
 </body>
</html>
