3488 5242
630 320 703 377 Doc.
728 332 796 394 129.
823 352 859 361 -
886 320 941 376 An.
966 333 1054 396 1324.
1421 337 1480 394 ¹09

218 427 544 436 ————.

218 521 413 595 presentibus
447 520 540 577 Inseri
571 518 715 577 facientes
738 517 928 577 ratificamus
952 523 982 576 et
1005 520 1218 594 approbamus
1241 523 1272 577 et
1295 518 1484 592 prescriptas

218 627 376 685 libertates
399 642 470 683 cum
493 632 630 700 pretacta
652 631 734 683 terra
757 625 833 699 ipsis
857 625 1033 699 hospitibus
1056 625 1169 682 nostris
1192 623 1230 681 de
1253 629 1358 681 monte
1381 622 1482 680 Grech

218 738 248 789 et
271 734 334 790 suis
357 733 598 807 posteritatibus,
631 732 829 805 apposicione
860 731 933 788 novi
957 731 1055 802 sigilli
1077 731 1173 788 nostri
1196 736 1226 787 et
1247 729 1392 786 autentici
1416 745 1484 801 pre·

219 839 354 896 sencium
378 839 551 913 patrocinio
574 845 726 912 perpetuo
749 837 979 894 confirmamus.
1004 837 1037 894 In
1060 837 1146 893 cuius
1168 835 1415 893 confirmacionis
1439 851 1485 891 se·

218 946 296 1002 riem
320 952 350 1002 et
373 950 557 1018 perpetuam
588 944 768 1018 firmitatem
796 950 953 1018 presentes
981 944 1187 1002 concessimus
1217 943 1336 1000 litteras
1360 942 1433 999 novi
1455 946 1484 998 et

218 1051 362 1109 autentici
386 1051 481 1122 sigilli
504 1051 599 1108 nostri
618 1050 752 1123 duplicis
769 1049 939 1107 munimine
963 1050 1131 1107 roboratas.
1155 1048 1271 1106 Datum
1296 1065 1353 1123 per
1374 1064 1485 1107 manus

219 1157 342 1214 discreti
367 1157 426 1215 viri
449 1157 591 1229 magistri
621 1155 748 1227 Endree,
778 1156 903 1213 lectoris
926 1155 1264 1228 quinqueecclesiensis,
1288 1155 1359 1211 aule
1382 1160 1485 1211 nostre

220 1263 472 1334 vicecancellarii,
496 1262 601 1320 dilecti
624 1269 654 1321 et
677 1262 779 1320 fidelis
799 1263 904 1320 nostri.
921 1263 1011 1319 Auno
1028 1260 1147 1318 domini
1164 1260 1332 1318 millesimo
1348 1259 1500 1317 CCCXX¹

219 1375 338 1440 quarto,
362 1376 473 1427 octavo
496 1369 576 1441 ydus
599 1369 715 1427 marcii.
740 1368 837 1442 Regni
860 1373 963 1425 autem
987 1367 1084 1425 nostri
1104 1381 1184 1424 anno
1200 1366 1344 1423 similiter
1360 1365 1482 1423 XXIIII.

220 1475 459 1533 Venerabilibus
493 1476 524 1532 in
547 1475 670 1533 Christo
702 1475 853 1548 patribus,
885 1474 1035 1532 dominis:
1059 1473 1210 1543 Bolezlao,
1233 1474 1429 1546 strigoniensi
1452 1481 1482 1532 et

220 1580 316 1638 tratre
339 1581 493 1651 Ladizla0,
517 1581 678 1652 colocensi,
702 1581 958 1655 archiepiscopis;
981 1581 1120 1662 Johanne
1139 1581 1296 1652 nytriensi,
1320 1580 1484 1638 Benedicto

221 1687 424 1758 chanadiensI,
458 1688 585 1745 Nicolao
612 1686 766 1763 jauriensI,
791 1686 925 1759 Georgio
949 1687 987 1744 de
1010 1685 1142 1759 Syrmia,
1166 1687 1313 1744 Ladialao
1336 1689 1485 1760 quinque·

220 1794 404 1863 ecclesiensi,
430 1793 525 1852 tratre
556 1794 645 1851 Petro
673 1795 826 1862 boznensi‚
850 1792 975 1850 Iwanka
998 1792 1191 1865 waradiensi,
1214 1793 1340 1851 Andrea
1363 1793 1485 1851 transil-

221 1914 309 1969 vano,
342 1900 472 1956 Hernico
502 1900 736 1973 wesprimiensi,
767 1905 797 1957 et
828 1898 1010 1956 Chanadino
1033 1900 1165 1971 agriensi
1189 1900 1389 1957 ecclesiarum
1421 1900 1485 1972 epi-

220 2006 330 2078 scopis,
362 2007 506 2063 ecclesias
538 2005 587 2064 dei
610 2005 741 2063 feliciter
763 2005 1016 2077 gubernantibus.
1044 2005 1215 2077 Magnificis
1241 2006 1316 2063 viris
1339 2005 1488 2079 Philippo

220 2112 367 2184 palatino,
398 2113 509 2169 comite
540 2113 726 2185 scepusiensi
757 2117 787 2168 et
819 2110 857 2167 de
883 2111 1006 2183 Vywar,
1032 2111 1190 2169 Demetrio
1215 2112 1363 2184 magistro
1386 2120 1487 2169 tavar-

220 2218 361 2275 nicorum
386 2224 570 2281 nostrorum.
596 2219 707 2274 comite
732 2217 888 2275 bachiensi
912 2223 942 2274 et
966 2218 1173 2287 trinchInensi,
1193 2218 1360 2291 Lamperto
1384 2217 1485 2275 iudice

222 2324 305 2380 curie
329 2330 440 2393 nostre,
463 2325 575 2380 comite
599 2323 797 2380 chanadiensi
820 2330 850 2380 et
871 2324 1028 2395 nytriensi,
1053 2323 1174 2380 Thoma
1197 2323 1342 2396 voyvoda
1365 2325 1487 2381 transil-

221 2444 301 2486 vano
331 2435 360 2486 et
391 2431 503 2487 comite
534 2428 573 2486 de
607 2428 722 2498 Zonulr,
756 2429 884 2487 Nicolao
908 2429 988 2486 bano
1013 2429 1111 2487 tocius
1134 2428 1297 2488 Sclauonie
1320 2436 1350 2487 et
1374 2431 1486 2487 comite

221 2537 424 2608 supruniensi,
457 2536 553 2593 Paulo
583 2535 666 2592 bano
699 2535 737 2592 de
761 2536 901 2596 Machou.
926 2536 1037 2592 comite
1061 2536 1232 2607 syrmiensi,
1257 2535 1296 2593 de
1320 2536 1435 2593 Wollro
1458 2545 1488 2593 et

221 2638 259 2696 de
298 2640 430 2712 Budrug,
465 2641 577 2713 hiykch
609 2642 758 2712 magistro
793 2642 1022 2698 tavarnicorum
1054 2640 1179 2698 domine
1209 2642 1315 2712 regme
1338 2642 1489 2698 consortis

221 2754 323 2804 nostre
354 2746 524 2818 karissime,
558 2747 658 2803 Deseu
689 2746 790 2804 iudice
821 2747 904 2803 curie
935 2746 1072 2804 eiusdem
1097 2746 1222 2804 domme
1245 2748 1360 2818 regine,
1384 2746 1487 2803 Blasio

222 2853 371 2923 magistro
405 2868 573 2925 agasonum
611 2859 796 2919 nostrorum,
832 2853 972 2910 Dionisio
1008 2854 1156 2925 magistro
1191 2852 1405 2925 dapit'erorum
1436 2868 1488 2910 no·

222 2964 356 3014 strorum
380 2965 409 3015 et
434 2959 561 3016 Nicolao
585 2960 697 3016 comite
734 2959 917 3032 posoniensi,
949 2958 1082 3030 aliisque
1105 2973 1198 3031 quam
1225 2959 1367 3031 pluribus
1391 2960 1486 3016 comi-

222 3069 302 3120 tatus
327 3066 412 3136 regni
436 3067 610 3123 tenentibus
632 3072 661 3122 et
686 3067 824 3122 honores

312 3183 451 3246 Originale
478 3183 502 3232 iu
529 3183 686 3239 membrana,
712 3199 775 3232 zona
799 3200 812 3231 e
839 3182 891 3230 tilis
910 3182 1048 3230 cannabeis
1067 3160 1135 3231 albis
1154 3188 1179 3231 et
1206 3180 1337 3230 uiridibus
1359 3182 1489 3246 dependet

223 3270 395 3323 solummodo,
415 3270 534 3334 sigillum
556 3271 642 3334 periit.
662 3270 690 3319 Iu
711 3271 819 3319 archivo
837 3270 883 3318 lib.
903 3285 958 3334 reg.
979 3270 1049 3318 civit.
1070 3270 1255 3334 aagrabiensis.

812 3501 896 3567 129.

328 3644 403 3690 Anno
426 3651 499 3700 1324.
523 3646 559 3692 18.
580 3642 703 3691 octobris.
719 3642 872 3706 Zagrabiae.

242 3769 335 3825 Pactu
359 3769 393 3824 de
408 3766 561 3842 exigendis
583 3771 697 3827 tributis
720 3788 754 3826 ac
776 3771 889 3827 teloait's
912 3771 942 3826 in
966 3771 1080 3827 civitate
1102 3770 1219 3842 aagrab.
1242 3771 1466 3827 cotttmum'tulem

301 3877 424 3933 cr'vt'latis
447 3877 547 3932 litantis
576 3875 745 3933 Grecltcnst's
768 3877 844 3933 inter
864 3884 892 3934 el
911 3878 1067 3950 capitellum
1090 3877 1206 3948 sagrab.
1229 3876 1415 3934 obseruanda.

312 4023 375 4079 Nos
398 4023 589 4080 Pechmanus
613 4022 706 4080 iudex
730 4023 871 4093 civitatis
895 4024 986 4081 iurati
1018 4031 1048 4081 et
1078 4023 1254 4094 consiliarii,
1278 4022 1411 4080 scilicet:
1436 4022 1488 4080 Ni·

224 4129 301 4199 cola,
325 4130 471 4191 Francha.
495 4129 637 4201 I’eterlin,
662 4129 757 4199 Phile,
782 4129 898 4200 Petrus
922 4130 1083 4202 Georgius,
1104 4129 1250 4186 Nicotaus
1273 4136 1302 4186 et
1326 4128 1487 4200 Georgius,

225 4250 259 4291 ac
283 4236 418 4292 universi
442 4237 524 4292 cives
549 4235 587 4292 de
612 4241 715 4292 monte
745 4235 856 4293 Grech.
887 4235 1103 4307 Significamus
1134 4236 1248 4307 quibus
1276 4234 1399 4308 expedit
1424 4235 1490 4291 uni-

226 4342 322 4397 versis
346 4343 539 4414 presencium
564 4358 620 4414 per
643 4348 789 4411 tenorem,
814 4342 896 4414 quod
920 4358 991 4399 cum
1015 4358 1070 4400 nos
1097 4358 1154 4416 per
1184 4341 1382 4399 honorabiles
1406 4341 1490 4398 viros

226 4449 396 4520 capitulum
421 4448 547 4505 ecclesie
569 4449 776 4518 zagrabiensis
801 4447 838 4504 ad
863 4449 1054 4522 presenciam
1077 4447 1195 4505 domini
1218 4447 1314 4504 nostri
1338 4447 1419 4519 regis
1448 4446 1490 4503 le·

225 4554 332 4624 gitime
364 4555 481 4611 evocati
514 4553 678 4610 fuissemus
709 4569 803 4627 super
833 4554 973 4611 articulis
1003 4553 1215 4626 infrascriptis
1243 4552 1411 4624 inquibus
1435 4567 1490 4609 nos

226 4660 352 4716 iniurias
377 4669 406 4715 et
430 4659 565 4732 dampna
589 4659 705 4716 eisdem
729 4661 882 4732 irrogasse
906 4658 1056 4730 dicebant,
1073 4660 1102 4716 in
1121 4674 1158 4716 eo
1174 4659 1312 4731 primum
1337 4657 1490 4726 videlicet,

226 4764 308 4837 quod
333 4764 508 4838 depositum
532 4780 640 4822 eorum
663 4780 698 4821 ac
721 4764 760 4822 ad
791 4779 843 4822 eos
872 4765 1097 4839 pertiuencium
1120 4764 1253 4823 scilicet:
1281 4765 1399 4834 vinum,
1423 4763 1490 4821 bla-
