<?xml version="1.0" encoding="UTF-8"?>
<!DOCTYPE html PUBLIC "-//W3C//DTD XHTML 1.0 Transitional//EN"
    "http://www.w3.org/TR/xhtml1/DTD/xhtml1-transitional.dtd">
<html xmlns="http://www.w3.org/1999/xhtml" xml:lang="en" lang="en">
 <head>
  <title>
</title>
<meta http-equiv="Content-Type" content="text/html;charset=utf-8" />
  <meta name='ocr-system' content='tesseract 3.04.00' />
  <meta name='ocr-capabilities' content='ocr_page ocr_carea ocr_par ocr_line ocrx_word'/>
</head>
<body>
  <div class='ocr_page' id='page_1' title='image "./monumentahistor11laszgoog_0433.png"; bbox 0 0 3488 5242; ppageno 0'>
   <div class='ocr_carea' id='block_1_1' title="bbox 234 345 1084 428">
    <p class='ocr_par' dir='ltr' id='par_1_1' title="bbox 234 345 1084 428">
     <span class='ocr_line' id='line_1_1' title="bbox 234 345 1084 428; baseline -0.008 -19"><span class='ocrx_word' id='word_1_1' title='bbox 234 349 293 428; x_wconf 87' lang='lat'>198</span> <span class='ocrx_word' id='word_1_2' title='bbox 663 346 736 404; x_wconf 86' lang='lat' dir='ltr'>Doc.</span> <span class='ocrx_word' id='word_1_3' title='bbox 760 358 829 404; x_wconf 83' lang='lat'>221.</span> <span class='ocrx_word' id='word_1_4' title='bbox 855 378 891 389; x_wconf 90' lang='lat'><em>-</em></span> <span class='ocrx_word' id='word_1_5' title='bbox 918 345 975 403; x_wconf 84' lang='lat' dir='ltr'>An.</span> <span class='ocrx_word' id='word_1_6' title='bbox 998 356 1084 423; x_wconf 75' lang='lat'><em>1551.</em></span> 
     </span>
    </p>
   </div>
   <div class='ocr_carea' id='block_1_2' title="bbox 235 543 1506 1578">
    <p class='ocr_par' dir='ltr' id='par_1_2' title="bbox 235 543 1506 1466">
     <span class='ocr_line' id='line_1_2' title="bbox 235 543 1504 618; baseline -0.002 -15"><span class='ocrx_word' id='word_1_7' title='bbox 235 545 323 603; x_wconf 87' lang='lat' dir='ltr'>statis</span> <span class='ocrx_word' id='word_1_8' title='bbox 344 544 508 602; x_wconf 89' lang='lat' dir='ltr'>humilime</span> <span class='ocrx_word' id='word_1_9' title='bbox 531 544 772 618; x_wconf 88' lang='lat' dir='ltr'>propulsarunt;</span> <span class='ocrx_word' id='word_1_10' title='bbox 795 543 877 601; x_wconf 91' lang='lat' dir='ltr'>unde</span> <span class='ocrx_word' id='word_1_11' title='bbox 900 560 971 601; x_wconf 92' lang='lat' dir='ltr'>cum</span> <span class='ocrx_word' id='word_1_12' title='bbox 994 560 1050 602; x_wconf 90' lang='lat' dir='ltr'>nos</span> <span class='ocrx_word' id='word_1_13' title='bbox 1073 544 1172 602; x_wconf 93' lang='lat' dir='ltr'>dictos</span> <span class='ocrx_word' id='word_1_14' title='bbox 1195 545 1279 601; x_wconf 90' lang='lat' dir='ltr'>cives</span> <span class='ocrx_word' id='word_1_15' title='bbox 1302 548 1423 600; x_wconf 92' lang='lat' dir='ltr'>nostros</span> <span class='ocrx_word' id='word_1_16' title='bbox 1449 558 1504 600; x_wconf 91' lang='lat' dir='ltr'>seu</span> 
     </span>
     <span class='ocr_line' id='line_1_3' title="bbox 236 648 1504 724; baseline -0.004 -15"><span class='ocrx_word' id='word_1_17' title='bbox 236 652 374 724; x_wconf 80' lang='lat' dir='ltr'><strong>hospites</strong></span> <span class='ocrx_word' id='word_1_18' title='bbox 396 649 435 706; x_wconf 92' lang='lat' dir='ltr'>de</span> <span class='ocrx_word' id='word_1_19' title='bbox 458 648 560 707; x_wconf 89' lang='lat' dir='ltr'>Grech</span> <span class='ocrx_word' id='word_1_20' title='bbox 583 649 614 706; x_wconf 93' lang='lat' dir='ltr'>in</span> <span class='ocrx_word' id='word_1_21' title='bbox 639 664 747 706; x_wconf 89' lang='lat' dir='ltr'>eorum</span> <span class='ocrx_word' id='word_1_22' title='bbox 765 649 962 708; x_wconf 80' lang='lat' dir='ltr'>libertatibus</span> <span class='ocrx_word' id='word_1_23' title='bbox 978 652 1018 709; x_wconf 93' lang='lat' dir='ltr'>ab</span> <span class='ocrx_word' id='word_1_24' title='bbox 1034 652 1162 724; x_wconf 92' lang='lat' dir='ltr'>antiquo</span> <span class='ocrx_word' id='word_1_25' title='bbox 1179 650 1352 707; x_wconf 89' lang='lat' dir='ltr'>observatis</span> <span class='ocrx_word' id='word_1_26' title='bbox 1368 649 1504 706; x_wconf 87' lang='lat' dir='ltr'>velimus</span> 
     </span>
     <span class='ocr_line' id='line_1_4' title="bbox 236 754 1505 827; baseline -0.002 -13"><span class='ocrx_word' id='word_1_27' title='bbox 236 771 428 827; x_wconf 86' lang='lat' dir='ltr'>conservare,</span> <span class='ocrx_word' id='word_1_28' title='bbox 459 754 602 812; x_wconf 87' lang='lat' dir='ltr'>fidelitati</span> <span class='ocrx_word' id='word_1_29' title='bbox 633 756 842 813; x_wconf 89' lang='lat' dir='ltr'>universitatis</span> <span class='ocrx_word' id='word_1_30' title='bbox 876 762 976 813; x_wconf 83' lang='lat' dir='ltr'>vestre</span> <span class='ocrx_word' id='word_1_31' title='bbox 999 756 1102 814; x_wconf 87' lang='lat' dir='ltr'>ducali</span> <span class='ocrx_word' id='word_1_32' title='bbox 1126 756 1227 813; x_wconf 88' lang='lat' dir='ltr'>edicto</span> <span class='ocrx_word' id='word_1_33' title='bbox 1250 754 1383 812; x_wconf 88' lang='lat' dir='ltr'>firmiter</span> <span class='ocrx_word' id='word_1_34' title='bbox 1406 755 1505 827; x_wconf 89' lang='lat' dir='ltr'>preci·</span> 
     </span>
     <span class='ocr_line' id='line_1_5' title="bbox 236 861 1504 936; baseline -0.002 -16"><span class='ocrx_word' id='word_1_35' title='bbox 236 863 354 936; x_wconf 87' lang='lat' dir='ltr'>pientes</span> <span class='ocrx_word' id='word_1_36' title='bbox 386 861 578 932; x_wconf 69' lang='lat' dir='ltr'>mandamus</span> <span class='ocrx_word' id='word_1_37' title='bbox 613 868 764 934; x_wconf 87' lang='lat' dir='ltr'>quatenus</span> <span class='ocrx_word' id='word_1_38' title='bbox 794 861 950 936; x_wconf 91' lang='lat' dir='ltr'>predictos</span> <span class='ocrx_word' id='word_1_39' title='bbox 981 864 1064 920; x_wconf 87' lang='lat' dir='ltr'>cives</span> <span class='ocrx_word' id='word_1_40' title='bbox 1099 868 1221 920; x_wconf 88' lang='lat' dir='ltr'>nostros</span> <span class='ocrx_word' id='word_1_41' title='bbox 1255 866 1361 918; x_wconf 90' lang='lat' dir='ltr'>contra</span> <span class='ocrx_word' id='word_1_42' title='bbox 1395 875 1504 918; x_wconf 87' lang='lat' dir='ltr'>eorum</span> 
     </span>
     <span class='ocr_line' id='line_1_6' title="bbox 237 967 1505 1043; baseline -0.002 -18"><span class='ocrx_word' id='word_1_43' title='bbox 237 969 397 1026; x_wconf 85' lang='lat' dir='ltr'>libertates</span> <span class='ocrx_word' id='word_1_44' title='bbox 420 969 451 1025; x_wconf 89' lang='lat' dir='ltr'>in</span> <span class='ocrx_word' id='word_1_45' title='bbox 474 968 571 1025; x_wconf 93' lang='lat' dir='ltr'>nullis</span> <span class='ocrx_word' id='word_1_46' title='bbox 599 968 722 1026; x_wconf 87' lang='lat' dir='ltr'>casibus</span> <span class='ocrx_word' id='word_1_47' title='bbox 751 967 889 1026; x_wconf 87' lang='lat' dir='ltr'>indebite</span> <span class='ocrx_word' id='word_1_48' title='bbox 916 974 945 1026; x_wconf 90' lang='lat' dir='ltr'>et</span> <span class='ocrx_word' id='word_1_49' title='bbox 969 970 1080 1026; x_wconf 93' lang='lat' dir='ltr'>iniuste</span> <span class='ocrx_word' id='word_1_50' title='bbox 1104 969 1279 1038; x_wconf 82' lang='lat' dir='ltr'>molestare,</span> <span class='ocrx_word' id='word_1_51' title='bbox 1302 982 1452 1043; x_wconf 86' lang='lat' dir='ltr'>agravare</span> <span class='ocrx_word' id='word_1_52' title='bbox 1476 971 1505 1022; x_wconf 91' lang='lat' dir='ltr'>et</span> 
     </span>
     <span class='ocr_line' id='line_1_7' title="bbox 237 1074 1506 1148; baseline -0.003 -16"><span class='ocrx_word' id='word_1_53' title='bbox 237 1075 422 1148; x_wconf 91' lang='lat' dir='ltr'>perturbare</span> <span class='ocrx_word' id='word_1_54' title='bbox 445 1075 708 1148; x_wconf 88' lang='lat' dir='ltr'>presumpmatis;</span> <span class='ocrx_word' id='word_1_55' title='bbox 731 1074 818 1132; x_wconf 91' lang='lat' dir='ltr'>aliud</span> <span class='ocrx_word' id='word_1_56' title='bbox 834 1076 912 1132; x_wconf 88' lang='lat' dir='ltr'>sicut</span> <span class='ocrx_word' id='word_1_57' title='bbox 933 1081 1069 1132; x_wconf 89' lang='lat' dir='ltr'>nostram</span> <span class='ocrx_word' id='word_1_58' title='bbox 1087 1075 1333 1147; x_wconf 87' lang='lat' dir='ltr'>indignacionem</span> <span class='ocrx_word' id='word_1_59' title='bbox 1350 1074 1506 1129; x_wconf 88' lang='lat' dir='ltr'>incurrere</span> 
     </span>
     <span class='ocr_line' id='line_1_8' title="bbox 238 1179 1506 1253; baseline -0.002 -15"><span class='ocrx_word' id='word_1_60' title='bbox 238 1179 414 1238; x_wconf 85' lang='lat' dir='ltr'>formidatis</span> <span class='ocrx_word' id='word_1_61' title='bbox 437 1196 497 1238; x_wconf 91' lang='lat' dir='ltr'>non</span> <span class='ocrx_word' id='word_1_62' title='bbox 522 1180 632 1238; x_wconf 83' lang='lat' dir='ltr'>facturi</span> <span class='ocrx_word' id='word_1_63' title='bbox 657 1181 686 1238; x_wconf 94' lang='lat' dir='ltr'>in</span> <span class='ocrx_word' id='word_1_64' title='bbox 712 1182 878 1253; x_wconf 82' lang='lat' dir='ltr'>premissis</span> <span class='ocrx_word' id='word_1_65' title='bbox 901 1181 1016 1239; x_wconf 90' lang='lat' dir='ltr'>Datum</span> <span class='ocrx_word' id='word_1_66' title='bbox 1042 1180 1135 1250; x_wconf 87' lang='lat' dir='ltr'>Bude,</span> <span class='ocrx_word' id='word_1_67' title='bbox 1161 1181 1235 1238; x_wconf 84' lang='lat' dir='ltr'>seria</span> <span class='ocrx_word' id='word_1_68' title='bbox 1260 1185 1345 1237; x_wconf 82' lang='lat' dir='ltr'>sexta</span> <span class='ocrx_word' id='word_1_69' title='bbox 1362 1179 1506 1252; x_wconf 81' lang='lat' dir='ltr'>proxima</span> 
     </span>
     <span class='ocr_line' id='line_1_9' title="bbox 238 1284 1506 1370; baseline -0.002 -27"><span class='ocrx_word' id='word_1_70' title='bbox 238 1293 309 1360; x_wconf 89' lang='lat' dir='ltr'>post</span> <span class='ocrx_word' id='word_1_71' title='bbox 340 1286 510 1359; x_wconf 91' lang='lat' dir='ltr'>quindenas</span> <span class='ocrx_word' id='word_1_72' title='bbox 535 1286 602 1343; x_wconf 89' lang='lat' dir='ltr'>festi</span> <span class='ocrx_word' id='word_1_73' title='bbox 627 1288 795 1344; x_wconf 90' lang='lat' dir='ltr'>nativitatis</span> <span class='ocrx_word' id='word_1_74' title='bbox 819 1288 899 1344; x_wconf 89' lang='lat' dir='ltr'>beati</span> <span class='ocrx_word' id='word_1_75' title='bbox 923 1288 1072 1370; x_wconf 86' lang='lat' dir='ltr'>Johannis</span> <span class='ocrx_word' id='word_1_76' title='bbox 1095 1289 1236 1361; x_wconf 86' lang='lat' dir='ltr'>baptiste.</span> <span class='ocrx_word' id='word_1_77' title='bbox 1266 1289 1355 1343; x_wconf 84' lang='lat' dir='ltr'>Anno</span> <span class='ocrx_word' id='word_1_78' title='bbox 1387 1284 1506 1342; x_wconf 89' lang='lat' dir='ltr'>domini</span> 
     </span>
     <span class='ocr_line' id='line_1_10' title="bbox 239 1391 636 1466; baseline 0 -17"><span class='ocrx_word' id='word_1_79' title='bbox 239 1391 348 1449; x_wconf 84' lang='lat' dir='ltr'>MCCC</span> <span class='ocrx_word' id='word_1_80' title='bbox 372 1393 636 1466; x_wconf 90' lang='lat' dir='ltr'>quinquagesimo.</span> 
     </span>
    </p>

    <p class='ocr_par' dir='ltr' id='par_1_3' title="bbox 328 1508 1506 1578">
     <span class='ocr_line' id='line_1_11' title="bbox 328 1508 1506 1578; baseline -0.002 -19"><span class='ocrx_word' id='word_1_81' title='bbox 328 1508 468 1574; x_wconf 86' lang='lat' dir='ltr'>Originale</span> <span class='ocrx_word' id='word_1_82' title='bbox 489 1509 515 1558; x_wconf 89' lang='lat' dir='ltr'>in</span> <span class='ocrx_word' id='word_1_83' title='bbox 536 1511 695 1560; x_wconf 89' lang='lat' dir='ltr'>membrana.</span> <span class='ocrx_word' id='word_1_84' title='bbox 715 1514 737 1560; x_wconf 85' lang='lat' dir='ltr'><strong>A</strong></span> <span class='ocrx_word' id='word_1_85' title='bbox 758 1516 834 1575; x_wconf 80' lang='lat' dir='ltr'>tergo</span> <span class='ocrx_word' id='word_1_86' title='bbox 854 1511 997 1575; x_wconf 80' lang='lat' dir='ltr'>vestigium</span> <span class='ocrx_word' id='word_1_87' title='bbox 1016 1512 1103 1578; x_wconf 78' lang='lat' dir='ltr'>magni</span> <span class='ocrx_word' id='word_1_88' title='bbox 1124 1511 1217 1576; x_wconf 86' lang='lat' dir='ltr'>sigilli.</span> <span class='ocrx_word' id='word_1_89' title='bbox 1237 1512 1286 1560; x_wconf 90' lang='lat' dir='ltr'>sub</span> <span class='ocrx_word' id='word_1_90' title='bbox 1306 1526 1375 1573; x_wconf 87' lang='lat' dir='ltr'>quo:</span> <span class='ocrx_word' id='word_1_91' title='bbox 1391 1509 1506 1568; x_wconf 86' lang='lat' dir='ltr'>„relacio</span> 
     </span>
    </p>
   </div>
   <div class='ocr_carea' id='block_1_3' title="bbox 239 1596 1505 1756">
    <p class='ocr_par' dir='ltr' id='par_1_4' title="bbox 239 1596 1505 1756">
     <span class='ocr_line' id='line_1_12' title="bbox 240 1596 1505 1667; baseline -0.002 -20"><span class='ocrx_word' id='word_1_92' title='bbox 240 1596 361 1663; x_wconf 86' lang='lat' dir='ltr'>magistri</span> <span class='ocrx_word' id='word_1_93' title='bbox 380 1597 485 1647; x_wconf 90' lang='lat' dir='ltr'>Nicolai</span> <span class='ocrx_word' id='word_1_94' title='bbox 504 1599 537 1647; x_wconf 89' lang='lat' dir='ltr'>de</span> <span class='ocrx_word' id='word_1_95' title='bbox 556 1597 662 1647; x_wconf 85' lang='lat' dir='ltr'>Kebli‘·.</span> <span class='ocrx_word' id='word_1_96' title='bbox 682 1598 713 1649; x_wconf 89' lang='lat' dir='ltr'>Iu</span> <span class='ocrx_word' id='word_1_97' title='bbox 732 1599 831 1649; x_wconf 91' lang='lat' dir='ltr'>archiv.</span> <span class='ocrx_word' id='word_1_98' title='bbox 852 1601 933 1650; x_wconf 87' lang='lat' dir='ltr'>Acad.</span> <span class='ocrx_word' id='word_1_99' title='bbox 951 1600 1045 1651; x_wconf 89' lang='lat' dir='ltr'>Scient.</span> <span class='ocrx_word' id='word_1_100' title='bbox 1060 1602 1128 1652; x_wconf 87' lang='lat' dir='ltr'>Slav.</span> <span class='ocrx_word' id='word_1_101' title='bbox 1143 1600 1236 1650; x_wconf 88' lang='lat' dir='ltr'>merid.</span> <span class='ocrx_word' id='word_1_102' title='bbox 1249 1601 1323 1667; x_wconf 86' lang='lat' dir='ltr'>Joan.</span> <span class='ocrx_word' id='word_1_103' title='bbox 1338 1597 1505 1664; x_wconf 86' lang='lat' dir='ltr'>Kukuljevic&#39;.</span> 
     </span>
     <span class='ocr_line' id='line_1_13' title="bbox 239 1685 656 1756; baseline 0.002 -20"><span class='ocrx_word' id='word_1_104' title='bbox 239 1690 305 1756; x_wconf 89' lang='lat' dir='ltr'>Jura</span> <span class='ocrx_word' id='word_1_105' title='bbox 324 1685 400 1752; x_wconf 85' lang='lat' dir='ltr'>regui</span> <span class='ocrx_word' id='word_1_106' title='bbox 420 1686 492 1737; x_wconf 83' lang='lat' dir='ltr'>CSD.</span> <span class='ocrx_word' id='word_1_107' title='bbox 513 1687 532 1735; x_wconf 93' lang='lat'>1.</span> <span class='ocrx_word' id='word_1_108' title='bbox 554 1702 577 1752; x_wconf 90' lang='lat' dir='ltr'>p.</span> <span class='ocrx_word' id='word_1_109' title='bbox 601 1688 656 1737; x_wconf 78' lang='lat'>118.</span> 
     </span>
    </p>
   </div>
   <div class='ocr_carea' id='block_1_4' title="bbox 840 1867 920 1932">
    <p class='ocr_par' dir='ltr' id='par_1_5' title="bbox 840 1867 920 1932">
     <span class='ocr_line' id='line_1_14' title="bbox 840 1867 920 1932; baseline 0 -1"><span class='ocrx_word' id='word_1_110' title='bbox 840 1867 920 1932; x_wconf 86' lang='lat'>221.</span> 
     </span>
    </p>
   </div>
   <div class='ocr_carea' id='block_1_5' title="bbox 348 1970 820 2036">
    <p class='ocr_par' dir='ltr' id='par_1_6' title="bbox 348 1970 820 2036">
     <span class='ocr_line' id='line_1_15' title="bbox 348 1970 820 2036; baseline -0.008 -12"><span class='ocrx_word' id='word_1_111' title='bbox 348 1976 425 2024; x_wconf 81' lang='lat' dir='ltr'>Anno</span> <span class='ocrx_word' id='word_1_112' title='bbox 446 1981 520 2031; x_wconf 81' lang='lat'>1351,</span> <span class='ocrx_word' id='word_1_113' title='bbox 543 1981 580 2020; x_wconf 90' lang='lat'>11.</span> <span class='ocrx_word' id='word_1_114' title='bbox 601 1970 702 2036; x_wconf 82' lang='lat' dir='ltr'>aprilis.</span> <span class='ocrx_word' id='word_1_115' title='bbox 723 1971 820 2021; x_wconf 84' lang='lat' dir='ltr'>Budae.</span> 
     </span>
    </p>
   </div>
   <div class='ocr_carea' id='block_1_6' title="bbox 280 2099 1482 2279">
    <p class='ocr_par' dir='ltr' id='par_1_7' title="bbox 280 2099 1482 2279">
     <span class='ocr_line' id='line_1_16' title="bbox 280 2099 1482 2173; baseline -0.005 -12"><span class='ocrx_word' id='word_1_116' title='bbox 280 2102 444 2162; x_wconf 73' lang='lat' dir='ltr'>ludovicus</span> <span class='ocrx_word' id='word_1_117' title='bbox 466 2100 643 2172; x_wconf 80' lang='lat' dir='ltr'>Hungart&#39;uc</span> <span class='ocrx_word' id='word_1_118' title='bbox 665 2107 713 2157; x_wconf 77' lang='lat' dir='ltr'>etc.</span> <span class='ocrx_word' id='word_1_119' title='bbox 738 2118 801 2167; x_wconf 86' lang='lat' dir='ltr'>rex,</span> <span class='ocrx_word' id='word_1_120' title='bbox 824 2101 982 2173; x_wconf 73' lang='lat' dir='ltr'>cottfirmas,</span> <span class='ocrx_word' id='word_1_121' title='bbox 1005 2100 1141 2172; x_wconf 82' lang='lat' dir='ltr'>quamodo</span> <span class='ocrx_word' id='word_1_122' title='bbox 1162 2101 1285 2157; x_wconf 75' lang='lat' dir='ltr'>‹iectinae</span> <span class='ocrx_word' id='word_1_123' title='bbox 1307 2099 1432 2172; x_wconf 80' lang='lat' dir='ltr'>episcopo</span> <span class='ocrx_word' id='word_1_124' title='bbox 1454 2106 1482 2155; x_wconf 81' lang='lat' dir='ltr'>et</span> 
     </span>
     <span class='ocr_line' id='line_1_17' title="bbox 619 2205 1127 2279; baseline 0 -17"><span class='ocrx_word' id='word_1_125' title='bbox 619 2206 744 2279; x_wconf 58' lang='lat' dir='ltr'>capitulo</span> <span class='ocrx_word' id='word_1_126' title='bbox 768 2205 885 2278; x_wconf 80' lang='lat' dir='ltr'>aagrab.</span> <span class='ocrx_word' id='word_1_127' title='bbox 908 2206 984 2262; x_wconf 75' lang='lat' dir='ltr'>solvi</span> <span class='ocrx_word' id='word_1_128' title='bbox 1002 2205 1127 2263; x_wconf 83' lang='lat' dir='ltr'>debeant.</span> 
     </span>
    </p>
   </div>
   <div class='ocr_carea' id='block_1_7' title="bbox 244 2348 1518 4854">
    <p class='ocr_par' dir='ltr' id='par_1_8' title="bbox 244 2348 1518 4854">
     <span class='ocr_line' id='line_1_18' title="bbox 332 2348 1509 2421; baseline -0.004 -12"><span class='ocrx_word' id='word_1_129' title='bbox 332 2351 395 2409; x_wconf 94' lang='lat' dir='ltr'>Nos</span> <span class='ocrx_word' id='word_1_130' title='bbox 419 2348 592 2407; x_wconf 77' lang='lat' dir='ltr'>bodonicus</span> <span class='ocrx_word' id='word_1_131' title='bbox 616 2348 665 2406; x_wconf 91' lang='lat' dir='ltr'>dei</span> <span class='ocrx_word' id='word_1_132' title='bbox 688 2349 792 2421; x_wconf 82' lang='lat' dir='ltr'>gracia</span> <span class='ocrx_word' id='word_1_133' title='bbox 815 2364 868 2405; x_wconf 89' lang='lat' dir='ltr'>rex</span> <span class='ocrx_word' id='word_1_134' title='bbox 893 2349 1058 2420; x_wconf 85' lang='lat' dir='ltr'>ilungarie.</span> <span class='ocrx_word' id='word_1_135' title='bbox 1082 2349 1229 2406; x_wconf 87' lang='lat' dir='ltr'>Memorie</span> <span class='ocrx_word' id='word_1_136' title='bbox 1247 2348 1509 2418; x_wconf 86' lang='lat' dir='ltr'>commendantes,</span> 
     </span>
     <span class='ocr_line' id='line_1_19' title="bbox 245 2452 1509 2530; baseline -0.005 -14"><span class='ocrx_word' id='word_1_137' title='bbox 245 2463 350 2516; x_wconf 89' lang='lat' dir='ltr'>tenore</span> <span class='ocrx_word' id='word_1_138' title='bbox 380 2456 574 2530; x_wconf 87' lang='lat' dir='ltr'>presencium</span> <span class='ocrx_word' id='word_1_139' title='bbox 604 2452 815 2527; x_wconf 85' lang='lat' dir='ltr'>&#39;significamus</span> <span class='ocrx_word' id='word_1_140' title='bbox 842 2454 956 2527; x_wconf 90' lang='lat' dir='ltr'>quibus</span> <span class='ocrx_word' id='word_1_141' title='bbox 979 2453 1103 2528; x_wconf 91' lang='lat' dir='ltr'>expedit</span> <span class='ocrx_word' id='word_1_142' title='bbox 1127 2454 1287 2523; x_wconf 90' lang='lat' dir='ltr'>universis,</span> <span class='ocrx_word' id='word_1_143' title='bbox 1312 2454 1394 2527; x_wconf 85' lang='lat' dir='ltr'>quod</span> <span class='ocrx_word' id='word_1_144' title='bbox 1419 2470 1509 2510; x_wconf 91' lang='lat' dir='ltr'>vene-</span> 
     </span>
     <span class='ocr_line' id='line_1_20' title="bbox 245 2559 1511 2634; baseline -0.004 -12"><span class='ocrx_word' id='word_1_145' title='bbox 245 2563 355 2622; x_wconf 90' lang='lat' dir='ltr'>rabilis</span> <span class='ocrx_word' id='word_1_146' title='bbox 379 2563 409 2620; x_wconf 91' lang='lat' dir='ltr'>in</span> <span class='ocrx_word' id='word_1_147' title='bbox 432 2561 556 2619; x_wconf 87' lang='lat' dir='ltr'>Christo</span> <span class='ocrx_word' id='word_1_148' title='bbox 587 2567 684 2634; x_wconf 92' lang='lat' dir='ltr'>pater,</span> <span class='ocrx_word' id='word_1_149' title='bbox 716 2560 859 2618; x_wconf 92' lang='lat' dir='ltr'>dominus</span> <span class='ocrx_word' id='word_1_150' title='bbox 890 2559 1044 2629; x_wconf 88' lang='lat' dir='ltr'>Nicolaus,</span> <span class='ocrx_word' id='word_1_151' title='bbox 1076 2560 1124 2617; x_wconf 88' lang='lat' dir='ltr'>dei</span> <span class='ocrx_word' id='word_1_152' title='bbox 1156 2568 1185 2617; x_wconf 91' lang='lat' dir='ltr'>et</span> <span class='ocrx_word' id='word_1_153' title='bbox 1215 2561 1385 2633; x_wconf 90' lang='lat' dir='ltr'>apostolica</span> <span class='ocrx_word' id='word_1_154' title='bbox 1408 2561 1511 2633; x_wconf 83' lang='lat' dir='ltr'>gracia</span> 
     </span>
     <span class='ocr_line' id='line_1_21' title="bbox 244 2665 1510 2741; baseline -0.002 -17"><span class='ocrx_word' id='word_1_155' title='bbox 244 2668 409 2741; x_wconf 89' lang='lat' dir='ltr'>episcopus</span> <span class='ocrx_word' id='word_1_156' title='bbox 432 2667 560 2724; x_wconf 88' lang='lat' dir='ltr'>ecclesie</span> <span class='ocrx_word' id='word_1_157' title='bbox 581 2666 796 2738; x_wconf 79' lang='lat' dir='ltr'>zagrabiensiS,</span> <span class='ocrx_word' id='word_1_158' title='bbox 819 2665 951 2722; x_wconf 90' lang='lat' dir='ltr'>dilectus</span> <span class='ocrx_word' id='word_1_159' title='bbox 975 2666 1064 2722; x_wconf 89' lang='lat' dir='ltr'>nobis</span> <span class='ocrx_word' id='word_1_160' title='bbox 1088 2673 1117 2722; x_wconf 89' lang='lat' dir='ltr'>et</span> <span class='ocrx_word' id='word_1_161' title='bbox 1142 2665 1251 2736; x_wconf 70' lang='lat' dir='ltr'>fidelis</span> <span class='ocrx_word' id='word_1_162' title='bbox 1275 2665 1312 2721; x_wconf 90' lang='lat' dir='ltr'>ad</span> <span class='ocrx_word' id='word_1_163' title='bbox 1338 2671 1440 2722; x_wconf 86' lang='lat' dir='ltr'>nostre</span> <span class='ocrx_word' id='word_1_164' title='bbox 1464 2682 1510 2722; x_wconf 88' lang='lat' dir='ltr'>se-</span> 
     </span>
     <span class='ocr_line' id='line_1_22' title="bbox 245 2771 1508 2845; baseline -0.004 -13"><span class='ocrx_word' id='word_1_165' title='bbox 245 2774 384 2832; x_wconf 86' lang='lat' dir='ltr'>renitatis</span> <span class='ocrx_word' id='word_1_166' title='bbox 404 2771 577 2831; x_wconf 90' lang='lat' dir='ltr'>accedendo</span> <span class='ocrx_word' id='word_1_167' title='bbox 600 2772 790 2845; x_wconf 87' lang='lat' dir='ltr'>presenciam</span> <span class='ocrx_word' id='word_1_168' title='bbox 807 2772 947 2829; x_wconf 87' lang='lat' dir='ltr'>exhibuit</span> <span class='ocrx_word' id='word_1_169' title='bbox 963 2773 1052 2829; x_wconf 91' lang='lat' dir='ltr'>nobis</span> <span class='ocrx_word' id='word_1_170' title='bbox 1069 2773 1187 2828; x_wconf 88' lang='lat' dir='ltr'>litteras</span> <span class='ocrx_word' id='word_1_171' title='bbox 1212 2772 1423 2844; x_wconf 87' lang='lat' dir='ltr'>privilegiales</span> <span class='ocrx_word' id='word_1_172' title='bbox 1444 2787 1508 2827; x_wconf 93' lang='lat' dir='ltr'>ma-</span> 
     </span>
     <span class='ocr_line' id='line_1_23' title="bbox 249 2875 1511 2949; baseline -0.005 -11"><span class='ocrx_word' id='word_1_173' title='bbox 249 2879 333 2938; x_wconf 90' lang='lat' dir='ltr'>nifici</span> <span class='ocrx_word' id='word_1_174' title='bbox 354 2879 414 2937; x_wconf 85' lang='lat' dir='ltr'>viri</span> <span class='ocrx_word' id='word_1_175' title='bbox 438 2878 557 2935; x_wconf 91' lang='lat' dir='ltr'>domiui</span> <span class='ocrx_word' id='word_1_176' title='bbox 580 2877 699 2934; x_wconf 90' lang='lat' dir='ltr'>Nicolai</span> <span class='ocrx_word' id='word_1_177' title='bbox 723 2877 761 2933; x_wconf 95' lang='lat' dir='ltr'>de</span> <span class='ocrx_word' id='word_1_178' title='bbox 785 2877 873 2941; x_wconf 82' lang='lat' dir='ltr'>Zech.</span> <span class='ocrx_word' id='word_1_179' title='bbox 897 2877 1052 2949; x_wconf 89' lang='lat' dir='ltr'>quondam</span> <span class='ocrx_word' id='word_1_180' title='bbox 1078 2879 1148 2933; x_wconf 90' lang='lat' dir='ltr'>bani</span> <span class='ocrx_word' id='word_1_181' title='bbox 1174 2878 1272 2934; x_wconf 88' lang='lat' dir='ltr'>tocius</span> <span class='ocrx_word' id='word_1_182' title='bbox 1295 2875 1458 2934; x_wconf 87' lang='lat' dir='ltr'>Sclauonie</span> <span class='ocrx_word' id='word_1_183' title='bbox 1482 2884 1511 2932; x_wconf 91' lang='lat' dir='ltr'>et</span> 
     </span>
     <span class='ocr_line' id='line_1_24' title="bbox 250 2981 1511 3063; baseline -0.003 -21"><span class='ocrx_word' id='word_1_184' title='bbox 250 2984 385 3054; x_wconf 86' lang='lat' dir='ltr'>Croacie‚</span> <span class='ocrx_word' id='word_1_185' title='bbox 409 2999 489 3040; x_wconf 91' lang='lat' dir='ltr'>nunc</span> <span class='ocrx_word' id='word_1_186' title='bbox 512 2997 586 3039; x_wconf 91' lang='lat' dir='ltr'>vero</span> <span class='ocrx_word' id='word_1_187' title='bbox 615 2982 689 3063; x_wconf 79' lang='lat' dir='ltr'>bani</span> <span class='ocrx_word' id='word_1_188' title='bbox 720 2981 759 3038; x_wconf 91' lang='lat' dir='ltr'>de</span> <span class='ocrx_word' id='word_1_189' title='bbox 790 2982 939 3053; x_wconf 83' lang='lat' dir='ltr'>Zeuryno,</span> <span class='ocrx_word' id='word_1_190' title='bbox 963 2983 1077 3039; x_wconf 89' lang='lat' dir='ltr'>tenoris</span> <span class='ocrx_word' id='word_1_191' title='bbox 1107 2982 1303 3055; x_wconf 74' lang='lat' dir='ltr'>infrascripti,</span> <span class='ocrx_word' id='word_1_192' title='bbox 1328 2988 1435 3055; x_wconf 90' lang='lat' dir='ltr'>petens</span> <span class='ocrx_word' id='word_1_193' title='bbox 1459 2999 1511 3039; x_wconf 91' lang='lat' dir='ltr'>no·</span> 
     </span>
     <span class='ocr_line' id='line_1_25' title="bbox 247 3086 1512 3160; baseline -0.003 -12"><span class='ocrx_word' id='word_1_194' title='bbox 247 3097 344 3148; x_wconf 90' lang='lat' dir='ltr'>stram</span> <span class='ocrx_word' id='word_1_195' title='bbox 367 3089 527 3146; x_wconf 89' lang='lat' dir='ltr'>humiliter</span> <span class='ocrx_word' id='word_1_196' title='bbox 550 3087 778 3158; x_wconf 83' lang='lat' dir='ltr'>excellenciam,</span> <span class='ocrx_word' id='word_1_197' title='bbox 803 3094 835 3143; x_wconf 89' lang='lat' dir='ltr'>ut</span> <span class='ocrx_word' id='word_1_198' title='bbox 858 3086 981 3144; x_wconf 90' lang='lat' dir='ltr'>easdem</span> <span class='ocrx_word' id='word_1_199' title='bbox 998 3094 1080 3144; x_wconf 89' lang='lat' dir='ltr'>ratas</span> <span class='ocrx_word' id='word_1_200' title='bbox 1097 3089 1211 3145; x_wconf 89' lang='lat' dir='ltr'>habere</span> <span class='ocrx_word' id='word_1_201' title='bbox 1228 3093 1257 3145; x_wconf 88' lang='lat' dir='ltr'>et</span> <span class='ocrx_word' id='word_1_202' title='bbox 1276 3089 1388 3145; x_wconf 89' lang='lat' dir='ltr'>nostris</span> <span class='ocrx_word' id='word_1_203' title='bbox 1405 3088 1512 3160; x_wconf 87' lang='lat' dir='ltr'>digna·</span> 
     </span>
     <span class='ocr_line' id='line_1_26' title="bbox 247 3188 1511 3271; baseline -0.006 -14"><span class='ocrx_word' id='word_1_204' title='bbox 247 3214 353 3257; x_wconf 89' lang='lat' dir='ltr'>remur</span> <span class='ocrx_word' id='word_1_205' title='bbox 369 3197 479 3255; x_wconf 91' lang='lat' dir='ltr'>litteris</span> <span class='ocrx_word' id='word_1_206' title='bbox 495 3196 671 3269; x_wconf 87' lang='lat' dir='ltr'>patentibus</span> <span class='ocrx_word' id='word_1_207' title='bbox 685 3194 876 3253; x_wconf 89' lang='lat' dir='ltr'>confirmare.</span> <span class='ocrx_word' id='word_1_208' title='bbox 888 3194 1027 3267; x_wconf 80' lang='lat' dir='ltr'>Quarum</span> <span class='ocrx_word' id='word_1_209' title='bbox 1041 3199 1127 3252; x_wconf 89' lang='lat' dir='ltr'>tenor</span> <span class='ocrx_word' id='word_1_210' title='bbox 1141 3195 1210 3251; x_wconf 92' lang='lat' dir='ltr'>talis</span> <span class='ocrx_word' id='word_1_211' title='bbox 1222 3200 1282 3252; x_wconf 89' lang='lat' dir='ltr'>est:</span> <span class='ocrx_word' id='word_1_212' title='bbox 1296 3188 1369 3271; x_wconf 89' lang='lat' dir='ltr'>(vid.</span> <span class='ocrx_word' id='word_1_213' title='bbox 1383 3211 1426 3251; x_wconf 90' lang='lat' dir='ltr'>nr.</span> <span class='ocrx_word' id='word_1_214' title='bbox 1443 3194 1511 3250; x_wconf 80' lang='lat'>206.</span> 
     </span>
     <span class='ocr_line' id='line_1_27' title="bbox 249 3294 1513 3377; baseline -0.005 -16"><span class='ocrx_word' id='word_1_215' title='bbox 249 3321 296 3367; x_wconf 81' lang='lat' dir='ltr'>an,</span> <span class='ocrx_word' id='word_1_216' title='bbox 316 3301 405 3377; x_wconf 85' lang='lat'>1346.</span> <span class='ocrx_word' id='word_1_217' title='bbox 427 3301 472 3358; x_wconf 83' lang='lat'>16.</span> <span class='ocrx_word' id='word_1_218' title='bbox 490 3294 640 3377; x_wconf 80' lang='lat' dir='ltr'>Augusti).</span> <span class='ocrx_word' id='word_1_219' title='bbox 658 3300 721 3357; x_wconf 88' lang='lat' dir='ltr'>Nos</span> <span class='ocrx_word' id='word_1_220' title='bbox 737 3301 838 3373; x_wconf 86' lang='lat' dir='ltr'>itaque</span> <span class='ocrx_word' id='word_1_221' title='bbox 854 3301 907 3372; x_wconf 92' lang='lat' dir='ltr'>qui</span> <span class='ocrx_word' id='word_1_222' title='bbox 924 3317 960 3356; x_wconf 85' lang='lat' dir='ltr'>ex</span> <span class='ocrx_word' id='word_1_223' title='bbox 974 3299 1079 3356; x_wconf 88' lang='lat' dir='ltr'>debito</span> <span class='ocrx_word' id='word_1_224' title='bbox 1092 3300 1196 3357; x_wconf 87' lang='lat' dir='ltr'>officio</span> <span class='ocrx_word' id='word_1_225' title='bbox 1209 3301 1341 3372; x_wconf 88' lang='lat' dir='ltr'>suseepti</span> <span class='ocrx_word' id='word_1_226' title='bbox 1355 3300 1513 3371; x_wconf 89' lang='lat' dir='ltr'>regiminis</span> 
     </span>
     <span class='ocr_line' id='line_1_28' title="bbox 249 3407 1513 3477; baseline -0.005 -10"><span class='ocrx_word' id='word_1_227' title='bbox 249 3409 298 3467; x_wconf 91' lang='lat' dir='ltr'>dei</span> <span class='ocrx_word' id='word_1_228' title='bbox 324 3408 468 3466; x_wconf 89' lang='lat' dir='ltr'>ecclesias</span> <span class='ocrx_word' id='word_1_229' title='bbox 491 3408 520 3464; x_wconf 92' lang='lat' dir='ltr'>in</span> <span class='ocrx_word' id='word_1_230' title='bbox 545 3408 608 3463; x_wconf 89' lang='lat' dir='ltr'>suis</span> <span class='ocrx_word' id='word_1_231' title='bbox 630 3408 749 3464; x_wconf 91' lang='lat' dir='ltr'>iuribus</span> <span class='ocrx_word' id='word_1_232' title='bbox 766 3413 794 3462; x_wconf 91' lang='lat' dir='ltr'>et</span> <span class='ocrx_word' id='word_1_233' title='bbox 810 3407 1007 3462; x_wconf 86' lang='lat' dir='ltr'>libertatibus</span> <span class='ocrx_word' id='word_1_234' title='bbox 1024 3411 1163 3462; x_wconf 88' lang='lat' dir='ltr'>tenemur</span> <span class='ocrx_word' id='word_1_235' title='bbox 1179 3421 1369 3475; x_wconf 88' lang='lat' dir='ltr'>conservare,</span> <span class='ocrx_word' id='word_1_236' title='bbox 1388 3407 1513 3477; x_wconf 88' lang='lat' dir='ltr'>peticio·</span> 
     </span>
     <span class='ocr_line' id='line_1_29' title="bbox 249 3511 1513 3587; baseline -0.003 -16"><span class='ocrx_word' id='word_1_237' title='bbox 249 3514 340 3572; x_wconf 93' lang='lat' dir='ltr'>nibus</span> <span class='ocrx_word' id='word_1_238' title='bbox 349 3512 460 3587; x_wconf 84' lang='lat' dir='ltr'>prelati</span> <span class='ocrx_word' id='word_1_239' title='bbox 472 3512 589 3569; x_wconf 90' lang='lat' dir='ltr'>domini</span> <span class='ocrx_word' id='word_1_240' title='bbox 602 3513 738 3586; x_wconf 91' lang='lat' dir='ltr'>episcopi</span> <span class='ocrx_word' id='word_1_241' title='bbox 753 3512 923 3583; x_wconf 84' lang='lat' dir='ltr'>benigniter</span> <span class='ocrx_word' id='word_1_242' title='bbox 940 3512 1076 3568; x_wconf 90' lang='lat' dir='ltr'>inclinati</span> <span class='ocrx_word' id='word_1_243' title='bbox 1091 3511 1243 3583; x_wconf 87' lang='lat' dir='ltr'>predictas</span> <span class='ocrx_word' id='word_1_244' title='bbox 1256 3512 1373 3568; x_wconf 88' lang='lat' dir='ltr'>litteras</span> <span class='ocrx_word' id='word_1_245' title='bbox 1387 3511 1513 3583; x_wconf 86' lang='lat' dir='ltr'>privile·</span> 
     </span>
     <span class='ocr_line' id='line_1_30' title="bbox 251 3617 1514 3693; baseline -0.002 -17"><span class='ocrx_word' id='word_1_246' title='bbox 251 3620 348 3693; x_wconf 89' lang='lat' dir='ltr'>giales</span> <span class='ocrx_word' id='word_1_247' title='bbox 365 3620 460 3692; x_wconf 92' lang='lat' dir='ltr'>ipsius</span> <span class='ocrx_word' id='word_1_248' title='bbox 478 3618 595 3676; x_wconf 89' lang='lat' dir='ltr'>domini</span> <span class='ocrx_word' id='word_1_249' title='bbox 614 3618 639 3674; x_wconf 89' lang='lat' dir='ltr'>N</span> <span class='ocrx_word' id='word_1_250' title='bbox 644 3619 733 3675; x_wconf 89' lang='lat' dir='ltr'>icolai</span> <span class='ocrx_word' id='word_1_251' title='bbox 749 3619 830 3678; x_wconf 88' lang='lat' dir='ltr'>bani.</span> <span class='ocrx_word' id='word_1_252' title='bbox 844 3619 961 3674; x_wconf 88' lang='lat' dir='ltr'>litteras</span> <span class='ocrx_word' id='word_1_253' title='bbox 974 3617 1223 3674; x_wconf 84' lang='lat' dir='ltr'>excellentissimi</span> <span class='ocrx_word' id='word_1_254' title='bbox 1235 3618 1384 3689; x_wconf 85' lang='lat' dir='ltr'>principis</span> <span class='ocrx_word' id='word_1_255' title='bbox 1397 3617 1514 3674; x_wconf 91' lang='lat' dir='ltr'>domini</span> 
     </span>
     <span class='ocr_line' id='line_1_31' title="bbox 251 3723 1515 3796; baseline -0.002 -15"><span class='ocrx_word' id='word_1_256' title='bbox 251 3725 369 3794; x_wconf 71' lang='lat' dir='ltr'>Karon,</span> <span class='ocrx_word' id='word_1_257' title='bbox 393 3724 522 3781; x_wconf 89' lang='lat' dir='ltr'>condam</span> <span class='ocrx_word' id='word_1_258' title='bbox 548 3724 677 3780; x_wconf 89' lang='lat' dir='ltr'>illustris</span> <span class='ocrx_word' id='word_1_259' title='bbox 701 3725 781 3796; x_wconf 87' lang='lat' dir='ltr'>regis</span> <span class='ocrx_word' id='word_1_260' title='bbox 803 3724 968 3795; x_wconf 85' lang='lat' dir='ltr'>Hungarie,</span> <span class='ocrx_word' id='word_1_261' title='bbox 988 3724 1085 3796; x_wconf 89' lang='lat' dir='ltr'>patris</span> <span class='ocrx_word' id='word_1_262' title='bbox 1107 3725 1201 3780; x_wconf 90' lang='lat' dir='ltr'>nostri</span> <span class='ocrx_word' id='word_1_263' title='bbox 1228 3723 1388 3792; x_wconf 86' lang='lat' dir='ltr'>karissimi,</span> <span class='ocrx_word' id='word_1_264' title='bbox 1417 3723 1515 3780; x_wconf 80' lang='lat' dir='ltr'>felicis</span> 
     </span>
     <span class='ocr_line' id='line_1_32' title="bbox 251 3829 1515 3901; baseline -0.002 -14"><span class='ocrx_word' id='word_1_265' title='bbox 251 3831 409 3900; x_wconf 90' lang='lat' dir='ltr'>memorie,</span> <span class='ocrx_word' id='word_1_266' title='bbox 433 3829 646 3887; x_wconf 88' lang='lat' dir='ltr'>confirmative</span> <span class='ocrx_word' id='word_1_267' title='bbox 670 3830 905 3886; x_wconf 88' lang='lat' dir='ltr'>transcribentes</span> <span class='ocrx_word' id='word_1_268' title='bbox 930 3837 1061 3899; x_wconf 70' lang='lat' dir='ltr'>eatenus</span> <span class='ocrx_word' id='word_1_269' title='bbox 1086 3836 1236 3901; x_wconf 90' lang='lat' dir='ltr'>quatenus</span> <span class='ocrx_word' id='word_1_270' title='bbox 1259 3830 1316 3885; x_wconf 90' lang='lat' dir='ltr'>rite</span> <span class='ocrx_word' id='word_1_271' title='bbox 1333 3835 1361 3884; x_wconf 94' lang='lat' dir='ltr'>et</span> <span class='ocrx_word' id='word_1_272' title='bbox 1378 3829 1515 3900; x_wconf 81' lang='lat' dir='ltr'>legitime</span> 
     </span>
     <span class='ocr_line' id='line_1_33' title="bbox 253 3936 1513 4006; baseline -0.003 -13"><span class='ocrx_word' id='word_1_273' title='bbox 253 3937 385 3994; x_wconf 84' lang='lat' dir='ltr'>existunt</span> <span class='ocrx_word' id='word_1_274' title='bbox 409 3942 558 4006; x_wconf 87' lang='lat' dir='ltr'>emanate‚</span> <span class='ocrx_word' id='word_1_275' title='bbox 582 3943 615 3992; x_wconf 92' lang='lat' dir='ltr'>ut</span> <span class='ocrx_word' id='word_1_276' title='bbox 639 3936 720 3991; x_wconf 88' lang='lat' dir='ltr'>vires</span> <span class='ocrx_word' id='word_1_277' title='bbox 751 3951 856 3991; x_wconf 89' lang='lat' dir='ltr'>earum</span> <span class='ocrx_word' id='word_1_278' title='bbox 889 3936 1010 3991; x_wconf 89' lang='lat' dir='ltr'>veritati</span> <span class='ocrx_word' id='word_1_279' title='bbox 1038 3936 1255 4006; x_wconf 85' lang='lat' dir='ltr'>suffragantur,</span> <span class='ocrx_word' id='word_1_280' title='bbox 1279 3942 1418 4006; x_wconf 89' lang='lat' dir='ltr'>patenter</span> <span class='ocrx_word' id='word_1_281' title='bbox 1443 3949 1513 3990; x_wconf 93' lang='lat' dir='ltr'>cum</span> 
     </span>
     <span class='ocr_line' id='line_1_34' title="bbox 253 4038 1514 4114; baseline -0.003 -16"><span class='ocrx_word' id='word_1_282' title='bbox 253 4043 338 4099; x_wconf 92' lang='lat' dir='ltr'>omni</span> <span class='ocrx_word' id='word_1_283' title='bbox 360 4058 417 4098; x_wconf 93' lang='lat' dir='ltr'>suo</span> <span class='ocrx_word' id='word_1_284' title='bbox 442 4046 554 4111; x_wconf 89' lang='lat' dir='ltr'>tenore,</span> <span class='ocrx_word' id='word_1_285' title='bbox 579 4043 729 4114; x_wconf 86' lang='lat' dir='ltr'>presentis</span> <span class='ocrx_word' id='word_1_286' title='bbox 753 4043 860 4113; x_wconf 89' lang='lat' dir='ltr'>scripti</span> <span class='ocrx_word' id='word_1_287' title='bbox 884 4041 1054 4113; x_wconf 90' lang='lat' dir='ltr'>patrocinio</span> <span class='ocrx_word' id='word_1_288' title='bbox 1086 4039 1231 4097; x_wconf 83' lang='lat' dir='ltr'>duximus</span> <span class='ocrx_word' id='word_1_289' title='bbox 1258 4038 1514 4095; x_wconf 88' lang='lat' dir='ltr'>confirmandum.</span> 
     </span>
     <span class='ocr_line' id='line_1_35' title="bbox 252 4144 1516 4219; baseline -0.004 -14"><span class='ocrx_word' id='word_1_290' title='bbox 252 4149 312 4205; x_wconf 87' lang='lat' dir='ltr'>Pro</span> <span class='ocrx_word' id='word_1_291' title='bbox 336 4148 475 4205; x_wconf 92' lang='lat' dir='ltr'>ulteriori</span> <span class='ocrx_word' id='word_1_292' title='bbox 499 4154 600 4204; x_wconf 89' lang='lat' dir='ltr'>autem</span> <span class='ocrx_word' id='word_1_293' title='bbox 626 4148 791 4204; x_wconf 91' lang='lat' dir='ltr'>commodo</span> <span class='ocrx_word' id='word_1_294' title='bbox 822 4152 851 4204; x_wconf 90' lang='lat' dir='ltr'>et</span> <span class='ocrx_word' id='word_1_295' title='bbox 882 4153 961 4202; x_wconf 88' lang='lat' dir='ltr'>statu</span> <span class='ocrx_word' id='word_1_296' title='bbox 993 4147 1089 4219; x_wconf 88' lang='lat' dir='ltr'>ipsius</span> <span class='ocrx_word' id='word_1_297' title='bbox 1116 4146 1243 4201; x_wconf 87' lang='lat' dir='ltr'>ecclesie</span> <span class='ocrx_word' id='word_1_298' title='bbox 1278 4146 1404 4216; x_wconf 90' lang='lat' dir='ltr'>insuper</span> <span class='ocrx_word' id='word_1_299' title='bbox 1428 4144 1516 4200; x_wconf 89' lang='lat' dir='ltr'>volu-</span> 
     </span>
     <span class='ocr_line' id='line_1_36' title="bbox 254 4251 1517 4323; baseline -0.003 -13"><span class='ocrx_word' id='word_1_300' title='bbox 254 4269 323 4310; x_wconf 93' lang='lat' dir='ltr'>mus</span> <span class='ocrx_word' id='word_1_301' title='bbox 354 4260 384 4310; x_wconf 96' lang='lat' dir='ltr'>et</span> <span class='ocrx_word' id='word_1_302' title='bbox 414 4254 644 4321; x_wconf 90' lang='lat' dir='ltr'>committimus,</span> <span class='ocrx_word' id='word_1_303' title='bbox 676 4264 710 4310; x_wconf 91' lang='lat' dir='ltr'>ut</span> <span class='ocrx_word' id='word_1_304' title='bbox 741 4253 876 4310; x_wconf 88' lang='lat' dir='ltr'>decimas</span> <span class='ocrx_word' id='word_1_305' title='bbox 908 4253 966 4308; x_wconf 92' lang='lat' dir='ltr'>sub</span> <span class='ocrx_word' id='word_1_306' title='bbox 997 4252 1064 4323; x_wconf 90' lang='lat' dir='ltr'>ipso</span> <span class='ocrx_word' id='word_1_307' title='bbox 1097 4252 1274 4323; x_wconf 86' lang='lat' dir='ltr'>episcopatu</span> <span class='ocrx_word' id='word_1_308' title='bbox 1307 4251 1422 4320; x_wconf 82' lang='lat' dir='ltr'>ubique</span> <span class='ocrx_word' id='word_1_309' title='bbox 1454 4251 1517 4306; x_wconf 83' lang='lat' dir='ltr'>exi·</span> 
     </span>
     <span class='ocr_line' id='line_1_37' title="bbox 254 4355 1515 4430; baseline -0.002 -16"><span class='ocrx_word' id='word_1_310' title='bbox 254 4364 375 4429; x_wconf 79' lang='lat' dir='ltr'>stenteS,</span> <span class='ocrx_word' id='word_1_311' title='bbox 409 4358 610 4416; x_wconf 90' lang='lat' dir='ltr'>decimatores</span> <span class='ocrx_word' id='word_1_312' title='bbox 640 4359 713 4416; x_wconf 90' lang='lat' dir='ltr'>dicti</span> <span class='ocrx_word' id='word_1_313' title='bbox 745 4359 863 4415; x_wconf 91' lang='lat' dir='ltr'>domini</span> <span class='ocrx_word' id='word_1_314' title='bbox 893 4357 1030 4430; x_wconf 87' lang='lat' dir='ltr'>episcopi</span> <span class='ocrx_word' id='word_1_315' title='bbox 1063 4357 1166 4412; x_wconf 89' lang='lat' dir='ltr'>statim</span> <span class='ocrx_word' id='word_1_316' title='bbox 1198 4364 1269 4427; x_wconf 89' lang='lat' dir='ltr'>post</span> <span class='ocrx_word' id='word_1_317' title='bbox 1298 4355 1409 4411; x_wconf 80' lang='lat' dir='ltr'>festum</span> <span class='ocrx_word' id='word_1_318' title='bbox 1436 4356 1515 4411; x_wconf 88' lang='lat' dir='ltr'>beati</span> 
     </span>
     <span class='ocr_line' id='line_1_38' title="bbox 254 4461 1516 4537; baseline -0.004 -17"><span class='ocrx_word' id='word_1_319' title='bbox 254 4465 336 4534; x_wconf 87' lang='lat' dir='ltr'>regis</span> <span class='ocrx_word' id='word_1_320' title='bbox 368 4462 515 4537; x_wconf 90' lang='lat' dir='ltr'>Stephani</span> <span class='ocrx_word' id='word_1_321' title='bbox 547 4466 711 4523; x_wconf 88' lang='lat' dir='ltr'>inmediate</span> <span class='ocrx_word' id='word_1_322' title='bbox 742 4465 845 4521; x_wconf 88' lang='lat' dir='ltr'>dicare</span> <span class='ocrx_word' id='word_1_323' title='bbox 875 4464 1002 4537; x_wconf 89' lang='lat' dir='ltr'>possint,</span> <span class='ocrx_word' id='word_1_324' title='bbox 1033 4461 1277 4518; x_wconf 89' lang='lat' dir='ltr'>contradiceione</span> <span class='ocrx_word' id='word_1_325' title='bbox 1301 4462 1516 4531; x_wconf 87' lang='lat' dir='ltr'>quorumlibet</span> 
     </span>
     <span class='ocr_line' id='line_1_39' title="bbox 255 4565 1517 4641; baseline -0.002 -16"><span class='ocrx_word' id='word_1_326' title='bbox 255 4571 484 4641; x_wconf 88' lang='lat' dir='ltr'>nonobstante,</span> <span class='ocrx_word' id='word_1_327' title='bbox 516 4576 545 4628; x_wconf 90' lang='lat' dir='ltr'>et</span> <span class='ocrx_word' id='word_1_328' title='bbox 574 4570 652 4628; x_wconf 83' lang='lat' dir='ltr'>lacta</span> <span class='ocrx_word' id='word_1_329' title='bbox 683 4571 838 4628; x_wconf 90' lang='lat' dir='ltr'>dicacionc</span> <span class='ocrx_word' id='word_1_330' title='bbox 869 4568 947 4627; x_wconf 85' lang='lat' dir='ltr'>infra</span> <span class='ocrx_word' id='word_1_331' title='bbox 977 4568 1102 4639; x_wconf 88' lang='lat' dir='ltr'>triginta</span> <span class='ocrx_word' id='word_1_332' title='bbox 1134 4568 1181 4623; x_wconf 89' lang='lat' dir='ltr'>vel</span> <span class='ocrx_word' id='word_1_333' title='bbox 1214 4566 1416 4638; x_wconf 83' lang='lat' dir='ltr'>quadraginta</span> <span class='ocrx_word' id='word_1_334' title='bbox 1452 4565 1517 4622; x_wconf 87' lang='lat' dir='ltr'>dies</span> 
     </span>
     <span class='ocr_line' id='line_1_40' title="bbox 256 4672 1515 4749; baseline -0.005 -17"><span class='ocrx_word' id='word_1_335' title='bbox 256 4675 359 4749; x_wconf 85' lang='lat' dir='ltr'>quivis</span> <span class='ocrx_word' id='word_1_336' title='bbox 381 4691 452 4733; x_wconf 90' lang='lat' dir='ltr'>suas</span> <span class='ocrx_word' id='word_1_337' title='bbox 474 4675 609 4734; x_wconf 91' lang='lat' dir='ltr'>decimas</span> <span class='ocrx_word' id='word_1_338' title='bbox 632 4678 749 4749; x_wconf 91' lang='lat' dir='ltr'>absque</span> <span class='ocrx_word' id='word_1_339' title='bbox 773 4675 913 4733; x_wconf 89' lang='lat' dir='ltr'>ulteriori</span> <span class='ocrx_word' id='word_1_340' title='bbox 937 4673 1088 4731; x_wconf 88' lang='lat' dir='ltr'>dilacione</span> <span class='ocrx_word' id='word_1_341' title='bbox 1112 4673 1233 4728; x_wconf 89' lang='lat' dir='ltr'>solvere</span> <span class='ocrx_word' id='word_1_342' title='bbox 1265 4679 1410 4728; x_wconf 89' lang='lat' dir='ltr'>teneatur.</span> <span class='ocrx_word' id='word_1_343' title='bbox 1440 4672 1515 4727; x_wconf 89' lang='lat' dir='ltr'>Item</span> 
     </span>
     <span class='ocr_line' id='line_1_41' title="bbox 256 4776 1518 4854; baseline -0.002 -18"><span class='ocrx_word' id='word_1_344' title='bbox 256 4780 410 4851; x_wconf 89' lang='lat' dir='ltr'>volumus,</span> <span class='ocrx_word' id='word_1_345' title='bbox 435 4780 517 4854; x_wconf 93' lang='lat' dir='ltr'>quod</span> <span class='ocrx_word' id='word_1_346' title='bbox 542 4796 648 4841; x_wconf 90' lang='lat' dir='ltr'>omnes</span> <span class='ocrx_word' id='word_1_347' title='bbox 673 4782 771 4840; x_wconf 89' lang='lat' dir='ltr'>libere</span> <span class='ocrx_word' id='word_1_348' title='bbox 794 4781 870 4838; x_wconf 89' lang='lat' dir='ltr'>ville</span> <span class='ocrx_word' id='word_1_349' title='bbox 893 4794 964 4837; x_wconf 91' lang='lat' dir='ltr'>suas</span> <span class='ocrx_word' id='word_1_350' title='bbox 995 4777 1130 4834; x_wconf 87' lang='lat' dir='ltr'>decimas</span> <span class='ocrx_word' id='word_1_351' title='bbox 1161 4777 1191 4833; x_wconf 92' lang='lat' dir='ltr'>in</span> <span class='ocrx_word' id='word_1_352' title='bbox 1214 4776 1315 4849; x_wconf 89' lang='lat' dir='ltr'>specie</span> <span class='ocrx_word' id='word_1_353' title='bbox 1340 4776 1424 4832; x_wconf 90' lang='lat' dir='ltr'>iuxta</span> <span class='ocrx_word' id='word_1_354' title='bbox 1447 4791 1518 4833; x_wconf 89' lang='lat' dir='ltr'>con-</span> 
     </span>
    </p>
   </div>
   <div class='ocr_carea' id='block_1_8' title="bbox 0 0 1772 5242">
    <p class='ocr_par' dir='ltr' id='par_1_9' title="bbox 0 0 1772 5242">
     <span class='ocr_line' id='line_1_42' title="bbox 0 0 1772 5242; baseline 0 0"><span class='ocrx_word' id='word_1_355' title='bbox 0 0 1772 5242; x_wconf 95' lang='lat' dir='ltr'> </span> 
     </span>
    </p>
   </div>
  </div>
 </body>
</html>
