3480 5264
256 347 319 404 3⁵0
665 330 740 388 Doc.
758 341 833 406 370.
861 365 897 374 -
924 332 981 388 An.
1007 345 1097 408 1394.

252 528 393 608 johanni,
416 529 521 585 comiti
545 528 644 600 Vegle
667 538 697 585 et
722 529 882 585 ‚liodrusse
905 545 940 585 ac
956 544 1122 600 regnorum
1147 538 1325 587 nostrorum
1348 530 1522 595 Dalmacie,

253 633 380 689 Croacie
403 641 433 690 et
456 633 619 690 Sclauonie
643 635 724 691 bano
748 635 798 690 vel
827 637 892 691 eius
908 637 1067 703 vicebano,
1083 637 1216 694 salutem
1232 645 1261 693 et
1277 639 1422 708 graciam.
1439 636 1533 692 Cum-

253 755 308 796 nos
341 740 491 812 quasdam
515 740 592 797 duas
616 743 823 813 possessiones
847 750 965 798 nostras
990 742 1153 798 Petrouina
1173 751 1203 798 et
1221 744 1358 799 Hrascba
1381 750 1516 809 vocatas,

254 846 283 901 in
307 847 453 902 comitatu
478 848 668 917 zagrabiensi
693 847 823 915 habitas,
847 849 924 903 alias
947 846 984 903 ad
1011 857 1144 904 castrum
1169 856 1308 905 nostrum
1332 848 1434 919 Seiva,
1459 850 1524 905 alio

253 952 377 1007 nomine
401 951 538 1008 Chichan
564 961 716 1019 vocatum,
743 954 937 1024 pertinentes.
970 969 987 1008 a
1020 953 1139 1024 prefato
1163 964 1263 1010 castro
1286 956 1456 1010 eximentes
1481 954 1521 1010 de

253 1057 396 1113 manibus
418 1059 530 1114 nostris
554 1059 654 1129 regiis,
677 1074 756 1114 nove
780 1067 882 1114 nostre
906 1058 1082 1114 donacionis
1106 1061 1197 1115 titulo
1220 1076 1255 1115 ac
1278 1062 1362 1116 omni
1393 1075 1430 1116 eo
1446 1061 1523 1140 iure,

252 1178 315 1234 quo
339 1171 442 1220 nostre
466 1165 522 1220 rite
553 1165 735 1220 incumbunt
766 1165 938 1232 collacioni‚
969 1181 1040 1220 cum
1071 1167 1221 1221 universis
1254 1182 1361 1223 earum
1391 1167 1522 1243 iuribus,

253 1269 438 1326 utilitatibus
461 1278 490 1325 et
514 1271 707 1341 quibuslibet
735 1272 937 1342 proventibus
968 1280 1070 1327 nostre
1102 1274 1253 1329 maiestati
1278 1275 1443 1345 provenire
1466 1272 1523 1328 de-

252 1374 370 1442 bendis,
394 1374 539 1431 fidelibus
563 1377 674 1432 nostris
699 1376 799 1442 iudici,
824 1378 931 1433 iuratis
954 1393 989 1432 ac
1014 1379 1163 1434 universis
1188 1380 1309 1434 civibus
1332 1380 1445 1435 nostris
1481 1381 1523 1434 ci-

252 1480 355 1536 vitatis
376 1481 489 1536 montis
512 1480 696 1537 Grechensis
719 1481 758 1536 de
781 1481 940 1552 Zagrabia‚
965 1498 1022 1554 pro
1047 1484 1186 1555 ipsorum
1215 1483 1360 1539 fidelibus
1376 1484 1515 1539 serviciis

254 1585 319 1641 iure
343 1588 471 1658 proprio
495 1588 738 1643 contullerimus.
773 1587 844 1643 ldeo
869 1586 1008 1644 fidelitati
1037 1595 1138 1644 vestre
1163 1588 1295 1645 firmiter
1318 1587 1518 1661 precipiendo

254 1691 445 1762 mandamus
470 1701 620 1764 quatenus
645 1693 781 1765 prefatos
812 1694 895 1749 cives
926 1704 1046 1751 nostros
1078 1712 1113 1750 ac
1143 1710 1251 1750 eorum
1285 1695 1463 1765 iobagiones
1491 1695 1522 1750 in

254 1796 400 1871 predictis
424 1799 668 1871 possessionibus
697 1809 925 1856 commorantes
956 1802 985 1856 in
1017 1801 1106 1856 nullo
1138 1800 1277 1872 inpedire
1308 1807 1337 1856 et
1368 1815 1518 1871 agravare

163 1893 169 1904 '
253 1919 309 1960 nec
332 1906 452 1975 aliquas
476 1905 649 1960 soluciones
672 1906 713 1961 ab
736 1907 811 1978 ipsis
835 1907 979 1978 recipere,
1003 1905 1056 1961 sed
1088 1906 1213 1962 eosdem
1246 1905 1383 1961 adinstar
1405 1913 1520 1961 cetera-

253 2026 323 2065 rum
356 2011 583 2082 possessionum
616 2027 723 2067 eorum
756 2011 784 2067 in
818 2012 954 2067 dominio
985 2011 1164 2066 earumdem
1196 2027 1305 2068 manus
1337 2020 1455 2067 vestras
1479 2012 1521 2066 ab

254 2114 323 2171 inde
357 2116 541 2172 ratrahendo
565 2133 600 2172 ac
623 2126 729 2173 contra
760 2117 916 2188 quoslibet
946 2115 1127 2189 indempnes
1157 2133 1192 2172 ac
1220 2118 1325 2173 illesos
1349 2124 1520 2188 protegere.

253 2236 435 2278 conservare
459 2232 488 2278 et
513 2232 709 2279 manutenere
733 2223 870 2279 debeatis
895 2224 1061 2279 maiestatis
1084 2230 1187 2278 nostre
1211 2224 1240 2279 in
1266 2237 1412 2295 persona:
1428 2221 1515 2277 aliud

253 2326 353 2384 facere
376 2344 435 2385 non
460 2330 571 2385 ausuri.
597 2329 712 2385 Datum
737 2329 829 2395 Rode,
853 2330 882 2385 in
907 2329 1014 2399 vigilia
1039 2328 1107 2384 festi
1133 2330 1293 2384 beatorum
1318 2327 1461 2398 Symonis
1487 2334 1517 2383 et

251 2434 339 2515 Jude‚
363 2434 586 2506 apostolorum.
612 2437 701 2491 Anno
724 2435 841 2490 domini
869 2433 977 2489 llCCC
1003 2436 1200 2505 nonagesimo
1224 2436 1326 2490 tercio.

343 2605 482 2669 Originale
509 2605 534 2653 in
560 2605 658 2653 charta.
688 2605 813 2668 Sigillum
839 2605 909 2669 regis
941 2605 1104 2668 impressum,
1130 2605 1240 2669 pulchre
1270 2612 1459 2652 conservatum.
1492 2604 1522 2652 Iu

252 2694 362 2743 archivo
382 2694 426 2742 lib.
448 2709 501 2757 reg,
522 2694 593 2743 civit.
620 2693 723 2757 zagrab.
752 2723 783 2730 -
810 2695 902 2741 Exstat
925 2694 1006 2740 eciam
1026 2693 1098 2739 aliud
1123 2693 1147 2740 in
1168 2699 1331 2755 transumpto
1351 2691 1462 2755 capituli
1478 2707 1518 2740 za·

251 2783 406 2848 grabiensis,
434 2783 495 2830 huic
524 2798 570 2846 per
599 2782 685 2830 omnia
713 2781 849 2830 consimile
875 2781 921 2829 tali
948 2793 1035 2828 autem
1064 2781 1223 2833 discrimine.
1246 2781 1316 2841 quod
1339 2788 1396 2844 post
1423 2781 1519 2829 verba:

255 2871 342 2926 „aliud
364 2870 448 2917 l'acere
469 2886 517 2918 non
538 2869 652 2921 ausuri‘·'‚
673 2869 792 2916 additum
813 2877 857 2920 est.
878 2882 901 2917 et
922 2870 1041 2931 sequitur
1063 2869 1111 2916 ita:
1133 2869 1181 2921 „Et
1195 2869 1244 2916 hoc
1264 2869 1332 2916 idem
1353 2868 1518 2931 iniungimus

253 2957 349 3006 futuris
370 2959 443 3007 banis
463 2968 488 3005 et
508 2958 648 3013 sicebanis,
675 2959 766 3018 dantes
792 2958 856 3020 ipsis
881 2958 1012 3006 similibus
1036 2958 1084 3006 sub
1105 2957 1242 3020 preceptis.
1269 2957 1366 3004 Dalum
1389 2956 1470 3007 Bude,
1494 2957 1520 3005 in

253 3047 318 3094 sesto
333 3048 469 3095 beatorum
484 3046 597 3095 Simonis
611 3047 713 3109 etJude
724 3048 912 3109 apostolorum.
924 3050 999 3093 Anno
1011 3044 1109 3094 domini
1124 3044 1215 3092 MCC(
1229 3044 1396 3108 nonagesimo
1411 3044 1519 3092 terci0.“

839 3349 928 3416 370.

357 3529 432 3574 Anno
457 3536 528 3586 1304.
553 3527 589 3574 18.
611 3524 746 3573 l‘ebruarii.
771 3526 922 3588 Zagrabiae.

256 3669 380 3725 Tharrias
414 3672 572 3734 rra-elanus,
600 3671 755 3741 cupt'ttdmn
784 3671 898 3740 zaunio,
930 3680 963 3726 at
990 3679 1088 3727 [071er
1116 3670 1253 3733 l'ualum,
1268 3671 1368 3742 filliam
1389 3669 1515 3737 Musica,

302 3778 354 3847 qai
374 3777 523 3849 puellulam
548 3777 693 3831 Andream
718 3777 769 3831 sib
792 3778 916 3849 uesutrdo
940 3785 1134 3837 ltarcluan·tul.·
1154 3778 1346 3846 rmusngnret.
1363 3783 1471 3831 ararat.

341 3940 455 3994 Amicis
486 3940 549 3994 suis
583 3939 766 4006 reverendis,
798 3940 934 4010 capitulo
966 3941 1092 3995 ecclesie
1123 3940 1341 4009 zagrabiensis,
1374 3939 1521 4009 magister

249 4046 393 4108 Thomas,
419 4045 561 4113 vicarius,
586 4045 751 4099 vicebanus
775 4052 803 4099 et
828 4061 930 4100 comes
955 4046 1168 4116 zagrabiensis.
1186 4045 1356 4099 amiciciam
1378 4051 1517 4115 paratam

249 4165 318 4205 cum
344 4150 467 4205 honore.
495 4150 613 4204 Dicitur
638 4150 726 4204 nobis
751 4152 779 4205 in
807 4151 944 4221 personis
969 4151 1173 4223 providorum
1199 4151 1337 4205 virorum
1358 4149 1515 4229 Johannis,

248 4254 306 4310 filii
331 4254 426 4322 Pauli,
452 4255 560 4311 iudicis
583 4271 618 4310 ac
643 4256 811 4311 iuratorum
838 4264 866 4311 et
891 4258 1104 4312 uniuersorum
1123 4258 1237 4311 civium
1255 4256 1386 4311 civitatis
1403 4255 1516 4310 montis

248 4359 419 4427 GrecensiS,
443 4361 601 4431 quomodo
625 4361 746 4432 pridem
772 4357 918 4432 magister
943 4363 1062 4421 l’aulus.
1088 4363 1171 4417 lilius
1209 4362 1347 4416 llaztban
1372 4359 1409 4415 de
1434 4359 1513 4430 Chy-

248 4467 334 4535 chan,
358 4466 526 4537 quemdam
551 4467 650 4522 civem
676 4467 824 4538 ipsorum,
849 4468 992 4523 videlicet
1019 4468 1116 4523 Endre
1151 4468 1205 4524 Sib
1230 4467 1355 4536 dictum,
1380 4466 1409 4521 in
1434 4465 1514 4522 dicta

249 4570 394 4641 Chyclran
420 4571 610 4643 reperiendo,
635 4573 828 4643 captivasset,
853 4582 1040 4644 captumque
1065 4574 1093 4628 in
1118 4575 1180 4628 suis
1206 4573 1336 4628 vinculis
1353 4572 1382 4627 in
1400 4571 1514 4642 frigore

248 4677 392 4732 tenuisset
416 4685 445 4732 et
469 4676 635 4732 crudeliter
659 4680 838 4735 tormentari
864 4679 992 4746 lecisset,
1021 4687 1169 4749 quantum
1195 4695 1248 4734 sue
1273 4679 1437 4750 placuisset
1461 4693 1515 4732 vo·

247 4782 344 4847 lutati,
375 4789 404 4838 ei
428 4783 552 4839 tandem
572 4782 703 4838 eundem
720 4783 820 4840 Endre
844 4787 873 4841 in
898 4784 1002 4856 aliqua
1020 4787 1189 4856 quantitate
1207 4785 1334 4857 pecunie
1351 4783 1513 4855 pactand0‚
