3488 5242
668 320 741 377 Doc.
765 333 835 396 140.
862 353 897 361 -
924 319 981 376 An.
1005 328 1091 395 1327.
1453 332 1513 391 1³3

251 516 337 573 lariis
360 522 390 573 et
414 517 483 574 aliis
506 517 537 574 in
560 518 645 574 horis
669 524 698 574 et
730 517 870 574 terminis
900 517 1014 589 quibus
1046 517 1123 574 alias
1153 516 1184 572 in
1208 529 1304 587 regno
1325 520 1430 571 nostro
1453 513 1515 569 exi·

250 628 372 693 guntur,
397 623 490 679 iustas
520 623 655 680 decimas
677 631 795 680 vestras
818 631 848 679 et
871 629 1046 680 vestrorum
1070 628 1163 696 prout
1186 621 1216 678 in
1240 620 1375 677 aliorum
1396 619 1515 676 archie·
1592 628 1594 633 ·

235 729 448 802 μρίεοοροῑιιῐη
482 736 512 786 et
542 729 759 803 episcoporum
793 729 878 800 regni
911 728 1045 800 Vngarie
1076 727 1272 799 dyoecesium
1295 725 1362 782 dari
1396 724 1515 782 decime

249 839 472 890 consueverunt
494 834 611 906 absque
634 836 718 891 omni
743 834 926 892 difficultate
950 833 1029 890 detis
1051 841 1081 891 et
1104 833 1171 890 dari
1195 832 1286 905 plene
1309 832 1427 903 absque
1449 830 1515 887 ulla

249 939 456 996 diminucione
473 939 601 1009 faciatis,
618 941 696 997 sicut
713 949 849 997 nostram
867 939 1122 1012 indignacionem,
1139 955 1199 1012 que
1215 939 1341 1011 culpam
1359 951 1516 1009 quamque

249 1046 355 1117 puniet
378 1044 562 1115 excedentis,
586 1047 723 1118 graviter
739 1047 894 1103 incurrere
919 1044 1101 1115 formidatis,
1125 1044 1210 1102 aliud
1229 1043 1328 1100 lacere
1344 1043 1374 1100 in
1391 1043 1515 1099 nullum

248 1156 392 1207 eventum
423 1157 698 1224 presumpmentes.
730 1151 801 1208 Tibi
836 1166 910 1207 vero
941 1150 1053 1222 Myhch
1089 1151 1170 1207 bano
1205 1149 1383 1207 firmissime
1417 1147 1515 1221 preci·

249 1257 359 1328 pimus,
393 1266 424 1313 ut
454 1256 492 1313 ad
526 1256 642 1314 dictum
675 1257 832 1314 hominem
864 1263 1003 1314 nostrum
1038 1264 1069 1314 et
1102 1257 1180 1315 alios
1216 1262 1337 1313 nostros
1372 1254 1514 1312 homines

249 1376 445 1434 quocumque
477 1364 600 1419 nomine
630 1368 779 1420 vocentur
810 1364 949 1420 homines
980 1369 1049 1420 tuos
1080 1368 1132 1433 tot,
1164 1369 1240 1435 quot
1270 1360 1308 1418 ad
1334 1358 1514 1433 exequenda

249 1469 400 1540 premissa
435 1468 578 1526 sufficere
614 1468 802 1526 videbuntur
833 1469 907 1526 dare
938 1469 1059 1538 debeas,
1090 1469 1143 1542 qui
1175 1468 1272 1525 dictas
1301 1467 1436 1524 decimas
1459 1481 1515 1539 per

251 1573 391 1630 homines
423 1575 620 1646 prescriptos,
652 1575 807 1647 prelibato
838 1574 965 1631 domino
995 1573 1141 1632 Ladizlao
1168 1575 1314 1647 episcopo
1337 1579 1367 1629 et
1390 1572 1515 1629 nomine

251 1693 307 1734 suo
331 1681 584 1751 procuratoribus
614 1681 678 1737 suis
700 1696 735 1737 ac
759 1681 855 1753 ipsius
878 1681 1006 1737 ecclesie
1031 1680 1285 1753 procuratoribus
1308 1678 1346 1735 de
1369 1677 1515 1735 omnibus

251 1784 345 1840 rebus
368 1800 386 1840 a
409 1784 467 1841 deo
491 1786 613 1842 collatis
636 1786 665 1842 in
690 1786 792 1859 specie
815 1785 983 1842 secundum
1000 1785 1252 1843 consuetudinem
1269 1785 1401 1841 aliarum
1418 1784 1514 1840 eccle-

250 1889 364 1946 siarum
397 1891 428 1947 in
456 1905 551 1963 regno
576 1891 709 1963 Vngarie
737 1891 937 1948 existencium
954 1906 1021 1955 ,non
1045 1893 1186 1948 obstante
1210 1905 1318 1947 eorum
1342 1889 1514 1962 prescripta

250 1995 470 2052 consuetudine
493 2005 522 2053 et
546 1997 724 2069 corruptela
747 1997 876 2053 erratica
900 1995 966 2053 dari
988 1995 1105 2053 [aciatis
1122 1997 1213 2069 plene
1229 2005 1259 2052 et
1275 1997 1392 2067 absque
1409 1994 1515 2067 aliqua

251 2098 456 2157 diminucione
480 2111 583 2159 nostra
607 2103 692 2174 regia
715 2103 894 2160 auctoritate
917 2102 1069 2174 persolvi;
1089 2101 1173 2159 aliud
1198 2102 1277 2159 sicut
1300 2116 1355 2157 nos
1378 2101 1515 2172 graviter

251 2205 408 2263 offendere
440 2209 632 2280 pertimescis
663 2207 761 2264 lacere
793 2223 854 2265 non
884 2223 1022 2265 ausurus.
1048 2207 1161 2265 Datum
1193 2209 1224 2265 in
1248 2207 1322 2263 Alto
1346 2205 1459 2279 lapide,
1482 2206 1514 2262 in

252 2308 328 2366 festo
353 2312 442 2368 beate
467 2313 637 2384 Margarete
662 2314 797 2384 virginis.
831 2315 920 2370 Anno
943 2313 1061 2370 domini
1084 2312 1320 2371 MCCCXXVII.

339 2428 420 2477 Liber
440 2430 507 2494 priv.
529 2438 640 2494 eppatus
653 2432 756 2494 zagrab.
771 2431 814 2479 fol.
834 2440 870 2484 17.
885 2430 914 2480 In
934 2430 1006 2482 arch.
1026 2430 1180 2496 archiepisc.

839 2663 928 2728 140.

355 2803 439 2857 Anno,
462 2810 535 2859 1327,
559 2812 595 2850 12.
616 2803 740 2852 octobris.
761 2803 914 2869 Zagrabiae.

292 2929 389 2986 Mikit
404 2933 488 2987 totius
511 2930 667 2988 Stavom'ac
689 2932 789 3001 tanus,
811 2933 923 2988 modum
945 2933 1145 2989 solvendarum
1168 2934 1340 2989 decimarum
1362 2933 1392 2988 in
1414 2933 1471 3006 epi·

683 3046 797 3110 stipatu
820 3038 937 3111 zagrub.
960 3039 1089 3095 instituit.

338 3178 449 3249 llykch
481 3180 580 3235 banus
611 3181 707 3237 tocius
738 3180 908 3251 Sclauonie,
940 3197 1043 3239 comes
1073 3183 1267 3253 symigiensis
1298 3190 1327 3238 et
1359 3181 1398 3238 de
1423 3178 1514 3238 Saris.

251 3284 408 3342 Universis
432 3286 625 3357 presencium
651 3287 794 3343 noticiam
816 3288 968 3345 habituris
985 3288 1116 3345 salutern
1134 3289 1164 3345 in
1181 3303 1226 3356 e0,
1244 3289 1296 3360 qui
1312 3294 1358 3344 est
1374 3287 1514 3344 omnium

250 3405 322 3446 vera
342 3391 433 3446 salus
459 3391 539 3447 lnter
562 3398 662 3448 cetera
686 3409 745 3463 que
769 3392 987 3450 sollicitudinis
1010 3399 1112 3450 nostre
1135 3408 1209 3451 cura
1235 3392 1400 3450 cottidiana
1418 3391 1515 3448 medi·

250 3496 366 3551 tacione
391 3495 526 3551 revolvit
550 3496 628 3553 illud
654 3499 786 3554 occurrit
810 3504 913 3555 nostre
943 3499 1199 3556 consideracionis
1223 3499 1416 3571 precipuum,
1440 3511 1515 3570 qua·

248 3601 318 3657 liter
344 3601 534 3657 venerandus
559 3601 730 3659 orthodoxe
754 3603 825 3660 fidei
847 3605 959 3671 cultus,
983 3603 1090 3661 debito
1112 3605 1238 3661 anobis
1262 3611 1292 3661 et
1315 3603 1434 3675 aregia
1449 3617 1514 3659 ma·

249 3707 354 3761 iestate
379 3707 467 3763 nobis
491 3708 663 3764 commissis
687 3709 797 3765 affectu
822 3709 934 3767 devoto
958 3718 988 3767 et
1012 3717 1174 3767 veneretur
1197 3716 1227 3766 et
1250 3710 1378 3766 colatur.
1401 3709 1447 3764 Ex
1478 3723 1515 3765 eo

251 3812 332 3867 enim
358 3818 457 3884 potest
481 3820 584 3869 noster
607 3819 635 3868 et
661 3814 749 3871 nobis
773 3816 987 3887 temporaliter
1010 3816 1248 3874 commissorum
1280 3815 1385 3886 augeri
1409 3820 1514 3883 status,

251 3919 275 3973 si
299 3918 364 3988 regi
388 3934 495 3988 regum
519 3927 607 3989 grato
631 3919 780 3991 obsequio
811 3936 1025 3990 occurramus;
1049 3937 1157 3979 revera
1188 3921 1281 3978 deum
1314 3921 1343 3977 in
1368 3920 1426 3977 hoc
1450 3934 1514 3976 ma·

251 4024 334 4079 xime
350 4024 411 4079 coli
428 4025 643 4096 prospicimus,
661 4024 784 4096 quando
800 4027 896 4083 iustas
911 4026 1055 4098 decimas,
1071 4043 1149 4100 quas
1164 4028 1223 4085 sibi
1240 4032 1360 4083 creator
1375 4025 1515 4083 omnium

251 4144 269 4184 a
292 4129 355 4184 suis
378 4128 525 4186 fidelibus
549 4131 579 4186 in
603 4131 725 4201 signum
750 4131 933 4189 universalis
965 4132 1093 4190 dominii
1127 4138 1307 4203 reservatas,
1330 4131 1515 4189 clericorum

251 4234 358 4289 usibus
381 4233 550 4307 deputavit,
574 4236 721 4292 ministris
751 4238 958 4308 zagrabiensis
988 4240 1125 4310 ecclesie,
1148 4239 1200 4311 qui
1231 4238 1345 4296 eisdem
1374 4237 1414 4294 ab
1437 4236 1513 4294 olim

252 4338 370 4396 fuerant
395 4339 575 4410 defraudati,
602 4342 736 4413 persolvi
762 4343 878 4415 integre
903 4359 1113 4416 procuramus.
1137 4344 1289 4417 Quamvis
1313 4344 1410 4401 eciam
1435 4359 1514 4402 sere·

248 4445 393 4501 nissimus
418 4446 560 4518 princeps
583 4446 727 4504 dominus
752 4448 892 4517 Karolus,
925 4447 974 4506 dei
1006 4450 1109 4522 gracia
1138 4449 1270 4506 illustris
1293 4464 1347 4506 rex
1371 4448 1514 4521 Vngarie,

249 4549 392 4608 dominus
415 4559 526 4622 noster,
549 4553 640 4609 nobis
663 4559 805 4611 oretenus
828 4561 857 4610 et
879 4569 936 4628 per
967 4555 1060 4627 plura
1090 4570 1218 4612 suarum
1242 4555 1329 4629 paria
1353 4555 1514 4613 literarum

249 4656 307 4713 hoc
330 4656 412 4713 idem
441 4657 664 4730 perficiendum
688 4675 758 4716 cum
783 4659 903 4730 effectu,
926 4660 993 4717 zelo
1016 4659 1195 4719 devocionis
1218 4676 1372 4732 accensus,
1396 4659 1516 4722 dederit

250 4763 280 4819 in
308 4762 466 4820 mandatis.
492 4763 586 4835 Igitur
611 4773 731 4822 matura
754 4765 976 4823 deliberatione
1000 4766 1165 4840 prehabita
1187 4764 1391 4837 decrevimus,
1413 4771 1448 4825 ut
1470 4767 1515 4825 in·
