3488 5242
234 356 307 433 230·
655 340 727 397 Dor.
751 353 820 417 245.
839 374 881 381 —
902 341 958 397 An.
981 336 1072 418 1364.

233 539 326 595 hanni
351 537 499 595 fratribus
521 538 584 594 suis
607 553 643 594 ac
666 537 808 610 ipsorum
837 537 1010 607 heredibus
1044 538 1255 610 heredumque
1282 555 1409 596 suorum
1435 558 1501 598 suc·

233 644 406 701 cessoribus
438 643 589 713 dedimus,
621 644 809 701 contulimus
840 652 869 700 et
902 644 1095 714 donavimus,
1128 644 1339 717 hedificiisque
1372 653 1401 702 ct
1432 647 1502 704 aliis

234 751 371 808 balneali
394 750 489 807 domo
507 752 684 807 necessariis
701 747 930 822 apponendum,
947 749 1165 820 decorandum,
1187 752 1292 823 sicque
1316 769 1372 825 per
1396 768 1448 808 eos
1472 762 1502 810 et

234 859 375 930 ipsorum
406 863 546 929 posteros
578 857 644 913 iure
680 864 828 930 perpetuo
864 855 1095 929 possidendum,
1127 858 1292 914 tenendum
1327 860 1441 932 pariter
1471 866 1501 915 et

235 962 422 1032 habendum,
447 963 488 1020 ita
513 969 631 1019 tamen:
655 962 739 1034 quod
762 962 846 1018 idem
862 961 1007 1018 dominus
1033 963 1145 1019 Paulus
1169 970 1198 1019 et
1223 963 1332 1020 fratres
1355 965 1402 1020 sui
1419 971 1501 1021 ante·

235 1069 309 1126 dicti
331 1084 367 1125 ac
390 1084 497 1125 eorum
522 1068 650 1124 heredes
674 1068 724 1124 vel
748 1068 801 1125 alii
827 1068 924 1140 ipsius
941 1067 1044 1124 balnei
1061 1083 1254 1140 possessores
1270 1069 1399 1141 singulis
1415 1071 1502 1126 annis

235 1177 267 1232 in
291 1174 368 1232 testo
400 1175 636 1231 resurreccionis
668 1174 793 1244 domini,
828 1174 869 1230 ab
897 1189 977 1230 anno
1001 1174 1139 1231 eiusdem
1164 1176 1333 1232 millesimo
1357 1181 1502 1234 tercente-

235 1282 315 1339 simo
346 1281 538 1353 sexagesimo
570 1288 658 1337 sexto
689 1279 871 1353 incipiendo,
894 1295 952 1353 pro
983 1295 1073 1336 censu
1107 1296 1208 1337 annuo
1232 1281 1328 1354 ipsius
1352 1283 1413 1339 loci
1437 1282 1504 1338 bal-

235 1389 332 1445 nealis
346 1395 479 1461 quatuor
494 1402 605 1460 pensas
621 1386 819 1443 denariorum
845 1397 967 1443 monete
983 1402 1040 1459 pro
1058 1394 1198 1460 tempore
1214 1387 1373 1458 currentis,
1385 1403 1502 1444 necnon

236 1477 342 1552 ter'in
374 1508 454 1550 anno
485 1509 541 1566 per
571 1491 678 1548 decem
702 1491 852 1560 denarios,
875 1492 996 1548 racione
1027 1507 1201 1563 munerum,
1225 1492 1315 1548 nobis
1338 1498 1368 1549 et
1391 1494 1503 1549 nostris

235 1599 448 1657 succesoribus
469 1599 542 1655 dare
563 1600 748 1655 tenebuntur
760 1604 790 1654 et
801 1597 1037 1656 amministrare.
1055 1597 1127 1655 licet
1143 1598 1246 1671 primo
1261 1614 1369 1655 census
1385 1615 1504 1655 annuus

236 1706 309 1763 dicti
334 1705 436 1761 balnei
459 1710 578 1761 tantum
601 1703 642 1760 ad
665 1705 823 1776 sexaginta
847 1703 988 1760 denarios
1011 1703 1111 1760 suerat
1134 1711 1347 1777 computatus;
1370 1707 1428 1762 hoc
1452 1723 1502 1762 ex-

238 1827 354 1885 press0,
378 1811 460 1882 quod
486 1809 568 1868 idem
593 1809 737 1866 dominus
760 1810 874 1866 Paulus
898 1815 927 1865 et
952 1809 1062 1866 iratres
1085 1810 1132 1867 sui
1156 1810 1286 1882 predicti
1308 1827 1364 1884 per
1382 1812 1504 1868 balnea·

239 1926 338 1976 torem
370 1918 435 1974 sive
467 1932 588 1973 rasores
619 1916 649 1972 in
681 1915 791 1972 eodem
823 1917 934 1972 balneo
970 1916 1145 1986 residentes,
1169 1917 1258 1973 nobis
1292 1923 1322 1974 et
1356 1913 1504 1975 fratribus

237 2024 350 2081 nostris
374 2023 424 2079 vel
448 2024 479 2079 in
502 2024 594 2079 stuba
618 2022 753 2079 balneali
778 2022 829 2079 vel
853 2023 883 2078 in
907 2022 1001 2078 domo
1026 2027 1137 2093 nostra,
1155 2023 1230 2079 dum
1247 2039 1303 2096 per
1319 2035 1374 2080 nos
1392 2024 1505 2081 suerint

237 2130 386 2203 requisiti,
410 2130 441 2186 in
464 2128 595 2200 singulis
619 2127 780 2199 quindenis
803 2128 940 2200 exceptis
964 2127 1073 2185 diebus
1097 2128 1172 2185 ferie
1196 2134 1305 2201 quarte
1329 2135 1358 2185 et
1382 2131 1503 2187 sabbati

237 2245 267 2294 et
291 2237 320 2293 in
344 2236 457 2308 quibus
480 2249 541 2292 non
564 2233 689 2306 expedit
713 2234 815 2305 ipsum
840 2240 942 2306 petere
964 2249 1101 2290 rasorem
1129 2233 1168 2290 ad
1187 2234 1367 2304 radendum,
1385 2236 1506 2293 mittere

238 2343 423 2400 tenebuntur
446 2347 476 2397 et
499 2340 672 2409 debebunt;
696 2354 754 2413 pro
774 2339 930 2411 sanguinis
946 2341 1043 2396 eciam
1072 2340 1244 2397 minucione
1261 2341 1401 2412 quolibet
1417 2357 1505 2412 anne,

238 2450 263 2506 si
295 2464 418 2505 necesse
450 2446 551 2517 fuerit,
583 2450 716 2519 quatuor
746 2446 867 2503 vicibus
898 2446 1084 2503 balneorum
1115 2447 1284 2503 minutores
1321 2448 1506 2505 tenebuntur

238 2555 328 2612 nobis
353 2553 535 2627 providere;
558 2554 617 2610 hoc
640 2567 700 2609 non
725 2553 932 2624 pretermisso
963 2552 1046 2624 quod
1079 2551 1337 2625 quandocumque
1368 2554 1505 2625 predicta

238 2661 329 2717 stuba
342 2660 445 2717 balnei
458 2660 567 2716 dicbus
588 2658 739 2715 consvetis
760 2673 817 2732 pro
838 2657 1017 2715 balneandis
1038 2658 1216 2715 hominibus
1237 2658 1385 2716 calefacta
1406 2660 1505 2725 luerit,

239 2780 294 2822 nos
310 2772 340 2822 et
356 2765 466 2822 fratres
486 2765 584 2822 nostri
605 2764 737 2821 liberam
753 2764 938 2820 habebimus
951 2763 979 2819 in
994 2763 1121 2820 eandem
1137 2763 1279 2833 intrandi,
1292 2779 1382 2820 causa
1401 2765 1505 2821 balne-

239 2872 312 2928 andi
334 2873 453 2943 absque
476 2871 632 2928 solucione
652 2869 791 2943 aliquali,
819 2868 1014 2938 lacultatem;
1031 2875 1060 2926 et
1084 2870 1167 2942 quod
1193 2871 1352 2927 balneator
1377 2871 1505 2944 predicti

241 2978 344 3035 balnei
360 2985 390 3034 et
406 2977 571 3034 servitores
589 2977 620 3034 in
635 2976 745 3033 eodem
762 2977 925 3054 existentes
941 2976 1030 3032 nobis
1047 2975 1151 3032 debita
1167 2981 1197 3032 et
1214 2983 1358 3032 consveta
1378 2977 1507 3034 servicia

240 3083 527 3152 amministrabunt;
543 3082 650 3139 dantes
668 3089 698 3139 et
713 3082 912 3139 concedentes
928 3082 1147 3138 nichilominus
1163 3090 1267 3138 nostro
1283 3090 1312 3139 et
1331 3090 1505 3139 nostrorum

242 3204 454 3246 successorum
477 3189 654 3246 nominibus
678 3189 825 3260 predictis
842 3188 968 3245 domino
984 3187 1081 3244 Paulo
1098 3195 1127 3243 et
1143 3189 1206 3244 suis
1224 3187 1372 3245 iratribus
1390 3190 1506 3247 dictum

242 3296 346 3352 locum
372 3296 547 3352 balnealem
571 3311 641 3351 cum
665 3295 817 3351 universis
846 3293 997 3351 hedificiis
1026 3294 1228 3366 preparandis
1253 3301 1282 3350 et
1306 3295 1507 3353 hedificandis

242 3403 272 3458 in
304 3402 421 3470 eodem,
453 3401 616 3471 vendendi,
647 3401 790 3470 donandi,
822 3400 953 3472 legendi,
990 3401 1120 3469 locandi,
1153 3401 1312 3472 obligandi
1346 3408 1376 3458 et
1407 3403 1507 3459 modis

241 3507 387 3564 omnibus
410 3522 468 3579 pro
492 3523 546 3563 sue
570 3507 659 3564 libito
684 3506 861 3576 voluntatis,
894 3506 988 3562 salvis
1021 3512 1050 3562 et
1073 3505 1170 3563 illesis
1202 3507 1346 3579 predictis
1370 3508 1507 3563 serviciis

242 3613 332 3669 nobis
356 3612 520 3684 provenire
544 3612 737 3682 debentibus
760 3613 933 3683 reservatis,
958 3611 1141 3684 disponendi
1163 3613 1294 3669 liberam
1320 3613 1505 3669 facultatem.

243 3717 275 3775 Si
299 3733 374 3774 vero
398 3717 478 3775 idem
504 3718 647 3775 dominus
680 3718 792 3775 Paulus
817 3719 867 3775 vel
898 3719 952 3774 alii
983 3733 1176 3791 possessores
1205 3719 1301 3791 ipsius
1326 3719 1428 3775 balnei
1451 3721 1506 3776 ali-

244 3840 337 3896 quem
360 3825 526 3881 terminum
551 3825 750 3882 obmitterent
773 3825 904 3897 predicti
927 3841 1034 3881 census
1055 3825 1085 3881 in
1110 3824 1268 3894 solvendo,
1293 3841 1351 3897 pro
1368 3827 1507 3897 qualibet

242 3932 400 3990 solucione
423 3933 560 3989 obmissa
585 3947 697 4005 penam
720 3931 832 4005 duppli
853 3931 1008 3987 incurrent
1024 3931 1092 4003 ipso
1118 3930 1213 3999 facto;
1237 3932 1387 4003 premissa
1403 3937 1505 3987 autem

201 4086 207 4097 .
243 4039 347 4096 omnia
379 4043 408 4094 et
439 4037 561 4109 singula
593 4038 818 4110 premissorum
849 4053 903 4094 nos
934 4044 964 4093 et
995 4048 1116 4093 nostros
1143 4053 1332 4093 successores
1357 4043 1508 4109 perpetuo

243 4144 466 4201 inviolabiliter
502 4152 531 4200 et
567 4144 812 4200 irrevocabiliter
846 4159 882 4199 ac
917 4142 1049 4199 firmiter
1084 4143 1303 4199 observaturos
1340 4149 1507 4215 spontanea

244 4249 421 4321 obligamus
445 4250 612 4306 voluntate.
646 4250 678 4306 ln
710 4250 796 4306 cuius
827 4249 872 4305 rei
905 4249 1116 4305 testimonium
1147 4249 1341 4320 presentibus
1368 4249 1507 4319 sigillum

243 4363 383 4414 nostrum
417 4364 446 4413 et
476 4357 572 4413 nostri
606 4365 781 4425 conventus,
816 4362 848 4413 ut
880 4355 976 4411 robur
1007 4361 1155 4427 perpetue
1183 4355 1339 4411 firmitatis
1362 4355 1507 4426 optineat,

244 4463 389 4520 duximus
404 4462 614 4536 appendenda.
632 4463 747 4519 Datum
762 4463 792 4518 in
809 4462 994 4518 monasterio
1008 4467 1112 4518 nostro
1125 4460 1272 4533 predict0,
1287 4461 1362 4517 seria
1376 4459 1509 4516 secunda

244 4568 388 4642 proxima
411 4577 481 4640 post
504 4568 674 4640 quindenas
696 4567 787 4624 Pasce
803 4567 928 4624 domini.
946 4565 1035 4624 Anno
1052 4566 1189 4623 eiusdem
1207 4566 1372 4622 MCCCLX
1388 4571 1507 4637 quarto.

335 4703 475 4769 Originalc
496 4703 521 4752 in
541 4703 698 4752 membrana.
717 4701 841 4766 Sigillum
861 4717 876 4751 a
895 4717 958 4752 zona
977 4702 1077 4751 sericea
1097 4701 1177 4752 viridi
1199 4702 1336 4765 dependet.
1356 4700 1385 4750 In
1399 4698 1508 4749 archivo

247 4790 306 4841 hon.
327 4790 435 4856 collegii
455 4789 719 4848 Praebendariorum‚
737 4788 909 4855 Zegrabiae.·
