3488 5242
245 325 304 385 242
664 302 737 360 Doc.
760 312 829 378 253.
855 333 892 343 -
918 301 974 358 An.
999 309 1083 378 1371.

242 503 340 561 biensi
374 518 429 560 seu
463 501 609 576 capitulo,
633 499 803 572 capellanis
832 498 945 556 nostris
976 496 1132 567 fidelibus,
1163 513 1249 556 mera
1278 504 1383 556 nostra
1418 498 1503 571 regia

241 610 421 666 auctoritate
445 606 608 678 mediante,
640 611 675 663 ut
703 605 763 679 ipsi
794 604 832 663 de
863 612 964 662 cetero
995 603 1104 661 eodem
1135 605 1240 676 sigillo
1263 619 1345 662 novo
1368 621 1425 678 per
1449 620 1505 662 nos

241 715 316 788 ipsis
348 729 492 771 concesso
522 714 552 770 in
584 711 729 769 omnibus
760 711 895 783 negociis
925 709 1155 782 regnicolarum
1181 718 1359 768 nostrorum
1383 717 1412 768 et
1435 710 1505 768 aliis

240 829 334 895 prout
356 828 444 877 antea
467 825 498 876 et
520 824 621 875 cetera
645 818 712 875 loca
735 816 953 874 testimonialia
984 822 1054 873 sunt
1085 815 1177 873 solita
1204 817 1362 890 perpetuis
1385 822 1505 889 tempo

192 924 197 935 ’
240 927 327 983 ribus
349 926 512 999 pociantur
535 930 565 982 et
587 929 714 981 utantur
736 938 774 979 ex
798 922 948 995 presentis
978 927 1082 978 nostre
1110 922 1313 979 concessionis
1336 922 1504 979 annuencia

240 1033 376 1106 speciali.
400 1032 515 1089 Datum
540 1031 570 1088 in
588 1028 786 1102 Wyssegrad,
809 1028 840 1086 in
863 1027 942 1085 festo
958 1028 1039 1085 beati
1061 1028 1184 1085 Martini
1208 1026 1398 1085 confessoris.
1416 1029 1505 1084 Anno

240 1138 358 1195 domini
382 1137 550 1195 millesimo
574 1134 737 1192 CCCLXX
760 1134 871 1207 primo.

329 1271 469 1336 Originale
494 1270 520 1320 in
544 1269 702 1323 membrana.
722 1283 737 1317 a
757 1274 833 1334 tergo
858 1266 1000 1332 vestigium
1026 1267 1145 1332 impressi
1165 1266 1274 1317 maioris
1293 1266 1385 1330 sigilli.
1409 1266 1439 1316 In
1464 1282 1504 1317 ar-

241 1360 319 1409 chivo
337 1376 394 1410 ven.
414 1374 469 1425 cap.
489 1359 593 1424 zagrab.
612 1358 673 1409 fasc.
696 1365 734 1415 13.
754 1372 792 1406 nr.
811 1367 852 1419 92.

330 1500 401 1561 Quia
419 1500 460 1549 his
479 1499 576 1549 litteris
594 1497 711 1563 capitulo
730 1496 894 1563 aagrabiensi
914 1496 1031 1561 sigillum
1044 1510 1141 1546 novum
1160 1511 1174 1544 a
1193 1511 1256 1562 rege
1275 1511 1424 1547 concessum
1440 1504 1504 1554 erat,

240 1589 331 1655 operis
351 1588 466 1654 pretium
491 1603 546 1635 esse
570 1600 670 1643 censeo,
694 1590 791 1634 statuta
816 1584 927 1649 capituli
950 1581 1066 1635 eiusdem
1092 1583 1158 1648 (vid.
1187 1584 1281 1634 Statut.
1301 1584 1378 1649 capit.
1399 1586 1503 1650 zagrab.

240 1684 308 1742 part.
329 1677 347 1726 I.
368 1692 388 1725 e.
408 1676 453 1725 IV.
474 1675 543 1724 Mon.
563 1673 622 1722 hist.
643 1673 721 1737 episc.
741 1673 845 1738 zagrab.
865 1671 899 1722 11.
920 1687 979 1737 pag.
1003 1673 1055 1736 14.)
1074 1674 1106 1721 de
1126 1674 1304 1723 conservendo
1321 1673 1413 1737 sigillo
1426 1682 1506 1737 atque

241 1768 272 1814 de
296 1765 384 1830 pretio
410 1779 460 1828 pro
485 1779 533 1811 usu
563 1761 646 1827 sigilli
675 1762 810 1816 solvendo
839 1760 882 1809 hic
902 1760 993 1825 paucis
1013 1759 1128 1809 referre:
1161 1760 1316 1826 „(Sigillum
1344 1762 1505 1826 capitulare)

241 1854 360 1903 adminus
379 1858 479 1917 septem
497 1849 614 1900 canonici
635 1849 661 1898 in
680 1855 748 1899 etate
774 1856 800 1898 et
822 1848 983 1898 discrecione
1012 1848 1092 1913 positi
1117 1847 1266 1905 sufficienti,
1292 1850 1393 1914 possint
1420 1850 1505 1915 ruptis

241 1942 366 2008 inpressis
393 1941 499 2007 sigillis,
519 1941 551 1988 de
574 1937 666 2004 pixide
688 1938 811 2003 excipere
833 1943 858 1986 et
884 1953 942 1986 cum
966 1953 997 1986 co
1019 1938 1122 1987 litteras
1146 1937 1263 1987 comunis
1287 1937 1391 1987 iusticie
1417 1939 1443 1987 in
1464 1954 1502 1988 ca·

241 2046 312 2080 mera
332 2029 450 2080 sacristie
476 2028 596 2092 sigillare
621 2033 647 2075 et
672 2027 768 2075 iterum
791 2026 879 2075 statim
901 2041 1030 2091 reponere
1052 2025 1078 2075 in
1100 2026 1219 2091 pixidem
1241 2033 1267 2076 et
1286 2041 1332 2074 sua
1355 2026 1444 2090 sigilla
1464 2042 1505 2075 su·

240 2134 395 2185 perponere‚
427 2123 506 2182 prout
535 2114 593 2165 fieri
622 2114 763 2164 conscevit.
785 2115 827 2162 xd
845 2113 1001 2179 sigillandas
1020 2119 1106 2163 autem
1132 2115 1234 2163 litteras
1261 2114 1351 2179 gracie
1376 2116 1419 2164 vel
1439 2115 1504 2165 alias

240 2208 444 2271 qualescumque
469 2219 520 2253 non
539 2203 617 2252 liceat
642 2209 682 2252 tot
706 2201 826 2266 personis
849 2201 968 2267 sigillum
994 2202 1117 2265 excipere
1137 2203 1169 2250 de
1191 2201 1290 2267 pixide,
1314 2202 1363 2251 nisi
1391 2210 1418 2252 ut
1439 2203 1505 2252 iuris

240 2303 285 2351 est,
305 2309 337 2342 ex
363 2291 472 2341 maioris
495 2289 579 2356 partis
604 2289 715 2355 capituli
742 2305 866 2338 consensu
892 2289 957 2352 quid
985 2290 1036 2338 iam
1062 2289 1142 2339 fuerit
1171 2288 1322 2347 diffinitum,
1352 2296 1377 2339 ct
1406 2291 1443 2339 sic
1462 2291 1504 2339 lit·

240 2389 295 2432 tere
314 2379 466 2430 huiusmodi
491 2379 589 2427 suerint
614 2377 769 2442 sigillande;
790 2377 839 2427 hoc
864 2393 967 2443 semper
988 2379 1158 2431 advertendo,
1178 2377 1199 2426 si
1220 2380 1272 2427 tale
1291 2378 1355 2441 quid
1380 2379 1504 2433 evenerit,

240 2471 286 2520 ubi
306 2469 423 2520 omniurn
443 2469 475 2517 de
496 2467 613 2531 capitulo
633 2481 771 2515 cousensus
790 2465 871 2515 fuerit
891 2466 1072 2529 requirendus,
1093 2467 1118 2515 in
1138 2482 1191 2528 quo
1218 2481 1279 2515 casu
1299 2476 1398 2516 cessant
1417 2467 1504 2517 omnia

240 2558 400 2623 supradicta.
420 2555 507 2621 Ipsius
526 2561 612 2603 autem
632 2553 716 2620 sigilli
735 2553 818 2603 nostri
839 2554 959 2604 redditus
977 2570 1022 2603 seu
1040 2562 1184 2619 proventus
1204 2556 1268 2603 tales
1282 2554 1412 2604 existunt:
1432 2557 1504 2618 quod

239 2647 262 2695 si
288 2661 367 2710 super
393 2643 604 2707 quibuscumque
630 2641 850 2706 expedicionibus
875 2642 1057 2692 indifferenter
1083 2658 1317 2706 quorumcumque,
1343 2643 1423 2693 salvis
1445 2643 1503 2699 hiis,

240 2749 291 2797 que
310 2738 452 2795 sequentur
471 2731 575 2786 litteris
596 2730 682 2794 ipsum
700 2729 820 2795 sigillum
833 2730 1002 2794 appenditur,
1015 2731 1116 2779 solueio
1130 2730 1323 2794 redempcionis
1340 2731 1503 2796 singularum

239 2820 391 2869 huiusmodi
410 2819 560 2868 litterarum
581 2833 630 2882 pro
649 2817 725 2867 nobis
745 2818 823 2867 debet
842 2818 1012 2867 denariorum
1037 2818 1170 2867 baualium
1190 2817 1250 2874 XL,
1269 2835 1383 2881 quorum
1403 2819 1502 2883 singuli

240 2910 343 2958 valeant
362 2907 417 2957 XII
436 2908 561 2972 parvulos
580 2906 719 2971 bagatinos
738 2907 779 2955 vel
799 2907 832 2954 ad
852 2913 952 2955 lantum
972 2907 1089 2955 valorem
1108 2921 1243 2955 comunem
1257 2908 1434 2971 zagrabiensis
1448 2923 1501 2957 mo-

239 3003 297 3045 nete
316 2992 426 3044 alterius
446 2994 640 3056 cuiuscumque.
666 2994 707 3042 Ad
731 2993 854 3042 ultimum
880 3000 991 3058 propter
1017 3001 1133 3043 monetas
1152 2994 1270 3043 diversas
1291 2995 1375 3044 visum
1395 2995 1453 3052 suit,
1473 3005 1501 3046 ut

240 3100 305 3132 unus
325 3084 435 3132 ducatus
452 3084 493 3131 vel
513 3083 546 3130 ad
575 3082 631 3131 eius
651 3084 767 3131 valorem
793 3096 936 3138 comunem,
962 3083 994 3130 ue
1018 3088 1120 3132 moneta
1146 3083 1261 3132 currenti
1282 3082 1327 3132 fiat
1346 3084 1455 3135 solucio.
1475 3091 1503 3133 ut

239 3173 370 3221 solutores
388 3186 440 3220 non
460 3171 616 3219 contendant
636 3171 668 3217 de
689 3172 779 3218 valore
799 3170 991 3233 bagatinorum.
1013 3171 1070 3219 lloc
1090 3177 1176 3219 autern
1199 3186 1231 3218 ex
1251 3187 1318 3219 nunc
1337 3172 1504 3220 decernimus

239 3261 386 3317 statuendo,
405 3261 476 3321 quod
501 3275 550 3324 pro
575 3258 683 3306 illarum
708 3258 858 3306 litterarum
884 3257 1076 3322 redempcione.
1100 3274 1151 3319 que
1179 3273 1258 3322 super
1283 3258 1390 3322 prediis,
1417 3259 1502 3313 terris.

240 3347 322 3397 vineis
342 3349 383 3397 vel
403 3347 463 3396 aliis
483 3347 586 3396 iuribus
606 3346 631 3395 in
651 3346 749 3396 uostris
768 3345 913 3394 territoriis
933 3346 1099 3407 ubicumque,
1113 3360 1226 3407 quorum
1240 3345 1405 3408 singulorum
1427 3349 1502 3396 valor

239 3437 345 3498 quaudo
364 3436 389 3485 in
409 3435 505 3484 litteris
526 3435 589 3500 ipsis
608 3434 778 3499 exprimitur,
797 3434 863 3482 alias
882 3433 1095 3482 consideracione
1116 3433 1196 3497 legali
1217 3433 1313 3486 habita.
1335 3440 1387 3481 tres
1402 3449 1502 3482 marcas

239 3528 341 3572 monete
361 3524 480 3588 predicte
499 3522 614 3587 attingit.
634 3522 689 3571 sive
714 3522 880 3586 appendatur
906 3520 1024 3584 sigillum
1051 3520 1106 3570 sive
1130 3535 1181 3568 non
1210 3519 1391 3577 conficiuntur,
1411 3522 1501 3569 eadem

239 3611 340 3659 solucio
360 3612 494 3660 debeatur.
516 3611 545 3659 ln
564 3616 630 3672 quot
649 3610 743 3658 marcis
768 3616 854 3658 autern
881 3608 984 3657 excedit
1010 3610 1086 3658 valor
1108 3608 1295 3670 cuiuscumque
1315 3610 1347 3656 de
1367 3610 1501 3673 premissis

239 3698 309 3762 ipsas
328 3704 382 3748 tres
401 3712 508 3753 mareas,
536 3704 575 3747 tot
603 3699 721 3762 pondera
746 3696 848 3761 argenti
876 3696 902 3745 id
929 3702 968 3745 est
992 3696 1108 3759 quinque
1134 3697 1235 3745 denarii
1263 3697 1333 3751 boni.
1353 3698 1502 3759 dequibus

239 3802 326 3850 supra.
347 3787 379 3835 ad
399 3787 559 3835 solucionem
579 3787 703 3835 accedant
722 3785 876 3850 predictam,
895 3791 922 3834 et
940 3784 978 3834 sic
996 3785 1029 3833 ad
1048 3784 1167 3849 singulos
1181 3785 1302 3834 denarios
1315 3786 1500 3849 quadraginta,

238 3874 336 3937 singuli
356 3874 456 3923 denarii
478 3874 582 3924 venient
601 3875 785 3939 computando.
806 3873 913 3923 Solucio
933 3880 1018 3922 autem
1032 3888 1082 3937 pro
1096 3873 1280 3937 redempcione
1300 3872 1407 3922 illarum
1426 3873 1500 3936 sigil-

239 3963 352 4011 latarum
372 3963 404 4010 ad
424 3963 539 4020 dorsum,
559 3977 623 4024 quas
642 3976 722 4026 super
741 3961 832 4023 aliquo
852 3961 885 4009 de
903 3959 1059 4026 prescriptis
1078 3974 1129 4009 nou
1141 3959 1287 4024 attingente
1301 3962 1418 4010 valorem
1434 3976 1499 4009 mar-

238 4064 327 4098 carum
348 4050 427 4099 trium
447 4050 540 4100 confici
561 4049 703 4113 contingat,
724 4050 784 4099 talis
803 4048 862 4099 fiat:
881 4049 953 4111 quod
973 4063 1023 4113 pro
1042 4048 1118 4097 nobis
1132 4047 1233 4096 denarii
1249 4047 1303 4096 XII
1318 4049 1498 4098 tantummodo

239 4140 416 4195 exsolvantur,
436 4139 481 4201 qui
501 4145 530 4187 ut
549 4139 595 4187 alii
622 4138 753 4203 prenotati
781 4138 892 4186 debeant
918 4136 986 4185 inter
1012 4137 1072 4185 illos
1098 4151 1130 4184 ex
1161 4135 1236 4185 nobis
1256 4136 1386 4198 equaliter
1406 4137 1499 4189 dividi.

239 4225 284 4287 qui
305 4226 403 4290 singuli
431 4227 535 4276 comuni
556 4225 725 4276 interfuerint
742 4225 925 4290 personaliter,
951 4225 1000 4274 uisi
1026 4224 1124 4287 aliquis
1142 4231 1201 4273 ante
1221 4223 1290 4272 iores
1319 4224 1428 4272 ecclesie
1448 4239 1500 4272 ma·

239 4313 304 4362 ioris
324 4315 365 4363 vel
386 4314 455 4363 cirea
475 4314 541 4363 hauc
561 4321 678 4379 tempore
698 4313 872 4378 sigillacionis
892 4311 980 4369 fucrit,
999 4312 1114 4361 nesciens
1128 4311 1230 4374 aliquid
1250 4313 1392 4369 decadem,
1408 4313 1500 4374 inquo

238 4417 298 4451 casu
318 4403 423 4452 racione
442 4403 565 4462 dictante,
584 4418 630 4452 sua
648 4403 774 4468 porcione
796 4402 821 4451 in
841 4401 893 4451 hiis
912 4416 963 4450 non
983 4402 1077 4450 debeat
1095 4400 1257 4449 defraudari.
1274 4400 1400 4449 Notarius
1413 4408 1500 4449 autem

237 4498 326 4539 noster
345 4506 396 4540 non
415 4492 509 4540 audeat
528 4492 561 4540 ad
580 4491 752 4556 sigillandum
771 4490 868 4540 offerre
893 4489 996 4539 litteras
1023 4488 1182 4546 huiusmodi,
1208 4491 1291 4538 donee
1310 4489 1440 4553 receperit
1460 4506 1498 4539 re-

238 4577 400 4642 dempcionis
419 4593 509 4627 earum
529 4578 647 4628 totaliter
666 4578 776 4643 capituli
803 4577 962 4643 porcionem.
988 4578 1044 4626 llec
1068 4585 1153 4626 tamen
1179 4578 1301 4627 nolumus
1320 4586 1446 4639 quantum
1466 4579 1499 4627 ad

238 4665 385 4716 soluciones
404 4666 509 4716 extendi
530 4666 557 4716 in
576 4667 667 4729 aliquo
684 4667 718 4716 ad
737 4667 847 4721 litteras.
871 4680 936 4728 quas
961 4681 994 4714 ex
1019 4664 1095 4714 nobis
1114 4664 1273 4728 quicumque
1293 4679 1417 4729 processu
1436 4672 1499 4715 tem·

237 4754 312 4821 poris
330 4754 423 4804 habuit
441 4769 521 4821 super
539 4755 643 4806 iuribus
662 4755 715 4805 sibi
733 4755 943 4820 competentibus
962 4751 1176 4817 quoquomodo.“
