3488 5242
238 332 297 401 258
664 329 737 386 Doc.
759 325 829 405 267.
855 363 892 372 —
919 329 1085 407 An01577.

325 434 541 441 -.----.-v-—.-
813 435 1218 441 ——..-—..-..-—-——.-.--.
1247 434 1494 440 ——-—......-—.-.

237 529 430 601 presentibus
454 528 681 602 apponendum.
712 529 829 587 Datum
860 529 1012 601 vigesimo
1043 529 1151 601 quinto
1175 528 1224 585 die
1248 529 1361 597 mensis
1385 528 1500 601 aprilis.

237 635 326 691 Anno
350 633 468 691 domini
490 634 659 691 millesimo
682 633 911 692 CCCLXXVH.

323 768 345 816 E
365 775 528 833 transumpto
547 768 716 832 magistratus
735 767 850 819 civitatis
869 769 1026 819 Grechensis
1045 769 1231 834 zagrabiensis
1250 785 1317 820 auno
1339 771 1411 828 1378.

824 1019 910 1087 267.

342 1108 418 1156 Auno
441 1114 513 1164 1377,
533 1119 557 1167 9.
576 1104 646 1154 maii.
667 1104 755 1155 Crisii.

236 1236 343 1293 I'etrus
381 1234 491 1303 annr,
528 1235 613 1306 regni
642 1232 799 1290 Slannniae
831 1233 931 1302 bonus,
963 1236 1059 1291 comiti
1090 1232 1275 1307 narrabiensi
1306 1243 1334 1292 ct
1365 1235 1502 1293 indicibus

237 1342 380 1410 nobilium,
411 1348 444 1397 nt
476 1343 629 1416 inquirant
654 1341 689 1397 de
717 1341 887 1416 quibusdam
917 1342 1042 1416 nefariis
1073 1342 1224 1400 insultibus
1253 1343 1375 1416 capituli
1398 1361 1501 1417 angra-

727 1447 837 1517 bicnsis,
853 1448 1005 1521 praecipit.

326 1591 492 1648 Nobilibus
521 1591 598 1648 viris
629 1592 777 1663 magistro
808 1589 936 1648 Nicolao
968 1590 1007 1647 de
1030 1591 1145 1661 Virtus,
1176 1592 1281 1649 comiti
1311 1592 1502 1664 zagrabiensi

238 1702 267 1754 et
290 1697 444 1755 iudicibus
468 1697 620 1754 nobilium
637 1698 801 1755 comitatus
816 1695 963 1766 eiusdem,
988 1697 1096 1754 Petrus
1111 1696 1223 1753 dear
1237 1698 1324 1770 regni
1340 1697 1501 1756 Sclauonie

238 1804 344 1872 banus,
378 1803 555 1860 dileccionis
592 1802 815 1875 plenitudinem
850 1818 921 1858 cum
956 1803 1063 1860 salute.
1099 1803 1221 1861 Dicitur
1251 1804 1341 1861 nobis
1371 1805 1400 1861 in
1432 1820 1501 1877 per-

237 1911 319 1967 sonis
342 1908 545 1982 providorum
570 1909 709 1965 virorum
740 1907 858 1978 iudicis,
886 1909 1059 1966 iuratorum
1086 1914 1115 1965 et
1142 1909 1357 1967 universorum
1385 1910 1501 1967 civium

166 2052 170 2060 -
237 2016 370 2074 civitatis
400 2015 607 2088 zagrabiensis
637 2014 675 2071 de
707 2013 817 2085 Grech‚
849 2013 933 2086 quod
964 2014 1087 2087 pridem
1118 2014 1194 2071 feria
1225 2017 1332 2087 quinta
1358 2016 1501 2088 proxima

237 2127 307 2179 ante
323 2121 434 2178 festum
453 2122 534 2178 beati
550 2120 676 2192 Georgii
693 2121 836 2200 martiris
853 2121 995 2193 proxime
1014 2123 1168 2193 preterita,
1186 2122 1357 2193 capitulum
1374 2121 1502 2178 ecclesie

237 2228 451 2299 zagrabiensis,
475 2241 581 2284 eorum
606 2226 746 2298 nequicia
768 2226 965 2298 precogitata
997 2227 1101 2283 animo
1122 2225 1300 2296 furibundo,
1324 2227 1502 2284 hominibus

238 2333 378 2406 ipsorum
401 2333 587 2390 transmissis
619 2331 658 2389 ad
690 2331 811 2388 Novam
843 2332 961 2401 villam,
993 2348 1053 2404 que
1083 2340 1128 2388 est
1159 2333 1189 2389 in
1221 2334 1375 2391 territorio
1406 2333 1502 2405 ipsius

237 2439 370 2495 civitatis
391 2438 507 2495 scilicet
530 2438 644 2495 montis
667 2435 859 2508 Grechensis,
882 2452 981 2510 prope
1003 2436 1134 2495 fluvium
1157 2437 1247 2508 Zaua,
1276 2439 1502 2497 habitatoribus

238 2544 268 2602 in
292 2545 400 2603 eadem
423 2545 632 2615 existentibus,
656 2543 740 2600 clara
763 2543 840 2613 luce,
861 2545 942 2601 recia
966 2544 1098 2616 piscaria
1120 2559 1196 2601 ausu
1217 2546 1381 2602 temerario
1398 2547 1502 2602 abstu-

239 2651 345 2709 lissent
368 2661 397 2708 et
430 2651 653 2709 demactassent
683 2666 719 2708 ac
742 2649 894 2723 quosdam
917 2665 955 2706 ex
979 2650 1054 2722 ipsis
1077 2650 1245 2707 crudeliter
1279 2652 1501 2709 verberassent.

238 2758 306 2814 Hiis
336 2772 397 2814 non
427 2758 570 2828 contenti,
603 2756 695 2814 iidem
727 2758 867 2814 homines
897 2757 970 2814 dicti
1001 2757 1129 2829 capituli
1152 2758 1183 2814 in
1207 2758 1315 2829 vigilia
1339 2758 1501 2815 beatorum

238 2864 376 2937 Philippi
400 2869 430 2920 et
457 2863 566 2944 Jacobi
596 2863 817 2937 apostolorum,
841 2864 985 2920 similiter
1014 2862 1155 2935 proxime
1179 2863 1333 2936 preterita,
1357 2864 1411 2920 ubi
1436 2879 1502 2920 mu·

238 2971 339 3042 lieres,
364 2969 476 3028 femine
499 2975 529 3025 et
552 2968 657 3041 puelle
680 2967 719 3025 de
742 2967 849 3025 eadem
874 2967 962 3024 Nova
985 2969 1063 3025 villa
1086 2968 1124 3025 ad
1149 2984 1254 3026 earum
1274 2971 1502 3040 negociaciones

239 3076 378 3148 ipsarum
401 3075 610 3145 mercimonia,
634 3073 793 3131 videlicet:
817 3074 924 3143 linum,
948 3089 1016 3142 ova,
1041 3074 1202 3143 lacticinia,
1225 3089 1330 3131 caseos
1353 3080 1383 3131 et
1399 3076 1501 3132 huius·

239 3181 322 3238 modi
347 3181 517 3238 necessaria
541 3180 577 3237 ad
604 3179 707 3237 iorum
730 3195 787 3252 per
810 3180 970 3252 publicam
994 3180 1077 3237 viam
1106 3179 1327 3252 deportassent,
1352 3181 1434 3253 ipsas
1458 3181 1501 3237 in·

240 3288 381 3345 vadendo
416 3287 600 3359 spoliassent
631 3290 661 3342 et
692 3284 895 3343 denudassent
918 3293 948 3341 et
972 3286 1104 3358 turpiter
1136 3292 1372 3358 pertractassent
1396 3288 1425 3343 in
1451 3286 1502 3342 de-

239 3395 333 3451 decus
355 3393 518 3450 muliebris
542 3409 632 3449 sexus
656 3399 686 3449 et
708 3392 841 3449 honoris.
867 3391 911 3447 De
934 3391 1081 3464 predictis
1101 3407 1160 3448 non
1177 3391 1374 3461 sufficientes
1391 3392 1500 3449 eodem

240 3500 289 3557 die
313 3501 395 3556 circa
417 3500 527 3556 horam
551 3513 760 3571 vesperarum,
783 3497 938 3555 diabolica
962 3496 1070 3554 fraude
1093 3498 1202 3567 inbuti,
1226 3497 1275 3554 dei
1292 3499 1402 3555 timore
1418 3505 1501 3570 post-

239 3607 341 3679 posito
364 3612 394 3662 et
418 3610 563 3677 tanquam
588 3605 680 3660 saluti
704 3618 810 3661 eorum
835 3605 1033 3660 immemores
1056 3605 1158 3660 missis
1180 3604 1323 3661 similiter
1345 3603 1502 3677 peditibus

240 3717 269 3768 et
293 3711 420 3769 armatis
449 3711 628 3769 hominibus
658 3711 807 3784 ipsorum,
839 3711 940 3784 ipsam
969 3710 1081 3767 villam
1108 3710 1292 3782 spoliassent
1314 3717 1343 3766 et
1367 3710 1503 3766 totaliter

240 3817 468 3891 depredassent,
504 3832 539 3874 ac
573 3832 669 3874 unum
704 3817 899 3889 iobagionem
935 3817 965 3873 in
999 3815 1106 3873 eadem
1143 3816 1220 3872 villa
1257 3821 1501 3872 commorantem

239 3924 387 3994 iwanum,
411 3922 512 3981 filium
536 3923 683 3995 Bogdesa,
707 3923 854 3980 letalibus
871 3922 1052 3979 vulneribus
1069 3922 1290 3990 vulnerassent,
1308 3922 1360 3993 qui
1378 3920 1500 3978 tandem

240 4030 271 4086 in
294 4029 401 4101 vigilia
424 4029 609 4086 ascensionis
633 4028 759 4086 domini.
781 4029 925 4085 similiter
947 4029 1089 4101 proxime
1116 4028 1229 4100 elapsa,
1257 4027 1400 4100 spiritum
1432 4042 1502 4084 exa·

240 4139 348 4205 lasset;
380 4141 409 4192 et
440 4134 540 4191 adhuc
571 4135 689 4191 maiora
720 4141 749 4191 et
780 4134 933 4191 deteriora
964 4132 1063 4190 facere
1094 4140 1276 4191 conarentur
1308 4133 1338 4189 in
1370 4133 1502 4190 dedecus

240 4242 365 4300 honoris
395 4240 510 4312 regalis
540 4246 570 4296 et
600 4239 738 4297 eiusdem
768 4240 900 4297 civitatis
931 4240 1082 4296 libertatis
1114 4239 1333 4296 detrimentum
1362 4245 1391 4295 et
1415 4238 1502 4296 dero·

240 4364 360 4421 gamen,
383 4346 478 4404 nullis
502 4361 609 4405 eorum
633 4346 734 4418 culpis
757 4346 995 4418 acquirentibus.
1019 4343 1120 4417 Super
1143 4360 1205 4416 quo
1230 4348 1330 4401 vestre
1346 4345 1502 4403 nobilitati

241 4453 436 4529 presentibus
466 4450 666 4525 precipiendo
696 4451 887 4521 mandamus,
918 4457 1068 4522 quatenus
1100 4450 1177 4507 duos
1208 4468 1245 4507 ex
1273 4451 1363 4507 vobis
1386 4451 1502 4508 iudices

240 4559 395 4618 nobilium
425 4557 647 4625 transmittatis,
678 4557 731 4628 qui
762 4572 894 4613 unacum
927 4558 1059 4628 Mathya‚
1090 4555 1156 4614 filio
1186 4557 1269 4613 iwan
1291 4557 1329 4613 de
1351 4555 1427 4628 Gay,
1451 4557 1501 4613 vel

242 4665 409 4737 Myehaele,
445 4662 510 4720 filio
534 4661 621 4720 Pauli
652 4661 690 4719 de
713 4660 818 4734 Garig,
848 4662 914 4719 sive
936 4661 1078 4732 Wlkech,
1105 4660 1173 4718 filio
1195 4661 1340 4719 Damiani
1363 4661 1401 4719 de
1426 4661 1503 4718 Kra-

240 4765 386 4852 ua(r)zka,
409 4775 462 4827 aut
487 4770 586 4840 Petro,
617 4766 684 4825 filio
707 4767 827 4826 Nicolai
857 4767 896 4826 de
926 4767 1037 4838 Mlaka,
1067 4767 1137 4824 aliis
1167 4767 1347 4824 absentibus
1377 4767 1502 4825 homine
