3488 5242
644 308 718 367 Doc.
741 318 809 386 253.
836 341 874 352 -
898 309 955 367 An.
981 318 1066 387 1371.
1428 329 1486 389 a41

226 507 292 565 nixi
324 512 355 564 et
386 506 508 564 suffulti
537 506 682 581 presidio,
713 507 806 580 longe
839 507 963 580 lateque
984 513 1087 566 nostra
1113 509 1253 582 potencia
1276 507 1398 580 diffusa,
1422 524 1493 566 con·

227 612 362 686 finiaque
386 613 483 685 ipsius
506 613 593 685 regni
617 613 713 670 nostri
736 614 978 686 circumquaque
1000 613 1152 686 ampliata
1167 618 1197 671 et
1212 613 1344 672 mirifice
1359 615 1494 672 existunt

228 718 363 776 dilatata.
388 718 437 775 Ad
461 718 559 791 ipsius
591 719 694 791 itaque
725 717 844 776 domini
874 724 905 776 et
930 720 1137 792 progenitoris
1159 720 1265 791 nostri,
1290 735 1384 792 quern
1407 720 1493 777 cultu

227 840 412 882 veneramur
435 824 584 896 precipuo
608 830 638 881 et
661 824 807 895 almifico,
832 825 897 882 eius
924 825 1033 899 previo
1056 825 1202 899 exemplo
1225 826 1418 899 speculativo
1440 841 1494 883 ve·

227 932 317 1003 stigia
340 930 495 1003 sequenda
537 935 621 987 tanto
645 930 829 988 fervenciori
851 930 918 988 zelo
946 930 1123 989 devocionis
1146 932 1354 1004 astringimur,
1377 936 1494 1005 quanto

228 1038 258 1095 in
289 1038 505 1111 spiritualibus
537 1043 566 1094 et
594 1037 821 1110 temporalibus
852 1038 950 1110 ipsius
981 1038 1225 1111 suffragantibus
1254 1038 1345 1096 nobis
1375 1038 1494 1095 meritis

229 1144 293 1201 eius
316 1159 377 1200 non
401 1142 500 1200 defuit
523 1143 613 1200 nobis
637 1143 790 1214 maiestas,
822 1158 995 1216 perquem
1021 1158 1109 1216 reges
1132 1148 1262 1216 regnant
1284 1148 1315 1201 et
1336 1144 1494 1217 principes

228 1248 434 1307 dominantur.
457 1248 538 1306 Nam
561 1264 617 1307 nos
641 1255 705 1307 toto
728 1250 841 1307 mentis
860 1254 964 1307 nostre
981 1251 1141 1307 conamine
1160 1255 1190 1307 et
1208 1250 1306 1307 nostri
1320 1248 1376 1307 fixi
1392 1248 1493 1307 cordis

228 1355 292 1412 acie
322 1355 468 1412 celestem
496 1355 700 1437 Jherusalem,
731 1354 786 1412 ubi
809 1355 961 1412 virtutum
992 1355 1105 1428 regina,
1133 1362 1233 1413 mater
1256 1356 1358 1412 omnis
1381 1356 1492 1429 gracie,

229 1477 299 1518 cum
323 1477 395 1532 rege
418 1478 552 1534 superno
575 1477 669 1534 super
691 1461 874 1532 angelorum
897 1461 1041 1534 gerarhia
1063 1462 1237 1536 triumphat
1259 1465 1494 1519 coronatarum

228 1569 396 1638 gemitibus
418 1573 448 1624 et
468 1568 609 1641 suspiriis
633 1567 743 1624 interni
767 1567 863 1624 nostri
880 1566 981 1624 cordis
997 1567 1124 1639 inhyare
1144 1568 1309 1641 cupientes,
1331 1567 1494 1625 ecclesiam

229 1674 423 1743 militantem,
448 1690 508 1746 que
531 1688 587 1729 nos
611 1673 640 1729 in
664 1673 789 1730 Christo
812 1673 1004 1744 regeneravit
1035 1689 1053 1729 a
1083 1663 1252 1745 gradibus¹
1284 1678 1387 1730 nostre
1419 1672 1492 1730 ado·

229 1778 377 1837 lescencie
400 1779 538 1836 adinstar
561 1779 642 1850 regis
665 1779 769 1848 eterni,
794 1778 847 1851 qui
879 1793 937 1851 pro
968 1777 1185 1851 redempcione
1217 1779 1338 1849 generis
1364 1779 1492 1836 humani

229 1883 267 1941 de
290 1886 420 1942 summis
444 1886 581 1942 celorum
606 1884 644 1940 ad
677 1900 749 1956 yma
780 1884 967 1941 descendens
997 1899 1033 1941 ac
1067 1890 1198 1942 mortem
1227 1884 1352 1941 subiens
1375 1890 1494 1958 tempo·

229 1991 335 2060 ralem‚
360 2006 541 2047 ascensurus
564 1990 602 2046 ad
627 1996 757 2062 patrem,
781 1991 992 2047 venerabilem
1019 1995 1150 2047 matrem
1176 1991 1338 2048 ecclesiam
1358 1991 1494 2048 militan-

229 2103 291 2153 tem
316 2098 413 2153 verbo
437 2095 541 2153 docuit
564 2102 593 2153 et
625 2096 771 2169 exemplo
803 2095 1008 2153 venerandam
1040 2101 1070 2153 et
1100 2096 1336 2168 glorificandam
1364 2097 1395 2153 in
1430 2097 1493 2154 suis

229 2203 357 2270 iuribus
381 2203 507 2260 sinceris
530 2210 632 2259 nostre
656 2202 766 2258 mentis
790 2202 953 2259 affectibus
978 2200 1224 2259 desideravimus
1248 2202 1404 2259 illibatam
1422 2217 1491 2275 pre·

229 2324 360 2366 servare.
384 2309 465 2365 Tum
488 2310 592 2381 itaque
615 2309 656 2364 ob
680 2322 767 2381 spem
792 2314 821 2364 et
845 2306 1045 2364 devocionem
1069 2312 1207 2364 nostram
1230 2324 1265 2365 ac
1298 2307 1419 2365 liuentis
1442 2307 1494 2365 de·

228 2413 332 2471 siderii
356 2416 451 2472 nostri
475 2415 630 2485 affectum,
655 2429 747 2486 quem
772 2412 810 2470 ad
835 2413 938 2485 ipsum
962 2411 1135 2470 almificum
1158 2429 1264 2485 regem
1288 2412 1489 2487 Stephanum,

229 2520 408 2592 apostolum
431 2526 461 2576 et
484 2520 570 2591 regni
593 2520 692 2577 nostri
715 2518 910 2589 advocatum,
942 2519 1028 2575 cuius
1058 2533 1170 2593 corpus
1193 2519 1365 2591 gloriosum
1389 2527 1419 2576 et
1442 2536 1494 2577 ve·

230 2627 383 2682 nerahiles
406 2626 537 2698 reliquie
561 2626 592 2682 in
616 2626 735 2682 albensi
758 2625 855 2696 regali
878 2625 1015 2697 basilica,
1039 2626 1093 2682 ubi
1124 2632 1231 2683 tronus
1255 2632 1360 2683 noster
1382 2626 1494 2696 existit,

230 2731 361 2788 diversis
384 2736 544 2788 coruscant
567 2731 735 2795 miraculis,
760 2731 789 2788 in
813 2731 899 2788 cuius
922 2732 1019 2789 eciam
1042 2732 1166 2789 nomine
1189 2732 1382 2789 sanctissimo
1411 2730 1494 2789 dicta

230 2838 436 2908 zagrabiensis
470 2838 598 2894 ecclesia
629 2837 832 2910 competentis
863 2837 966 2910 operis
996 2842 1151 2894 structura
1181 2836 1309 2895 fundata
1339 2838 1442 2896 existit
1464 2844 1494 2895 et

231 2949 412 3013 constructa,
436 2944 572 3013 gerimus
596 2948 625 2999 et
649 2942 800 2999 habemus
823 2942 1031 3013 singularem;
1058 2943 1207 3015 cuiusque
1231 2959 1358 3016 precum
1383 2944 1494 3001 suffra·

230 3049 288 3119 giis
312 3048 494 3105 devotarum
518 3048 632 3105 nedum
657 3050 686 3105 in
711 3049 808 3119 terris
834 3064 940 3105 verum
973 3049 1071 3105 eciam
1102 3050 1180 3106 atrio
1204 3050 1234 3106 in
1264 3049 1369 3106 celesti
1392 3065 1496 3124 spera·

231 3169 300 3210 mus
324 3154 449 3211 indubie
473 3156 618 3223 recreari;
642 3161 708 3210 tum
732 3155 829 3211 eciam
854 3169 912 3227 pro
935 3153 1153 3211 conservandis
1176 3155 1288 3212 nostris
1311 3163 1341 3212 et
1357 3156 1496 3228 regnico-

231 3260 332 3316 larum
356 3268 532 3317 nostrorum
556 3261 675 3317 iuribus
699 3260 798 3317 eidem
822 3261 1012 3331 zagrabiensi
1037 3261 1164 3317 ecclesie
1180 3267 1209 3317 et
1225 3261 1372 3334 capitulo,
1393 3261 1495 3334 capel·

231 3365 309 3422 lanis
332 3368 443 3424 nostris
469 3367 623 3435 fidelibus,
647 3368 677 3423 in
701 3365 809 3423 eadem
840 3381 898 3438 pro
929 3372 1033 3423 nostra
1056 3371 1086 3423 et
1116 3367 1256 3424 omnium
1280 3367 1396 3424 Christi
1420 3365 1495 3424 lide·

230 3471 308 3527 lium
332 3474 430 3529 salute
454 3473 511 3529 deo
535 3477 716 3529 cunctorum
740 3464 948 3545 plasmatori²
979 3472 1091 3544 iugiter
1114 3471 1345 3543 famulantibus,
1373 3471 1412 3529 de
1441 3473 1496 3530 be·

231 3578 377 3647 nignitate
400 3584 504 3636 nostra
528 3579 621 3649 regia,
646 3594 705 3650 que
738 3578 854 3634 cunctis
885 3591 954 3633 eam
986 3576 1226 3650 implorantibus
1258 3591 1438 3651 generosam
1462 3594 1495 3635 se

231 3683 378 3740 exhibere
402 3686 560 3741 consvevit
592 3690 621 3740 et
653 3683 825 3753 liberalem,
853 3683 994 3754 sigillum
1024 3697 1139 3739 novum
1172 3684 1352 3756 oblongum,
1377 3685 1493 3757 inquo

232 3803 344 3860 ymago
368 3791 497 3861 virginis
520 3790 655 3861 gloriose
689 3804 760 3846 cum
784 3788 967 3860 dyademate
995 3787 1097 3845 filium
1128 3789 1159 3846 in
1191 3789 1318 3846 brachio
1341 3791 1495 3861 gestantis,

231 3896 280 3951 cui
304 3895 386 3952 idem
410 3897 619 3952 sanctissimus
651 3911 705 3951 rex
738 3893 911 3966 Stephanus
940 3908 1086 3951 coronam
1114 3895 1145 3951 in
1169 3896 1268 3967 capite
1300 3895 1442 3953 baiulans
1464 3904 1494 3954 et

231 4008 300 4056 ante
322 4002 451 4058 eandem
476 4002 629 4071 virginem
653 4001 822 4072 gloriosam
842 3999 942 4056 filium
960 4000 1159 4065 baiulantem,
1175 4000 1261 4057 tlexis
1276 4001 1406 4073 genibus
1423 4018 1494 4075 pro-

232 4109 365 4177 volutus,
390 4108 527 4179 effigiem
551 4107 661 4179 templi
685 4104 854 4162 materialis
877 4105 977 4162 eidem
1001 4106 1101 4176 offert,
1117 4105 1284 4176 adorando,
1305 4107 1427 4179 sculpta
1445 4124 1496 4165 ex·

232 4229 336 4285 presse
359 4216 539 4282 continetur,
572 4215 600 4269 in
625 4210 877 4269 circumferencia
908 4226 983 4268 vero
1013 4211 1151 4269 eiusdem
1182 4212 1279 4283 sigilli
1299 4213 1373 4269 novi
1396 4215 1493 4271 mani·

233 4318 307 4375 leste
332 4319 361 4375 id
386 4325 510 4376 notatur
533 4335 585 4374 seu
610 4317 802 4375 declaratur:
826 4317 966 4387 sigillum
989 4318 1125 4389 capituli·
1135 4317 1262 4374 ecclesie
1278 4317 1495 4388 zagrabiensiS,

233 4425 370 4496 ipsorum
395 4425 499 4495 sigillo
522 4424 649 4495 antiquo
673 4423 787 4495 previis
810 4423 985 4479 racionibos
1006 4438 1132 4495 pennos
1148 4427 1332 4496 permutato,
1349 4422 1495 4481 duximus

232 4530 393 4587 annuendo
416 4537 567 4603 perpetuo
590 4526 836 4596 concedendum;
859 4529 1086 4584 committentes
1110 4528 1212 4585 eidem
1241 4527 1369 4586 ecclesie
1391 4544 1496 4602 ragra-

323 4663 330 4693 ¹
350 4664 379 4715 In
398 4666 523 4731 originali
543 4661 715 4733 „agadibus“.

321 4750 379 4802 ²In
400 4752 527 4819 originali
547 4748 745 4818 ,psalmatori“.
