3488 5242
608 352 680 409 Doc.
699 347 778 427 388.
796 347 875 427 389.
899 384 941 393 —
965 352 1020 409 An.
1047 348 1137 429 1596.

241 460 395 468 ——-
415 458 531 465 --..---

826 543 914 609 388.

347 704 423 752 Anno
446 701 520 761 inco,
540 710 580 758 30.
599 700 673 766 Julii.
697 701 784 765 Prope
803 700 895 749 villam
915 700 1014 750 lindos.

240 831 381 888 Detricns
403 830 502 886 stechen
524 830 624 898 docens,
653 829 808 885 castellano
830 828 863 884 de
887 828 1013 885 Mcdned
1032 829 1147 902 cinsqccc
1169 831 1400 898 vicecaseenanis,
1420 849 1455 887 ne
1469 831 1503 886 de

239 939 329 1007 legetis
345 945 405 1011 pce
427 937 565 1010 aedificiis
590 936 694 992 civitem
724 934 928 992 Greclcenseinn
949 935 1143 1004 conducendis,
1172 937 1202 992 in
1220 944 1310 1010 penne
1334 936 1431 994 linetae
1446 944 1506 1010 per

538 1042 699 1099 decenninm
723 1041 858 1098 tribucum
881 1041 1033 1114 exigerent,
1056 1041 1205 1115 praecipit.

327 1189 469 1247 Detricus
501 1186 616 1257 Bubek,
648 1187 734 1259 regni
765 1185 928 1244 Sclauonie
958 1187 1065 1244 banus.
1088 1187 1218 1245 Dilectis
1240 1188 1330 1245 nobis
1354 1187 1503 1259 magistro

238 1295 371 1377 Johanni
395 1293 515 1366 Hyged‚
540 1293 707 1350 castellano
739 1297 844 1349 nostro
868 1291 906 1349 de
929 1291 1049 1350 lledwe
1073 1299 1103 1351 et
1127 1294 1369 1351 vicecastellanis
1392 1309 1427 1350 ac
1450 1294 1503 1351 tri·

239 1401 368 1456 butariis
400 1398 582 1456 eorumdem
614 1398 645 1456 in
676 1397 819 1472 portibus
850 1396 944 1468 fluvii,
976 1398 1067 1456 Zawa
1090 1400 1200 1470 vocati,
1224 1399 1433 1469 existentibus,
1456 1415 1503 1456 sa-

238 1507 337 1564 lutem
368 1513 397 1564 et
427 1505 637 1563 dileccionem.
669 1504 749 1577 Quia
780 1520 818 1561 ex
848 1504 1012 1576 generibus
1042 1512 1071 1563 et
1102 1505 1301 1563 continenciis
1330 1505 1503 1563 litteramm

238 1613 390 1685 regalium
414 1613 504 1670 nobis
528 1611 735 1670 exhibitarum
760 1609 861 1668 edocti
882 1627 989 1668 sumus
1012 1619 1042 1669 et
1065 1612 1231 1682 informati,
1255 1612 1339 1684 quod
1361 1611 1504 1670 dominus

238 1727 341 1776 noster
371 1734 427 1775 rex
458 1717 605 1775 fidelibus
635 1717 756 1773 civibus
788 1717 852 1774 suis
882 1717 1015 1775 civitatis
1044 1734 1098 1775 sue
1129 1718 1242 1775 montis
1269 1716 1430 1776 Grecensis
1465 1717 1504 1776 de
1561 1733 1566 1743 ·

237 1824 388 1896 Zagrabia
412 1825 491 1881 hanc
514 1823 710 1897 prerogative
734 1822 869 1895 graciam
889 1822 977 1880 duxit
1004 1823 1176 1882 faciendam
1191 1830 1222 1881 et
1238 1823 1311 1882 fecit
1326 1824 1502 1899 specialem,

237 1928 320 2001 quod
345 1928 451 1985 nullus
473 1928 635 1985 hominum
659 1927 690 1985 in
714 1927 856 2001 portibus
879 1927 965 1986 ssuvii
981 1928 1149 2003 supradicti
1167 1929 1205 1986 de
1220 1929 1313 2002 lignis
1328 1928 1368 1986 ad
1384 1928 1500 1986 dictam

239 2035 396 2092 civitatem
421 2050 476 2107 per
497 2032 622 2090 eosdem
653 2033 736 2090 cives
766 2048 824 2106 pro
850 2032 979 2091 edificiis
1015 2033 1162 2093 faciendis
1184 2034 1400 2106 conducendis,
1424 2033 1503 2093 inira

237 2139 344 2197 decem
368 2155 519 2197 annorum
544 2140 684 2213 spacium
707 2139 861 2197 tributum
884 2140 1007 2212 exigere
1025 2140 1136 2198 debeat
1152 2140 1245 2198 modo
1261 2140 1407 2213 aliquali;
1427 2156 1504 2213 quas

237 2245 364 2318 quidem
388 2246 506 2302 litteras
529 2246 630 2318 regias
653 2259 716 2316 nos
740 2251 774 2302 ut
797 2252 944 2316 tenemur,
970 2246 1000 2303 in
1024 2246 1087 2303 suis
1108 2247 1269 2319 vigoribus
1285 2246 1432 2304 volumus
1447 2247 1502 2303 ob-

236 2365 378 2420 servare;
395 2364 453 2424 pro
468 2365 505 2406 eo
521 2349 683 2408 dileccioni
698 2355 800 2407 vestre
816 2365 927 2422 genere
946 2352 1142 2425 presencium
1158 2352 1290 2410 firmiter
1305 2352 1502 2425 iniungimus,

236 2461 387 2528 quatenus
411 2456 496 2512 iuxta
521 2457 705 2529 premissam
728 2456 864 2513 litteram
887 2456 984 2529 ipsius
1007 2456 1125 2514 domini
1145 2457 1243 2514 nostri
1258 2457 1339 2528 regis
1356 2455 1395 2513 de
1410 2457 1502 2529 lignis

235 2561 422 2634 supradictis
452 2563 493 2618 ab
517 2560 633 2618 eisdem
665 2560 786 2619 civibus
816 2568 845 2618 et
868 2576 886 2618 a
909 2562 1050 2634 quolibet
1074 2577 1182 2618 eorum
1205 2562 1235 2619 in
1260 2561 1407 2635 predictis
1430 2577 1502 2635 por·

236 2666 319 2723 tibus
350 2682 447 2739 usque
478 2674 601 2740 tempus
632 2666 789 2740 prefixum
820 2667 944 2725 nullum
967 2668 1119 2725 tributum
1142 2668 1265 2740 exigere
1288 2674 1318 2725 et
1342 2684 1397 2725 nec
1420 2668 1502 2740 exigi

235 2771 336 2829 facere
359 2773 588 2845 presummatis,
612 2779 641 2830 et
665 2773 723 2830 hoc
739 2772 822 2830 idem
844 2773 1033 2845 iniungimus
1057 2773 1168 2831 suturis
1190 2775 1303 2831 nostris
1326 2775 1502 2832 castellanis

234 2885 264 2934 et
296 2879 539 2936 vicecastellanis
571 2885 600 2936 et
631 2879 811 2950 tributariis,
843 2879 949 2936 dantes
980 2879 1055 2952 ipsis
1078 2880 1233 2937 similibus
1255 2881 1313 2937 sub
1337 2881 1498 2954 preceptis

234 2985 350 3042 Datum
374 2986 404 3042 in
441 2987 607 3059 campestri
641 2986 728 3058 regio
762 2985 908 3044 descensu
933 3001 1031 3059 prope
1055 2985 1166 3042 villam
1190 2985 1306 3056 lludos,
1342 2986 1498 3044 dominico

235 3089 284 3147 die
309 3092 452 3164 proximo
477 3098 546 3165 post
578 3091 690 3149 festum
726 3093 815 3149 beate
849 3095 944 3153 Anne.
981 3092 1088 3148 matris
1124 3092 1226 3149 Marie.
1254 3093 1343 3149 Anno
1378 3091 1498 3150 domini

235 3197 489 3253 MCCCLXXXX
517 3203 612 3255 sexto,

324 3332 465 3398 originale
485 3333 510 3382 in
530 3332 628 3383 charta.
649 3333 774 3397 Sigillum
800 3333 956 3398 impressum
981 3340 1006 3383 et
1031 3334 1096 3383 bene
1120 3341 1310 3384 conservatum.
1336 3334 1365 3384 ln
1390 3335 1501 3385 archivo

234 3420 281 3469 lib.
301 3436 356 3485 reg.
378 3420 449 3470 civit.
468 3422 572 3487 zagrab.

822 3636 912 3703 389.

341 3776 417 3824 Anno
439 3775 512 3838 1396.
533 3783 574 3833 30.
593 3774 668 3841 Julii.
688 3775 776 3841 Prope
794 3775 887 3827 villam
906 3777 1008 3828 lludos.

225 3898 380 3974 sollennes
403 3901 504 3974 lleged
522 3902 694 3958 castellanens
716 3902 750 3959 dc
772 3902 899 3961 Medned
914 3904 1135 3962 ue'cccnstellanis
1149 3905 1209 3962 suis
1232 3912 1266 3962 nt
1290 3904 1327 3960 ab
1349 3904 1498 3967 exactione,

232 4006 334 4063 tributi
355 4008 384 4063 in
400 4015 491 4082 portic
515 4007 613 4066 Suntne
634 4010 668 4066 de
689 4009 873 4067 conducendis
895 4012 982 4084 lignis
996 4020 1056 4086 pru
1079 4031 1132 4069 usn
1154 4012 1258 4070 cicinni
1288 4010 1492 4069 Grcchensinm

568 4123 628 4189 per
647 4114 810 4174 decennium
833 4116 978 4188 desistant,
993 4119 1146 4193 pracepit.

317 4258 473 4339 Johannes
497 4260 606 4331 lliged,
630 4261 816 4319 castellanus
838 4261 877 4320 de
899 4262 1016 4321 Medue.
1047 4264 1177 4322 Dilectis
1207 4264 1298 4323 nobis
1320 4264 1496 4322 vicecastel-

230 4363 309 4420 lanis
332 4365 443 4422 nostris
467 4380 502 4422 ac
525 4366 696 4424 tributariis
719 4368 749 4425 in
772 4368 914 4441 portibus
937 4367 1023 4427 ssuvii
1047 4368 1129 4427 Zaua
1159 4370 1262 4427 vocati
1286 4370 1496 4440 existentibus

231 4485 311 4526 nunc
335 4471 506 4528 constitutis
529 4477 558 4528 et
582 4472 612 4528 in
636 4472 776 4531 futurum
807 4474 1035 4546 constituendis,
1065 4476 1198 4535 salutem
1225 4491 1296 4533 cum
1320 4474 1497 4534 dileccione.

230 4575 310 4646 Quia
333 4575 477 4633 dominus
501 4583 603 4634 noster
626 4594 680 4635 rex
703 4584 732 4636 et
756 4578 880 4637 tandem
896 4578 1040 4638 dominus
1056 4581 1206 4651 Detricus‚
1224 4582 1312 4654 regni
1332 4580 1494 4640 Sclauonie

231 4680 337 4751 hanua,
368 4680 512 4738 dominus
542 4688 653 4754 noster,
684 4684 774 4741 nobis
804 4684 915 4742 litteris
944 4686 1082 4758 ipsorum
1117 4687 1324 4746 mediantibus
1368 4687 1501 4745 firmiter

229 4786 428 4861 precipiendo
452 4786 607 4859 mandant,
631 4794 664 4846 ut
687 4804 743 4847 nos
766 4789 847 4848 inira
869 4789 977 4849 decem
1000 4806 1152 4850 annorum
1176 4793 1318 4867 spacium
1340 4792 1379 4851 de
1402 4794 1495 4867 lignis

1378 4899 1391 4927 0
