3488 5242
624 333 697 389 Doc.
715 309 787 408 371.
816 363 853 376 -
878 330 934 388 An.
958 343 1049 408 1394.
1408 346 1466 406 351

205 531 243 589 de
266 531 356 588 dictis
379 532 442 589 suis
466 530 598 588 vinculis
620 530 707 587 abire
723 530 920 603 permisisset.
938 528 1128 602 Quiquidem
1144 528 1253 600 Endre,
1271 528 1470 602 postmodum

206 637 244 694 de
268 652 393 694 excessu
418 636 572 694 dictorum
597 642 821 693 tormentorum
845 636 886 692 ab
910 636 968 692 hoc
991 636 1095 692 seculo
1119 635 1216 692 vitam
1240 650 1328 691 suam
1353 634 1472 690 termis-

206 752 259 801 set.
290 743 390 816 Super
423 757 485 815 quo
519 749 655 799 vestram
689 742 862 798 amiciciam
898 741 1092 814 presentibus
1124 740 1257 814 petimus
1298 739 1472 811 diligenter,

207 855 357 920 quatenus
388 854 525 905 vestrum
558 848 686 905 mittatis
717 847 875 904 hominem
903 862 961 920 pro
985 847 1159 904 testimonio
1183 845 1384 918 fidedigoum,
1409 860 1472 917 quo

208 961 348 1027 presente
379 954 501 1022 PauluS,
533 953 616 1010 iilius
648 953 749 1010 Endre
772 952 811 1009 de
835 952 947 1023 Blizna,
972 953 1022 1009 vel
1048 952 1175 1022 BlasiuS,
1199 952 1283 1008 tilius
1307 952 1412 1008 Medes
1435 951 1473 1007 de

208 1059 297 1127 Zaua,
320 1066 373 1116 aut
398 1060 518 1129 Paulus,
542 1059 625 1116 filius
649 1060 771 1129 Mathei,
788 1059 858 1116 aliis
877 1060 1065 1128 absentibus,
1082 1059 1176 1115 homo
1193 1065 1303 1128 noster,
1319 1058 1359 1114 ab
1375 1058 1473 1114 omni·

209 1166 266 1223 bus
297 1167 411 1238 quibus
442 1165 529 1222 decet
559 1172 588 1223 et
619 1167 698 1234 licet,
731 1167 805 1222 sciat
836 1165 874 1223 de
898 1166 1056 1239 premissis
1080 1166 1258 1232 veritatem;
1293 1170 1324 1220 et
1348 1162 1472 1219 tandem

209 1278 302 1345 prout
324 1272 414 1329 vobis
438 1272 548 1328 exinde
579 1273 692 1328 veritas
723 1273 899 1340 constiterit,
932 1272 1020 1328 nobis
1051 1271 1258 1328 amicabiliter
1288 1270 1471 1326 rescribatis.

208 1377 366 1434 Presentes
389 1384 492 1434 autem
517 1378 628 1449 sigillis
651 1379 764 1435 nostris
787 1378 975 1447 absentibus,
999 1379 1103 1450 sigillo
1126 1377 1250 1434 discreti
1273 1377 1332 1432 viri
1357 1376 1474 1432 domini

209 1482 351 1555 Gregorii
375 1483 412 1539 de
435 1483 548 1552 Rauen,
573 1483 780 1541 archidiaconi
804 1484 842 1541 de
863 1484 977 1554 Bexyn,
994 1482 1124 1540 fecimus
1147 1482 1326 1553 consignari.
1359 1481 1474 1537 Datum

210 1588 367 1660 Zagrabie‚
401 1588 475 1646 feria
499 1595 610 1662 quarta
640 1591 783 1662 proxima
814 1597 883 1663 post
907 1589 1020 1647 testum
1045 1590 1126 1646 beati
1153 1589 1306 1646 Valentini
1331 1589 1474 1645 martiris.

212 1696 301 1751 Anno
325 1695 442 1750 domini
466 1695 635 1751 millesimo
659 1694 735 1751 CCC
760 1696 958 1768 nonagesimo
982 1702 1100 1768 quarto.

299 1812 467 1875 Descriptum
487 1827 500 1859 e
519 1811 617 1861 litteris
637 1812 813 1877 responsoriis
831 1814 943 1878 capituli
962 1813 1148 1879 zagrabiensis,
1169 1821 1197 1862 ut
1217 1812 1293 1861 inira.

804 2043 885 2111 371.

317 2183 393 2232 Anno
416 2191 489 2244 1394,
509 2191 548 2231 21,
570 2181 706 2232 februarii.
726 2182 880 2248 Zagrabiae.

229 2308 391 2381 Capitulum
421 2312 511 2366 eccles.
543 2311 659 2384 zagrab.
697 2311 727 2366 Τ
722 2313 823 2368 homae
853 2311 995 2379 vicebano,
1025 2310 1058 2366 de
1081 2311 1266 2385 facinoribus
1288 2310 1383 2367 Pauli
1394 2312 1461 2385 filii

541 2418 657 2474 Masten
681 2426 780 2475 contra
801 2418 948 2474 Andream
971 2417 1032 2487 Sib,
1054 2418 1151 2491 refert.

300 2559 406 2618 Nobili
438 2563 505 2619 viro
531 2564 679 2636 magistro
703 2563 830 2633 Thome‚
863 2564 986 2632 vicario,
1019 2563 1168 2619 vicebano
1192 2568 1221 2618 et
1244 2563 1348 2619 comiti
1373 2577 1477 2634 zagra·

214 2665 321 2735 biensi,
345 2668 444 2724 amico
467 2684 574 2725 eorum
599 2670 787 2738 honorando,
819 2671 988 2742 capitulum
1008 2669 1136 2726 ecclesie
1163 2669 1377 2741 zagrabiensis‚
1402 2669 1478 2724 ami-

214 2772 322 2828 ciciam
347 2781 486 2845 paratam
510 2791 581 2832 cum
605 2777 728 2833 honore.
753 2775 879 2833 Noverit
902 2785 1006 2832 vestra
1028 2775 1183 2843 nobilitas,
1209 2790 1263 2831 nos
1288 2775 1405 2830 litteras
1426 2790 1477 2830 ve-

214 2883 292 2934 stras
316 2881 467 2953 recepisse
491 2882 519 2937 in
545 2883 600 2938 hec
624 2884 738 2939 verba:
761 2877 833 2959 (vid.
858 2899 901 2939 nr.
927 2897 997 2954 370.
1021 2897 1101 2938 anno
1128 2895 1219 2954 1394,
1243 2881 1288 2937 18.
1310 2872 1479 2955 februarii.)

216 2983 278 3040 Nos
309 2985 402 3056 igitur
433 2987 543 3043 vestris
573 2988 792 3044 amicabilibus
823 2988 1026 3061 peticionibus
1055 2995 1231 3054 annuentes,
1266 2992 1299 3042 ut
1331 2994 1479 3053 tenemur,

215 3106 368 3148 unacum
392 3091 512 3164 prefato
537 3093 646 3161 Blasio,
670 3094 737 3150 filio
761 3093 864 3150 liedes
881 3093 919 3150 de
942 3093 1032 3163 Zaua,
1056 3094 1180 3149 homine
1204 3099 1315 3161 vestm,
1339 3100 1479 3148 nostrum

216 3198 371 3254 hominem
404 3197 549 3254 videlicet
580 3199 746 3256 discretum
780 3201 881 3256 virum
916 3201 1097 3271 magistrum
1122 3199 1284 3268 Thomam,
1308 3198 1427 3255 socium
1450 3203 1480 3254 et

216 3305 453 3360 concanonicum
478 3312 617 3361 nostrum
641 3305 681 3361 ad
705 3307 856 3378 premissa
892 3305 1066 3378 peragenda
1094 3311 1199 3362 nostro
1222 3319 1281 3377 pro
1304 3303 1480 3360 testimonio

216 3410 443 3466 transmisimus
474 3408 681 3482 fidedignum;
712 3413 764 3483 qui
792 3411 991 3484 postmodum
1016 3410 1054 3467 ad
1078 3426 1134 3467 nos
1158 3411 1272 3467 reversi
1297 3409 1387 3466 nobis
1410 3423 1480 3465 con·

216 3514 349 3572 corditer
373 3516 551 3585 retulerunt,
576 3515 659 3587 quod
676 3517 736 3589 ipsi
751 3513 789 3572 ab
806 3518 950 3574 omnibus
973 3533 992 3573 a
1015 3517 1128 3589 quibus
1148 3515 1298 3572 decuisset
1315 3521 1345 3571 et
1361 3515 1480 3571 licuisct

216 3621 381 3693 diligenter
406 3621 588 3692 inquirendo
609 3622 701 3678 talem
719 3622 758 3678 de
774 3623 932 3694 premissis
948 3623 1108 3679 scivissent
1123 3623 1294 3692 veritatem,
1311 3619 1393 3693 quod
1410 3635 1480 3693 pre·

217 3726 296 3783 fatus
329 3727 474 3797 magister
497 3727 611 3783 Paulus
633 3727 799 3799 quemdam
816 3729 915 3785 civem
933 3728 1013 3785 dicte
1030 3729 1162 3785 civitatis
1178 3728 1291 3784 montis
1307 3726 1477 3794 GrecensiS,

218 3832 319 3889 Endre
341 3830 396 3889 Sib
420 3832 545 3896 dictum,
570 3834 599 3888 in
624 3832 705 3889 dicta
728 3832 875 3904 Chychan
906 3833 1090 3906 reperiendo
1121 3835 1313 3907 captivasset,
1341 3837 1480 3905 captum-

218 3955 278 4010 que
302 3939 330 3994 in
355 3940 417 3995 suis
450 3939 580 3995 vinculis
604 3940 633 3995 in
659 3938 772 4010 frigore
803 3948 1013 3997 conservasset
1044 3946 1074 3996 ct
1103 3940 1269 3997 crudeliter
1300 3937 1482 3996 tormentari

218 4044 346 4114 iecisset,
371 4045 535 4117 ipsumque
559 4045 588 4100 in
612 4045 716 4116 aliqua
740 4046 908 4117 quantitate
932 4047 1060 4119 pecunie
1091 4053 1242 4119 pactasset
1268 4053 1298 4102 et
1324 4045 1368 4101 sic
1394 4043 1481 4099 abire

219 4151 422 4222 permisisset;
455 4149 635 4221 quiquidem
668 4151 866 4223 postmodum
899 4152 1013 4225 elapsis
1036 4153 1194 4224 aliquibus
1217 4150 1327 4208 diebus
1350 4166 1387 4207 ex
1408 4164 1480 4206 casu

219 4255 371 4312 dictorum
405 4262 629 4311 tormentorum
660 4256 755 4312 vitam
788 4255 937 4313 linivisset
968 4258 1150 4327 naturalem,
1182 4257 1309 4329 propria
1341 4271 1395 4312 sua
1426 4269 1481 4327 po·

220 4363 317 4418 tencia
349 4361 518 4425 mediante;
549 4362 578 4417 in
611 4361 814 4434 preiudicium
839 4361 992 4418 dictorum
1025 4362 1134 4419 iudicis
1165 4368 1193 4418 et
1226 4363 1397 4420 iuratorum
1421 4375 1481 4416 non

220 4468 384 4525 modicum.
415 4468 531 4523 Datum
561 4468 693 4523 sabbato
724 4468 867 4540 proximo
894 4474 964 4524 ante
988 4466 1100 4524 testum
1124 4467 1271 4525 kathedre
1295 4468 1376 4524 beati
1400 4465 1481 4522 Petri

220 4575 360 4647 apostoli.
386 4577 473 4630 Anno
497 4573 623 4641 domini,
647 4572 832 4646 supradicto

309 4691 449 4757 Originale
468 4690 493 4739 in
513 4690 611 4745 charta,
631 4705 646 4738 a
665 4696 741 4755 tergo
760 4689 902 4755 vestigium
915 4689 1035 4755 impressi
1048 4689 1133 4756 sigilli
1146 4690 1308 4755 capitularis.
1323 4689 1352 4739 In
1372 4687 1481 4739 archivo

220 4781 300 4829 Acad.
321 4780 414 4830 Scient.
435 4781 503 4829 Slav.
518 4779 610 4829 merid.
