3488 5242
238 349 278 411 34
667 332 741 390 Dec.
764 345 813 409 43.
844 366 881 375 -
906 333 963 393 Aa
988 329 1078 412 1264.

237 531 268 588 in
292 530 383 587 vobis
406 529 580 593 devotionis
603 529 694 600 filios,
718 545 753 587 ae
777 545 833 587 vos
856 536 1078 602 consequenter
1101 531 1131 587 in
1155 546 1192 588 eo
1214 535 1337 605 patrem
1352 531 1506 588 invenisse

236 636 418 693 benivolum
442 635 611 708 gaudeatis.
633 636 750 692 Datum
773 635 857 709 apud
888 635 1008 694 Urbem
1033 643 1169 694 veterem
1197 636 1226 692 X
1248 635 1397 694 kalendas
1420 643 1504 694 octo·

237 743 310 800 bris.
335 744 425 799 Anno
449 743 553 799 tercio.

325 845 361 901 ln
385 845 481 902 eodem
505 845 604 902 merito
627 843 720 900 verber
742 851 927 916 competenter
951 846 1086 902 mutatis:
1115 847 1277 920 Preposito
1308 852 1337 904 et
1369 848 1506 920 capitulo

236 954 443 1025 zagabriensi;
474 953 558 1011 clero
588 952 795 1024 zagabriensis
825 953 958 1011 civitatis
989 961 1019 1012 et
1048 953 1187 1022 diocesis,
1209 969 1245 1011 ac
1274 953 1403 1010 vasallis
1426 954 1499 1011 eccl.

236 1060 360 1131 zagabr.

328 1196 422 1260 Ereg.
443 1194 510 1259 orig.
531 1195 633 1245 Urbani
653 1194 698 1244 lV.
718 1211 757 1245 an.
783 1195 830 1246 111.
856 1211 896 1260 ep.
924 1205 962 1244 10.
988 1197 1019 1244 Α.
1044 1194 1167 1245 Theiner.
1192 1194 1262 1245 Mon.
1285 1195 1345 1245 hist.
1370 1195 1457 1261 Hung.
1486 1194 1505 1245 1.

239 1299 264 1350 v·
285 1285 395 1346 245—6-

839 1480 904 1544 43.

344 1642 419 1688 Anno
445 1639 519 1699 1264,
541 1647 562 1686 1.
580 1637 702 1702 januarii.
722 1639 802 1702 Apud
822 1637 923 1688 Urbem
942 1643 1064 1687 veterem.

301 1737 425 1824 Evertit)
442 1766 606 1840 presbytero
628 1766 812 1823 canendatres
835 1765 1030 1838 zagrabiensis
1052 1771 1081 1821 et
1092 1763 1261 1837 praebenda
1284 1764 1438 1838 confertur.

327 1910 502 1985 Stephanus
525 1911 721 1969 miseratione
744 1909 849 1968 divina
878 1909 1090 1968 Prenestrinus
1121 1910 1294 1982 episcopus
1318 1906 1432 1965 dilecto
1456 1923 1504 1964 ca·

243 2019 370 2092 pellano
393 2033 449 2075 suo
472 2018 601 2075 Eventio
625 2017 797 2091 presbitero
821 2016 953 2073 salutem
973 2015 1003 2072 in
1026 2014 1160 2072 domino.
1188 2013 1320 2071 Noveris
1343 2029 1398 2071 nos
1422 2029 1504 2072 rece·

243 2125 324 2198 pisse
339 2125 457 2182 litteras
474 2123 660 2196 apostolicas
683 2122 741 2179 sub
764 2123 822 2179 hac
845 2116 978 2179 forma¹.
998 2120 1186 2178 ...Harum
1210 2119 1304 2191 igitur
1325 2120 1505 2176 auctoritate

240 2231 414 2287 litterarum
431 2229 643 2286 canonicatum
660 2236 691 2286 et
705 2226 906 2302 prebendam,
930 2242 990 2299 que
1005 2225 1193 2283 venerabilis
1208 2230 1298 2298 pater
1313 2224 1505 2296 Timotheus,

238 2337 445 2409 zagrabiensis
468 2335 632 2409 episcopus
655 2334 858 2408 promotionis
881 2349 935 2390 sue
955 2337 1095 2405 tempore
1111 2331 1142 2388 in
1159 2331 1350 2403 zagrabiensi
1374 2330 1503 2388 ecclesia

239 2443 407 2513 obtinebat,
431 2442 572 2499 vacantia
596 2457 653 2514 per
672 2440 898 2515 promotionem
930 2439 1028 2512 ipsius
1059 2438 1205 2512 episcopi,
1229 2437 1287 2495 tibi
1310 2452 1382 2494 cum
1406 2436 1505 2495 domi-

240 2549 308 2617 bus,
331 2548 415 2606 curia
438 2554 468 2605 et
491 2548 635 2605 omnibus
656 2548 776 2605 iuribus
799 2554 830 2604 et
852 2546 1048 2620 pertinenciis
1071 2545 1134 2602 suis
1166 2543 1353 2603 conferimus
1377 2551 1407 2603 et
1430 2560 1502 2619 pro-

241 2652 384 2711 videmus
406 2652 445 2711 de
469 2654 552 2726 ipsis,
576 2659 606 2710 te
628 2653 824 2711 investientes
847 2651 1074 2725 presentialiter
1102 2666 1158 2723 per
1188 2659 1329 2708 nostrum
1353 2651 1503 2709 annulum

241 2759 279 2816 de
303 2759 427 2817 eisdem.
459 2759 527 2817 Non
559 2761 700 2817 obstante
731 2765 814 2816 certo
842 2759 939 2833 ipsius
970 2757 1097 2814 ecclesie
1128 2757 1345 2814 canonicorum
1374 2772 1503 2814 numero

240 2865 420 2936 iuramento,
459 2865 694 2923 confirmatione
728 2864 808 2922 sedis
839 2863 1016 2939 apostolice,
1048 2864 1113 2920 sive
1145 2878 1328 2935 quacunque
1357 2862 1504 2920 firmitate

241 2971 366 3040 vallato,
390 2978 443 3029 aut
466 2973 492 3028 si
523 2971 667 3030 dominus
698 2987 781 3045 papa
810 2972 841 3028 in
871 2986 906 3028 ea
937 2985 995 3044 pro
1017 2970 1087 3026 aliis
1118 2968 1273 3027 direxerat
1304 2970 1418 3043 scripta
1441 2985 1504 3039 sua,

240 3091 294 3133 seu
317 3077 344 3133 si
366 3076 447 3135 sedis
471 3077 641 3150 apostolice
665 3077 716 3133 vel
739 3078 913 3148 legatorum
936 3077 1032 3150 ipsius
1049 3081 1099 3132 aut
1116 3091 1299 3148 quacunque
1322 3076 1503 3133 auctoritate

241 3181 272 3238 in
295 3197 330 3238 ea
360 3182 391 3239 in
421 3184 583 3240 canonicos
617 3183 715 3254 aliqui
749 3183 809 3239 sint
841 3183 965 3256 recepti,
996 3183 1048 3239 vel
1078 3189 1112 3239 ut
1142 3183 1331 3256 recipiantur
1353 3183 1502 3250 insistant,

241 3288 354 3359 quibus
378 3305 434 3362 per
456 3290 514 3346 hoc
545 3304 607 3361 quo
630 3288 667 3345 ad
693 3289 915 3346 assecutionem
939 3288 1071 3345 aliorum
1103 3287 1334 3356 beneficiorum,
1358 3303 1503 3362 persona-

241 3399 327 3450 tuum
352 3395 402 3451 vel
427 3393 610 3466 dignitatum
633 3394 840 3467 preludicium
864 3394 988 3451 nullum
1011 3394 1073 3464 fiat,
1096 3403 1149 3451 aut
1172 3395 1198 3451 si
1222 3399 1266 3451 est
1282 3395 1440 3466 aliquibus
1463 3394 1503 3450 ab

240 3498 348 3555 eadem
372 3499 445 3556 sede
469 3499 633 3571 indultum,
656 3499 740 3572 quod
764 3499 803 3557 ad
823 3501 1031 3572 receptionem
1056 3500 1107 3557 vel
1138 3500 1348 3573 provisionem
1372 3500 1502 3556 alicuius

239 3604 367 3662 minime
391 3612 558 3676 teneantur,
583 3612 613 3661 et
635 3605 674 3662 ad
699 3604 729 3662 id
753 3606 910 3679 compelli,
934 3605 1080 3678 quodque
1108 3604 1256 3675 interdici,
1280 3605 1428 3678 suspendi
1452 3606 1502 3663 vel

239 3711 500 3767 excommunicari
523 3726 583 3768 non
616 3712 742 3785 possint,
775 3717 804 3769 et
833 3711 917 3784 quod
948 3711 987 3768 de
1018 3711 1182 3781 beneficiis,
1211 3712 1427 3784 personatibus
1450 3712 1502 3769 vel

239 3813 441 3887 dignitatibus
464 3817 502 3873 ad
527 3817 725 3874 collationem
749 3833 855 3875 eorum
880 3814 1090 3892 spectantibus
1113 3817 1192 3874 nulli
1217 3818 1320 3874 valeat
1342 3816 1503 3889 provideri

238 3936 295 3993 per
316 3921 437 3979 litteras
460 3923 654 3995 apostolicas
678 3940 738 3995 que
763 3922 801 3979 de
824 3922 945 3981 indulto
968 3922 1146 3980 huiusmodi
1173 3923 1300 3996 plenam
1323 3932 1353 3980 et
1377 3938 1501 3996 expres-

238 4043 306 4085 sam
328 4044 388 4085 non
411 4028 538 4086 fecerint
562 4031 759 4099 mentionem,
783 4045 837 4086 seu
860 4029 1000 4101 qualibet
1023 4029 1084 4085 alia
1107 4028 1299 4099 indulgentia
1315 4028 1395 4085 dicte
1411 4028 1501 4099 sedis,

238 4132 276 4190 de
296 4149 356 4206 qua
380 4134 528 4206 cuiusque
552 4140 615 4192 toto
639 4142 743 4192 tenore
766 4135 804 4192 de
823 4136 922 4193 verbo
945 4134 984 4191 ad
1009 4135 1141 4190 verbum
1166 4141 1307 4207 oporteat
1334 4134 1365 4191 in
1389 4135 1501 4191 nostris

238 4239 348 4298 litteris
372 4241 496 4314 plenam
521 4249 550 4298 et
581 4257 758 4314 expressam
789 4243 976 4299 mentionem
1008 4241 1084 4310 fieri,
1116 4247 1144 4297 et
1176 4256 1348 4313 perquam
1373 4241 1500 4298 effectus

237 4348 428 4419 presentium
451 4346 597 4420 impediri
621 4348 723 4405 valeat
747 4348 797 4405 vel
821 4348 949 4418 differri,
981 4355 1035 4404 aut
1064 4347 1090 4403 si
1116 4347 1193 4404 alias
1216 4347 1417 4404 beneficiatus
1440 4349 1502 4404 exi-

238 4452 307 4521 stis;
331 4452 528 4510 decernentes
552 4454 645 4512 etiam
666 4455 847 4512 auctoritate
864 4453 1002 4527 predicta
1024 4453 1145 4510 irritum
1179 4460 1208 4509 et
1238 4454 1335 4523 inane,
1366 4454 1392 4510 si
1416 4468 1502 4510 secus

237 4556 276 4614 de
298 4557 477 4616 huiusmodi
502 4561 680 4618 canonicatu
705 4566 734 4618 et
758 4558 917 4634 prebenda
937 4560 1048 4632 quavis
1069 4559 1251 4636 auctoritate
1267 4560 1431 4632 contigerit
1446 4575 1502 4633 per

328 4691 472 4745 ¹Adducit
500 4695 639 4760 epistolam
668 4711 683 4745 a
706 4694 834 4745 Pontifice
859 4694 972 4752 missam,
996 4709 1049 4759 qua
1071 4695 1124 4759 ipsi
1149 4695 1190 4745 ius
1210 4694 1362 4744 conferendi
1382 4694 1502 4744 vacantia

237 4781 299 4831 eccl.
318 4781 446 4833 beneficia
464 4782 492 4833 iu
510 4797 593 4850 regno
612 4783 701 4849 Huug.
722 4783 859 4834 tribuitur.
883 4781 987 4834 Confer.
1007 4785 1038 4832 A„
1057 4782 1179 4833 Theiuer.
1200 4784 1218 4832 l.
1238 4798 1259 4833 c.
1278 4782 1298 4833 1.
1318 4798 1342 4849 p.
1363 4784 1422 4833 260.
