3488 5242
245 329 307 402 384
655 329 730 388 Du·
749 326 827 406 398·
856 365 892 372 -
918 332 974 392 An·
1000 343 1087 411 4³97·

243 526 363 584 nou'ok.
387 527 472 591 item.
496 526 640 596 Thomas,
671 542 802 601 arcuper
833 543 868 586 ac
891 531 1031 601 Mathias,
1055 532 1202 591 Nicotaus
1225 541 1254 592 et
1277 536 1441 618 Johannes
1464 537 1508 594 ia·

243 635 379 691 miliares
402 633 548 691 eiusdem.
572 633 657 702 Item,
683 635 833 704 Marchus,
865 635 966 693 dictus
989 638 1127 709 Chunka,
1152 647 1311 699 mercator.
1336 642 1422 711 item,
1448 645 1508 700 An-

243 740 374 806 thonius,
406 738 506 796 dictus
539 738 691 795 Zmetana.
725 739 809 801 Item.
843 741 966 814 Bisltup,
996 750 1089 801 sutor.
1118 744 1204 814 Item,
1228 745 1354 815 Worch‚
1379 748 1507 806 institor.

242 848 328 917 Item,
351 848 505 930 Johannes
537 844 575 901 de
599 844 720 917 palacio
753 854 835 904 retro
866 856 1004 905 sanctum
1032 851 1200 920 ltarchum,
1225 851 1356 910 condam
1382 854 1506 912 iuratus.

242 956 328 1023 item,
351 953 463 1037 Jaltlin,
487 952 639 1026 gladipar,
662 955 792 1012 condam
818 956 943 1012 iuratus.
969 955 1052 1023 Item,
1079 957 1259 1023 Anthonius,
1279 973 1400 1031 auceps.
1419 959 1504 1029 item,

241 1060 380 1129 lttilthen,
412 1058 563 1131 gladipar.
597 1059 682 1127 item,
717 1059 863 1117 Nicotaus
893 1060 1061 1117 Chemach.
1095 1061 1179 1129 item,
1210 1062 1335 1132 Warad,
1367 1063 1406 1120 de
1430 1066 1506 1122 vico.

240 1166 327 1236 Item,
358 1165 485 1234 BlasiuS,
509 1165 646 1238 sellipar.
679 1167 763 1236 Item,
795 1165 984 1228 Benedictus,
1008 1166 1143 1224 lonehar.
1168 1168 1253 1236 ltem,
1279 1169 1419 1232 Werech.
1442 1186 1507 1227 car·

241 1272 333 1330 nifex.
354 1273 440 1341 Item,
463 1271 608 1341 Thomas,
632 1272 798 1330 Constabel
823 1272 930 1329 dictus.
956 1271 1040 1342 Item,
1063 1273 1208 1329 Nicolaus
1224 1273 1412 1333 Sisakouich.
1429 1276 1505 1333 item

240 1378 387 1436 Nicotaus
419 1377 566 1449 Seleziny.
602 1378 688 1447 Item,
724 1377 905 1447 Benedictus
937 1376 1092 1435 Scornich.
1124 1379 1208 1448 Item,
1242 1379 1386 1437 Vrbanus
1421 1381 1506 1438 Krai.

239 1485 326 1557 item,
349 1484 519 1557 Gregorius
542 1483 683 1541 decanus.
707 1485 794 1545 item.
818 1484 964 1541 Nicotaus
988 1485 1107 1541 Mahen.
1131 1485 1218 1547 item,
1243 1486 1340 1542 Lucas
1363 1486 1503 1545 decanus

239 1591 325 1662 Item,
348 1590 510 1657 chhich,
533 1587 678 1659 carnifex,
695 1589 780 1649 item.
808 1590 971 1672 Janchech.
996 1589 1081 1659 item,
1104 1591 1506 1673 ‚inassHQ-..QQQ-KQW·

239 1698 336 1754 chich.
360 1697 436 1753 ltem
463 1695 590 1757 Blasius.
623 1695 708 1752 filius
731 1694 868 1751 eiusdem
892 1695 1040 1777 johannis
1065 1696 1250 1768 Kawchych.

329 1832 352 1880 E
379 1836 544 1895 transumpto
570 1829 663 1879 Karoli
691 1829 807 1878 Petraeii
833 1831 865 1878 de
884 1830 1021 1895 Fulgineo,
1041 1830 1138 1880 notarii
1158 1831 1267 1896 publici.
1287 1839 1316 1881 ut
1336 1831 1411 1882 infra.

823 2060 913 2127 398.

346 2174 421 2221 Anno
444 2177 517 2230 1397.
536 2166 689 2231 Zagrabiae.

231 2303 386 2380 Juliannes
409 2301 488 2374 episc.
513 2297 640 2369 ragrab,
661 2314 723 2352 curn
739 2296 891 2369 percitus
916 2293 1091 2352 Grcclccnscs
1112 2294 1195 2352 aedcs
1208 2295 1413 2369 capitularium
1428 2315 1501 2354 cam-

236 2411 334 2466 bustac
356 2414 454 2474 essent,
480 2404 589 2469 statuit,
618 2410 653 2459 ut
679 2402 839 2474 quicunque
865 2402 1064 2458 canuuicaruni
1094 2401 1176 2458 nectes
1198 2403 1229 2458 in
1252 2420 1324 2458 area
1346 2403 1502 2475 capitolina

236 2521 395 2573 exstrueret
408 2520 467 2586 prr
480 2526 662 2567 successorem
679 2508 895 2585 praedecessori
913 2515 968 2564 aret
987 2507 1155 2565 haeredibus
1174 2507 1295 2565 medium
1311 2510 1424 2566 valeres
1434 2517 1501 2582 pre-

696 2616 768 2672 tium
790 2614 953 2672 soluendum
975 2632 1039 2671 esse.

322 2765 358 2820 Et
381 2763 454 2836 quia
476 2761 573 2817 eciam
598 2765 690 2832 prout
714 2759 853 2832 ipsorum
877 2759 989 2832 peticio
1014 2759 1229 2832 subiungebat,
1253 2775 1324 2818 cum
1341 2777 1397 2834 per
1413 2761 1496 2817 cives

234 2871 367 2929 civitatis
392 2867 505 2926 montis
528 2865 712 2923 Grechensis
727 2865 943 2936 zagrabiensis,
959 2850 1099 2938 ipsorum
1116 2881 1186 2923 area
1204 2867 1384 2939 capitularis
1401 2866 1499 2924 iuerat

236 2975 390 3034 hostiliter
413 2978 443 3030 et
466 2971 644 3029 immaniter
676 2970 755 3042 ignis
782 2970 921 3028 incendio
945 2977 1147 3041 concremata,
1171 2972 1287 3029 eisdem
1313 2972 1500 3029 reverendus

235 3089 324 3156 pater
347 3079 492 3138 dominus
513 3078 677 3160 Johannes,
710 3082 789 3143 tunc,
815 3076 952 3148 predicta
976 3077 1024 3134 dei
1049 3084 1078 3134 et
1100 3078 1269 3150 apostolice
1292 3078 1373 3134 sedis
1396 3079 1499 3150 gracia

234 3189 399 3263 episcopus
430 3183 645 3255 zagrabiensis,
680 3198 760 3238 nunc
792 3196 866 3237 vero
898 3184 1149 3255 archiepiscopus
1184 3183 1360 3252 colocensis,
1395 3192 1498 3240 noster

235 3293 443 3368 predecessor,
474 3290 552 3347 hanc
583 3288 753 3344 contulerat
785 3286 963 3345 donacionis
989 3290 1229 3361 prerogativam,
1253 3296 1286 3345 ut
1309 3290 1497 3361 quicumque

234 3400 339 3471 aliqua
362 3395 484 3453 edificia
506 3396 535 3451 in
560 3393 669 3450 eadem
692 3408 764 3450 area
787 3393 948 3466 capitulari
966 3395 1171 3463 constitueret,
1188 3393 1226 3450 de
1242 3394 1358 3451 valoris
1376 3409 1497 3450 eorum-

233 3504 303 3562 dem
328 3502 521 3560 edificiorum
545 3498 710 3556 medietate
742 3499 826 3555 iuxta
850 3498 1034 3571 condignam
1059 3500 1196 3572 ipsorum
1222 3499 1420 3556 dominorum
1437 3499 1496 3556 fra-

235 3616 317 3667 trum
342 3614 518 3666 nostrorum
544 3611 573 3662 et
597 3605 731 3661 aliorum
755 3605 927 3677 proborum
952 3611 981 3661 et
1006 3604 1187 3661 idoneorum
1211 3605 1351 3662 virorum
1375 3606 1496 3662 estima-

233 3716 361 3784 cionem,
386 3712 449 3782 ille,
474 3713 527 3783 qui
549 3712 578 3767 in
603 3709 710 3766 eadem
735 3709 854 3766 edificia
878 3709 1062 3777 succederet,
1087 3716 1251 3782 antequam
1271 3709 1308 3766 ad
1326 3711 1394 3783 ipsa
1410 3710 1496 3768 habi·

232 3826 350 3878 taturus
374 3819 508 3887 intraret,
540 3817 712 3890 plenariam
745 3815 934 3872 solucionem
964 3821 993 3872 et
1017 3814 1228 3872 omnimodam
1252 3814 1494 3872 satisfaccionem

231 3927 316 3983 iuxta
343 3925 439 3998 ipsius
471 3921 643 3979 edificantis
674 3921 702 3976 in
727 3921 791 3977 vita
814 3920 863 3976 vel
889 3920 919 3976 in
943 3926 1044 3977 morte
1066 3920 1303 3993 disposicionem
1329 3920 1495 3993 inpendere

232 4037 392 4089 teneretur.
430 4029 493 4085 Nos
524 4029 619 4084 eciam
652 4029 751 4100 ipsam
784 4027 1015 4099 prerogativam
1047 4026 1225 4084 donacionis
1256 4042 1308 4083 seu
1333 4028 1493 4095 libertatis,

232 4139 277 4195 uti
304 4135 494 4194 laudabilem
526 4140 555 4190 et
586 4133 744 4189 salubrem
776 4133 986 4204 approbantes
1016 4139 1046 4188 et
1069 4132 1276 4188 ratihabentes
1303 4132 1494 4190 roboramus.

230 4241 436 4300 Concedimus
472 4241 605 4311 insuper,
637 4244 729 4310 prout
760 4237 919 4309 hucusque
951 4238 1030 4294 inter
1064 4237 1148 4309 ipsos
1184 4237 1294 4293 iratres
1321 4246 1441 4294 nostros
1464 4246 1494 4294 et

231 4348 369 4421 ipsorum
394 4347 490 4402 eciam
515 4343 747 4416 predecessores
770 4342 939 4399 dinoscitur
956 4343 1049 4400 fuisse
1066 4342 1266 4399 laudabiliter
1282 4343 1491 4413 observatum,

230 4458 263 4510 ut
294 4451 372 4510 inira
405 4451 528 4522 triginta
559 4448 624 4505 dies
655 4448 773 4505 familia
806 4446 980 4504 decedentis
1008 4449 1165 4521 prepositi,
1191 4449 1321 4517 lectoris,
1347 4450 1488 4519 cantoris,

230 4557 377 4627 custodis,
413 4555 619 4613 archidiaconi
652 4560 681 4611 et
712 4554 876 4611 cuiuslibet
907 4555 1042 4611 canonici
1073 4569 1108 4610 ac
1135 4569 1266 4627 persone
1287 4554 1492 4611 ecclesiastice

230 4665 269 4722 de
300 4665 384 4721 curia
416 4678 508 4737 quam
542 4661 675 4719 vivendo
707 4661 885 4728 inhabitant,
920 4676 977 4733 per
1000 4660 1179 4733 quempiam
1202 4661 1340 4716 amoveri
1364 4661 1492 4717 minime

229 4770 329 4847 possit
352 4785 450 4842 neque
473 4768 593 4838 debeat,
618 4768 791 4839 quinimmo
814 4765 895 4822 intra
918 4765 1035 4822 dictum
1059 4766 1198 4838 spacium
1222 4764 1344 4821 dierum
1368 4766 1492 4837 triginta
