3488 5242
667 330 739 387 Dor.
764 344 790 406 7.
818 365 855 372 —
881 332 936 388 Aa.
962 344 1046 408 1217.
1472 350 1489 405 5

226 541 281 583 rex
304 527 335 583 in
358 533 552 600 perpetuum.
578 527 751 584 Venerandi
774 529 857 599 regie
880 529 985 601 stirpis
1009 543 1199 586 successores
1221 536 1285 587 tam
1301 529 1492 603 diligentem,

228 639 290 689 tam
314 633 569 705 circumspectam
593 634 774 690 insubrum
798 643 1027 690 antecessorum
1051 633 1273 692 donacionibus
1292 642 1322 692 et
1339 637 1492 709 institutis,

227 747 256 796 et
288 740 318 797 in
349 739 407 796 hiis
439 741 582 808 maxime,
614 755 674 812 que
705 739 743 796 ad
776 739 824 797 dei
856 741 975 797 cultum
1006 751 1035 797 et
1066 741 1216 798 honorem
1243 740 1391 814 deputata
1414 749 1492 801 sunt,

226 843 341 902 debent
372 846 485 902 habere
513 845 753 917 providenciam,
786 853 818 902 ut
841 848 866 904 si
890 862 950 918 qua
974 853 1070 919 parte,
1101 847 1152 903 vel
1176 862 1291 904 annosa
1314 854 1492 921 temporum

226 952 356 1019 canicie,
388 953 438 1009 vel
470 954 635 1024 inportuno
666 954 906 1024 malignancium
939 955 1043 1026 inpetu
1075 954 1222 1011 vacillare
1250 953 1400 1024 viderint,
1432 971 1493 1014 nou

227 1063 344 1112 tantum
377 1058 406 1114 in
439 1058 549 1114 melius
580 1059 759 1127 immutare,
790 1074 899 1116 verum
932 1059 1027 1116 eciam
1053 1061 1203 1117 inmutata
1226 1076 1280 1117 sue
1303 1062 1493 1119 auctoritatis

227 1163 397 1219 munimine
419 1163 561 1221 studeant
584 1165 612 1220 in
639 1171 823 1237 perpetuum
844 1165 1001 1222 roborare.
1025 1166 1125 1223 Huius
1144 1167 1247 1238 itaque
1262 1167 1346 1239 regie
1362 1168 1493 1224 circum·

227 1269 396 1339 speccionis
411 1268 586 1327 erudicione
599 1270 717 1337 moniti,
731 1271 924 1343 presencium
937 1278 1028 1342 atque
1044 1277 1239 1343 posterorum
1255 1273 1366 1329 noticie
1380 1272 1492 1330 clares·

226 1388 293 1429 cere
310 1374 471 1431 volumus:
496 1374 577 1446 quod
596 1389 668 1430 cum
684 1390 821 1431 essemus
836 1376 867 1432 in
887 1375 1068 1448 exequendo
1084 1377 1191 1433 itinere
1207 1383 1366 1450 assumpte
1381 1377 1491 1449 crucis,

226 1479 370 1535 iniuriam
395 1480 534 1538 crucifixi
551 1480 657 1537 ulcisci
673 1480 811 1537 volentes
827 1481 866 1538 ad
891 1487 1026 1538 sanctam
1044 1491 1159 1538 terram
1175 1481 1424 1554 profisciscendo,
1440 1498 1493 1540 ve·

226 1586 377 1642 nissemus
399 1584 439 1642 ad
461 1586 693 1658 zagrabiensem
717 1586 938 1659 episcopatum,
962 1603 998 1644 ac
1020 1587 1242 1645 monasterium
1259 1589 1493 1659 zagrabieusea

226 1699 331 1746 sancto
348 1689 492 1748 Ladizlao
509 1705 589 1763 rege,
607 1692 796 1748 sanctissime
813 1691 1037 1749 recordacionis
1055 1691 1270 1765 predecessore
1289 1699 1403 1764 nostro,
1422 1708 1493 1751 con·

227 1802 387 1866 structum,
412 1797 464 1869 qui
489 1806 602 1853 terram
634 1795 797 1853 Sclauonie
820 1797 886 1853 sive
909 1797 1057 1854 banatum
1088 1798 1128 1854 ab
1152 1813 1256 1854 errore
1277 1796 1430 1868 ydolatrie
1453 1797 1492 1856 ad

228 1903 482 1960 christianitatem
505 1911 695 1973 convertens,
718 1918 829 1960 corone
862 1903 1019 1976 Hungarie
1046 1905 1240 1977 subiugavit;
1264 1906 1317 1977 qui
1340 1906 1438 1962 eciam
1462 1905 1493 1963 in

228 2008 337 2066 eodem
360 2009 474 2066 banatu
498 2010 711 2082 episcopatum
736 2010 875 2078 instituit,
900 2016 929 2066 et
957 2011 1178 2067 monasterium
1203 2011 1233 2068 in
1256 2012 1373 2069 honore
1396 2011 1492 2069 sancti

226 2116 307 2186 regis
323 2112 471 2188 Stephani
487 2117 665 2182 construxit,
683 2131 738 2189 per
763 2117 956 2173 venerabiles
972 2116 1134 2189 episcopos
1150 2115 1286 2173 dedicari
1304 2115 1490 2174 fecissemus.

226 2221 397 2293 Episcopus
421 2226 450 2278 et
474 2222 645 2293 capitulum
673 2220 811 2278 euisdem
834 2221 895 2278 loci
917 2221 1008 2278 nobis
1032 2222 1191 2279 humiliter
1209 2220 1414 2294 supplicando
1437 2236 1492 2295 po·

226 2327 396 2384 stularunt:
413 2335 446 2384 ut
462 2342 517 2383 nos
534 2327 638 2383 omnia
655 2327 819 2399 privilegia
835 2343 929 2400 super
953 2326 1077 2400 prediis
1094 2327 1339 2399 possessionibus
1352 2333 1382 2385 et
1397 2327 1491 2385 liber-
1576 2305 1581 2313 ¹

226 2432 341 2489 tatibus
361 2433 491 2505 aliisque
515 2432 695 2502 redditibus,
712 2437 775 2489 tam
792 2448 809 2488 a
828 2441 933 2490 sancto
957 2433 1100 2490 Ladizlao
1116 2448 1189 2504 rege
1204 2433 1308 2506 primo
1330 2431 1493 2491 fundatore

226 2539 361 2607 ecclesie,
378 2548 441 2596 tam
458 2540 557 2596 eciam
580 2555 598 2595 a
622 2537 893 2612 predecessoribus
909 2540 1028 2608 nostris,
1048 2539 1211 2612 presertim
1235 2555 1252 2596 a
1276 2538 1371 2596 fratre
1386 2544 1492 2596 nostro

227 2643 327 2702 felicis
343 2644 567 2702 recordacionis
591 2660 663 2716 rege
685 2644 828 2715 Henrico‚
849 2660 942 2717 quam
967 2646 1064 2701 eciam
1088 2646 1138 2718 pie
1160 2660 1178 2701 a
1202 2645 1291 2702 nobis
1307 2645 1430 2716 collata,
1445 2660 1492 2702 se·

226 2751 368 2808 crecioris
399 2757 427 2807 et
456 2751 686 2824 sollempnioris
717 2751 813 2822 sigilli
844 2751 949 2821 nostri,
986 2749 1129 2807 videlicet
1156 2765 1247 2807 auree
1278 2751 1365 2807 bulle
1393 2750 1493 2807 muni·

225 2857 308 2914 mine
340 2856 602 2914 confirmaremus.
641 2856 705 2913 Nos
733 2857 827 2929 igitur
853 2871 961 2913 eorum
989 2856 1075 2912 iustis
1109 2856 1314 2929 peticionibus
1345 2855 1492 2926 inclinati,

225 2969 314 3034 grato
338 2963 476 3019 volentes
499 2978 660 3020 occurrere
683 2978 816 3033 assensu,
846 2964 952 3019 habito
983 2962 1112 3019 consilio
1140 2962 1280 3019 omnium
1311 2967 1492 3033 magnatum

225 3077 410 3140 nostrorum,
434 3070 538 3126 omnia
560 3070 725 3143 privilegia
749 3069 886 3143 predicte
909 3069 1036 3126 ecclesie
1059 3070 1091 3126 in
1114 3068 1253 3126 medium
1280 3067 1410 3126 fecimus
1439 3067 1491 3125 de-

226 3174 304 3241 duci,
321 3181 350 3231 et
371 3191 427 3259 per
449 3176 668 3232 cancellarium
692 3184 832 3233 nostrum
850 3175 1019 3247 Vgolinum
1042 3174 1081 3231 de
1102 3175 1201 3231 verbo
1224 3174 1262 3231 ad
1286 3174 1419 3231 verbum
1441 3189 1492 3230 co·

224 3296 290 3337 ram
316 3280 513 3338 multitudine
539 3281 666 3354 perlegi,
694 3290 723 3339 et
747 3297 817 3338 cum
841 3282 918 3339 nihil
942 3280 1185 3338 contradiccione
1218 3280 1347 3353 dignum
1370 3286 1490 3354 poterat

224 3361 354 3443 inveniri
384 3388 414 3443 in
442 3387 573 3457 eisdem,
594 3389 696 3444 omnia
720 3388 886 3459 privilegia
910 3393 1013 3444 nostra
1036 3393 1066 3444 et
1091 3386 1346 3460 predecessorum
1372 3393 1490 3443 nostro·

224 3507 293 3548 rum
318 3492 495 3549 renovando
519 3493 687 3550 secundum
712 3493 793 3565 quod
820 3494 849 3549 in
874 3491 990 3550 eisdem
1018 3493 1148 3565 singulis
1172 3493 1373 3562 continentur,
1397 3507 1490 3549 aureo

224 3599 329 3670 sigillo
352 3606 457 3655 nostro
481 3598 710 3656 confirmamus¹

313 3751 421 3801 Initium
441 3752 595 3816 diplomatis
622 3753 742 3801 Andreae
767 3751 800 3807 ΙΙ,
820 3753 899 3817 regis,
925 3767 978 3815 quo
1004 3768 1043 3801 an.
1066 3761 1130 3806 1217
1151 3753 1238 3802 omnia
1261 3751 1406 3817 privilegia
1424 3753 1487 3801 ecel.

224 3841 388 3905 zagrabiensi
409 3840 554 3897 confirmat,
574 3849 599 3890 et
618 3842 732 3905 populos
752 3841 807 3890 eius
827 3856 840 3890 a
858 3841 960 3905 judicio
979 3841 1066 3890 bahali
1087 3849 1112 3890 et
1131 3842 1255 3890 descensu
1275 3839 1375 3889 eximit.
1397 3839 1488 3905 Origi-

223 3931 281 3978 nale
302 3929 388 3978 huius.
408 3931 479 3992 quod
500 3937 634 3993 portatum
662 3929 746 3979 luerat
770 3930 857 3978 medio
876 3945 940 3979 saec.
962 3929 1029 3979 XIV
1049 3930 1075 3979 in
1092 3930 1230 3996 Vysegrad
1256 3944 1305 3993 per
1323 3928 1489 3978 Demetrium

224 4016 439 4066 archidiaconum
454 4019 520 4065 ecel.
541 4017 725 4081 zagrabiensis,
745 4020 777 4067 ad
798 4018 977 4068 exhibendum
996 4018 1023 4068 in
1042 4018 1097 4070 lite.
1116 4033 1194 4081 quam
1213 4017 1328 4067 habebat
1341 4016 1488 4081 capitulum

222 4105 249 4154 in
270 4105 343 4153 curia
363 4105 448 4168 regali
468 4121 527 4153 cum
546 4106 648 4154 civibus
668 4105 870 4163 Greehensibus‚
891 4106 942 4155 tuit
962 4107 1126 4156 combustum
1146 4121 1204 4154 cum
1224 4105 1347 4169 pluribus
1360 4103 1420 4153 aliis
1434 4105 1487 4169 pri·

224 4192 330 4256 vilegiis
348 4195 409 4242 eccl.
430 4195 533 4256 zagrab.
555 4194 580 4243 in
600 4196 679 4243 domo
692 4194 792 4242 domini
807 4193 977 4252 Thatamerii,
998 4194 1143 4259 praepositi
1157 4192 1270 4242 albensis
1283 4192 1358 4255 (ride
1370 4192 1486 4241 Thalete.

224 4283 292 4332 lion.
313 4283 372 4332 hist.
395 4282 473 4346 episc.
493 4283 597 4345 zagrab.
618 4282 650 4331 11.
671 4298 695 4346 p.
719 4283 802 4346 115.);
822 4283 868 4331 sed
887 4291 962 4332 tenor
975 4282 1032 4331 eius
1046 4282 1158 4331 insertus
1178 4281 1263 4330 adhuc
1279 4288 1398 4345 tempore
1418 4279 1486 4346 Thy·

224 4370 320 4419 mothei
342 4370 419 4434 episc.
440 4371 544 4433 zagrab.
566 4371 769 4434 (1264—1287)
788 4371 837 4419 sub
854 4370 944 4435 sigillo
964 4370 1058 4420 maiori
1073 4369 1183 4434 capituli
1197 4368 1318 4425 albensis,
1337 4376 1486 4417 asservatur

223 4458 249 4507 in
269 4459 419 4506 membrana
440 4457 465 4506 in
485 4458 593 4507 archivo
613 4459 690 4523 capit.
711 4459 815 4521 zagrab.
829 4457 887 4508 fasc.
906 4467 926 4507 t.
946 4474 984 4507 nr.
1008 4468 1029 4511 l.
1043 4457 1126 4524 Typis
1140 4455 1268 4522 vulgavit.
1290 4455 1356 4504 Bait.
1371 4455 1484 4504 Krdelie.

224 4547 291 4595 Hist.
312 4547 378 4596 cath.
399 4549 461 4596 eccl.
481 4549 585 4612 zagrab.
606 4564 631 4612 p.
651 4556 707 4605 337.
729 4547 836 4597 Farlali.
856 4546 923 4596 Illir.
944 4562 1008 4596 sacr.
1028 4553 1089 4597 tom.
1111 4545 1141 4593 V.
1162 4561 1186 4609 p.
1208 4547 1265 4603 358.
1286 4543 1396 4593 Katona.
1417 4543 1484 4593 Hist.

223 4634 280 4684 crit.
301 4642 361 4684 tom.
382 4636 413 4683 V.
434 4652 458 4700 p.
479 4638 536 4695 24ti.
560 4633 640 4700 l³eje²r
661 4636 725 4684 Cori.
745 4635 811 4700 dipl.
832 4635 878 4685 ΙΙΙ.
902 4646 921 4684 1.
938 4645 995 4684 210.
1011 4636 1084 4700 Joan.
1101 4632 1217 4683 Thalete.
1237 4632 1306 4681 Mon.
1326 4630 1386 4681 hist.
1406 4631 1485 4697 episc.

222 4724 326 4787 zagrab.
347 4733 407 4773 tom.
428 4724 447 4773 1.
468 4740 492 4788 p.
512 4739 552 4784 44.
