3488 5242
256 345 317 404 244
563 326 636 384 Doc.
660 336 727 401 255.
751 320 822 401 256.
851 358 886 367 -
912 324 969 382 An.
993 332 1204 401 1374-1375.

358 521 434 570 Anno
456 528 530 581 1374
845 519 928 585 255.

344 667 519 725 Pestilentia
542 667 667 725 asiatica
689 668 888 739 grassabatur
910 665 1078 738 Zagrabiae
1102 672 1131 723 et
1157 667 1187 723 in
1210 666 1276 723 eius
1299 665 1447 723 districtu.

341 801 428 851 Huius
440 801 607 866 pestilentiae
619 801 717 852 mentio
731 801 761 850 fit
775 801 801 851 in
814 800 911 851 litteris
930 800 1074 858 Elisabeth,
1093 815 1148 864 reg.
1168 799 1330 865 Hungariae,
1344 799 1390 848 vid
1403 815 1441 849 nr.
1456 809 1516 857 271,

253 905 310 940 ann.
333 898 406 948 1377,
426 890 496 939 diem
515 899 555 948 23.
573 889 696 955 Augusti.
1450 892 1453 899 '

846 1067 932 1134 256.

359 1213 435 1259 Anno
457 1216 530 1268 1375,
550 1217 591 1258 21.
611 1207 712 1274 aprilis.
732 1207 762 1258 In
783 1215 869 1258 castro
888 1208 1052 1274 Strassburg.

247 1335 410 1412 johannes,
440 1335 596 1393 Gurcensis
610 1335 689 1408 episc.
706 1334 854 1408 quemdam
872 1335 1000 1404 Petram,
1018 1334 1071 1391 sub
1084 1335 1214 1391 cautione
1220 1333 1408 1408 fideiussorem
1424 1351 1438 1389 e
1453 1351 1516 1389 rur-

253 1441 362 1498 ceribus
395 1442 601 1498 communitatis
642 1440 812 1498 Greclrensis
848 1448 905 1513 pro
928 1439 1016 1515 sestis
1038 1439 1227 1513 paschalibus
1260 1441 1398 1509 emissum,
1428 1440 1514 1496 cidem

379 1546 560 1614 commendat,
584 1563 698 1619 retiaque
720 1545 835 1602 condem
856 1545 891 1601 de
913 1546 1057 1618 reciproca
1083 1545 1210 1601 ariricitr'a
1233 1551 1385 1601 assecurat.

341 1690 482 1773 Johanes
504 1689 553 1746 dei
571 1695 600 1746 et
618 1689 787 1762 apostolice
802 1688 884 1746 sedis
899 1689 1002 1761 gracia
1018 1688 1184 1746 Gurcensis
1200 1689 1327 1746 ecclesie
1343 1689 1516 1762 episcopus,

254 1803 355 1852 sancte
372 1793 616 1865 Salizburgensis
641 1793 768 1851 ecclesie
790 1795 820 1851 in
836 1794 1050 1867 spiritualibus
1067 1795 1199 1852 vicarius
1214 1795 1375 1866 generalis
1399 1809 1515 1852 necnon

252 1901 502 1958 excellentissimi
525 1900 674 1973 principis
696 1898 813 1956 domini
840 1900 935 1957 nostri
963 1900 1188 1971 gloriosissimi,
1216 1899 1333 1958 domini
1359 1900 1516 1958 Ludowici

253 2008 334 2079 regis
359 2007 494 2078 Vngarie
516 2005 703 2078 capellanus.
727 2005 874 2062 Discretis
895 2012 925 2062 et
948 2006 1139 2078 sapientibus
1163 2006 1246 2074 viris,
1270 2005 1377 2062 amicis
1393 2004 1515 2062 karissi-

254 2113 321 2182 mis,
345 2112 447 2181 iudici,
470 2112 650 2168 consulibus
673 2118 703 2167 et
726 2112 832 2168 iuratis
856 2111 988 2168 civitatis
1012 2109 1223 2181 Sagrabiensis
1248 2110 1380 2167 salutem
1405 2116 1434 2167 et
1458 2112 1513 2167 ob-

255 2219 432 2290 sequiosum
463 2217 493 2273 in
532 2216 676 2273 omnibus
713 2217 851 2273 animum
889 2216 1111 2289 complacendi.
1151 2215 1229 2273 Cum
1269 2217 1350 2273 enim
1391 2217 1515 2273 Petrum

253 2321 502 2381 Chursthkonem
526 2321 564 2378 de
580 2320 691 2393 Chray,
716 2322 909 2394 presencium
925 2328 1070 2392 actorem,
1087 2327 1226 2379 nostrum
1244 2330 1273 2379 et
1290 2321 1370 2379 dicte
1389 2323 1515 2380 ecclesie

252 2434 356 2486 nostre
378 2428 524 2485 colonum
548 2426 675 2484 fidelem
698 2442 756 2500 pro
778 2428 936 2499 aliquibus
959 2434 1060 2484 vestre
1083 2428 1217 2485 civitatis
1243 2426 1354 2484 litteris
1377 2444 1430 2484 seu
1447 2428 1516 2484 aliis

253 2536 355 2604 rebus,
379 2541 413 2590 ut
435 2533 536 2591 dicitis
559 2548 624 2603 vos,
648 2531 686 2589 de
710 2533 844 2606 quadam
867 2534 1002 2591 stacione
1025 2549 1078 2591 seu
1102 2533 1233 2590 comodo
1256 2534 1377 2590 sinistre
1403 2534 1516 2591 ablatis

254 2646 413 2712 tamquam
438 2638 614 2695 maleficum
640 2639 878 2712 captivaveritls‚
902 2647 936 2696 ut
959 2639 1042 2697 idem
1074 2640 1163 2696 nobis
1193 2639 1300 2696 retulit
1322 2645 1353 2695 et
1376 2640 1514 2711 promul-

253 2745 347 2818 gavit,
369 2758 462 2817 quem
486 2748 588 2800 tamen
612 2759 668 2800 nos
691 2759 746 2801 nec
768 2750 974 2802 antecessores
991 2745 1086 2802 nostri
1103 2745 1182 2801 dicte
1198 2743 1363 2801 Gurcensis
1387 2745 1515 2802 ecclesie

253 2851 389 2925 episcopi
413 2850 443 2906 in
466 2850 572 2922 aliqua
594 2850 716 2907 sinistra
738 2851 862 2909 accione
894 2865 1044 2923 umquam
1075 2850 1263 2922 reperimus;
1289 2855 1319 2907 ct
1342 2865 1397 2906 vos
1422 2850 1515 2906 modo

254 2955 386 3012 eundem
409 2955 439 3011 in
463 2954 641 3012 huiusmodi
665 2954 737 3012 facti
761 2957 932 3013 immunem
957 2957 1116 3013 inventum
1140 2956 1198 3012 sub
1222 2957 1365 3012 caucionc
1393 2939 1516 3012 fideius-

254 3062 335 3117 soria
366 3076 464 3132 usque
500 3060 608 3117 feriam
640 3067 757 3119 sextam
791 3061 871 3120 infra
902 3067 1025 3118 octavas
1056 3060 1148 3117 Pasce
1182 3061 1340 3134 pendente,
1373 3062 1516 3134 proxime

253 3172 414 3222 venturam
439 3165 679 3235 excredideritis
703 3167 744 3224 ita
768 3167 920 3233 videlicet,
945 3166 1028 3240 quod
1054 3166 1134 3223 idem
1153 3166 1260 3222 Petrus
1284 3168 1374 3224 vobis
1398 3167 1516 3224 litteras

253 3271 375 3328 interim
401 3277 519 3327 nostras
543 3277 665 3344 apertas
689 3273 784 3329 affere
807 3273 926 3343 debeat,
963 3273 991 3329 in
1025 3288 1086 3344 qua
1117 3287 1171 3329 nos
1198 3273 1321 3330 nomine
1345 3274 1514 3330 amicorum

254 3376 326 3434 dicti
351 3376 433 3433 Petri
456 3393 508 3433 seu
532 3377 665 3434 aliorum
690 3393 959 3451 quorumcumque
991 3379 1162 3447 hominum,
1193 3379 1282 3435 nobis
1313 3385 1342 3436 et
1366 3378 1445 3436 dicte
1469 3395 1516 3436 ec·

254 3483 346 3539 clesie
377 3487 480 3540 nostre
510 3483 700 3540 iurisdicioni
731 3485 941 3542 subiectorum
973 3501 1009 3540 ex
1035 3484 1139 3543 debito
1163 3491 1192 3541 et
1215 3485 1280 3541 iure
1305 3484 1515 3557 profiteamur,

254 3587 336 3659 quod
369 3587 516 3644 ammodo
548 3590 646 3658 vobis
677 3595 779 3646 vestre
810 3596 946 3663 pretacte
975 3591 1092 3647 civitati
1133 3605 1186 3646 seu
1218 3590 1354 3646 eiusdem
1383 3591 1515 3646 civitatis

255 3699 355 3749 vestre
377 3694 589 3751 communitati
614 3709 671 3767 pro
694 3695 776 3752 dicta
797 3695 1040 3769 deprehensione
1070 3695 1153 3753 dicto
1183 3697 1293 3752 colono
1321 3701 1426 3752 nostro
1450 3697 1514 3753 inu-

254 3799 385 3855 maniter
408 3798 495 3855 illata
517 3799 636 3856 nullam
654 3800 900 3872 indignacionem
916 3816 969 3857 seu
986 3801 1182 3857 inimiciciam
1199 3800 1312 3857 inferre
1328 3800 1513 3868 debeamus;

254 3904 397 3975 quamvis
421 3909 522 3962 tamen
546 3922 584 3962 ex
608 3906 713 3963 debita
737 3907 924 3978 benignitate
947 3907 1088 3963 homines
1112 3913 1232 3963 nostros
1255 3913 1285 3962 et
1312 3907 1438 3963 ecclesie
1462 3921 1514 3962 no·

253 4014 315 4064 stre
339 4008 478 4065 subditos
500 4026 538 4067 ex
561 4011 615 4068 tali
640 4013 689 4068 vel
714 4012 824 4068 maiori
847 4012 974 4068 honesta
997 4012 1192 4082 obligacione
1227 4013 1346 4084 eripere
1369 4027 1422 4069 seu
1446 4012 1515 4068 red·

253 4111 370 4169 dimere
394 4117 563 4173 teneamini.
587 4117 785 4190 Quapropter
808 4133 872 4187 vos,
896 4118 1053 4175 civitatem
1077 4124 1106 4173 et
1129 4118 1381 4174 communitatem
1415 4125 1515 4174 vestre

254 4219 395 4290 civitatis
419 4226 452 4277 ut
476 4221 638 4295 prefertur,
662 4239 700 4279 ex
724 4231 812 4296 parte
835 4230 938 4279 nostra
962 4239 1015 4279 seu
1039 4223 1211 4279 amicorum
1234 4238 1269 4279 ac
1288 4223 1421 4279 aliorum
1440 4239 1515 4295 quo·

253 4338 456 4397 rumcumque
480 4327 640 4384 hominum
665 4330 754 4386 nobis
778 4335 808 4386 et
831 4328 912 4386 dicte
935 4329 1062 4385 ecclesie
1085 4336 1188 4386 nostre
1204 4328 1410 4397 subditorum,
1428 4330 1511 4386 dicto

254 4429 345 4486 Petro
369 4432 563 4501 atinencium,
587 4449 644 4506 pro
668 4434 749 4492 dicta
772 4436 950 4509 captivitate
973 4436 1013 4491 ab
1037 4435 1121 4490 omni
1151 4435 1290 4492 ulteriori
1320 4435 1515 4507 impeticione

254 4550 307 4592 seu
338 4535 549 4609 indignacione
584 4540 796 4612 promittimus
827 4541 994 4598 assecurari
1026 4548 1055 4597 et
1086 4541 1280 4613 presentibus
1305 4540 1514 4613 promittendo

253 4641 466 4712 certificamus‚
490 4645 544 4700 tali
568 4643 687 4702 adiecta
710 4645 898 4714 condicione,
932 4645 1014 4718 quod
1046 4660 1101 4702 vos
1129 4647 1327 4702 munimentis
1351 4647 1461 4702 vestris
1484 4650 1514 4702 et

253 4746 386 4805 civitatis
407 4754 510 4806 vestre
526 4749 636 4807 litteris
659 4767 676 4808 e
698 4765 847 4808 converso
868 4766 924 4808 nos
948 4758 978 4807 et
998 4750 1160 4808 ecclesiam
1183 4758 1321 4808 nostram
1336 4766 1389 4808 seu
1406 4766 1514 4808 omnes
