3488 5242
253 321 292 378 26
590 321 662 378 Doc.
680 333 732 396 31.
750 333 804 396 32.
832 354 868 362 —
894 318 1186 399 An'1256-1257.

247 519 385 575 ¹tentione
415 520 607 590 accesserint,
640 520 806 589 annuatim,
844 519 882 576 de
921 520 1140 593 omnipotentis
1171 520 1220 577 dei
1249 520 1461 578 misericordia
1495 527 1524 578 et

248 621 413 681 'beatorum
444 624 525 682 Petri
555 633 584 682 et
622 625 718 694 Pauli,
750 626 815 682 eius
846 626 1026 683 auctoritate
1064 626 1180 694 confisi,
1216 642 1311 684 unum
1344 643 1459 684 annum
1492 634 1521 685 et

256 727 461 802 quadraginta
492 731 557 788 dies
589 732 627 788 de
659 732 793 788 iniuncta
817 732 860 788 eis
885 731 1052 805 penitentia
1075 731 1317 789 misericorditer
1340 734 1523 790 relaxamus.

255 832 370 892 Datum
404 838 551 909 Anagnie,
583 838 648 897 XV.
669 837 816 895 kalendas
842 837 980 909 Augusti.
1005 837 1204 895 Pontificatus
1226 839 1323 896 nostri
1345 854 1425 896 anno
1449 838 1524 896 duo-

255 940 384 1000 decimo.

343 1061 484 1124 Originale
504 1063 530 1111 in
549 1064 707 1119 membrana.
727 1064 754 1112 in
777 1078 831 1125 quo
851 1078 866 1112 a
885 1068 950 1112 zona
972 1063 1070 1112 sericea
1089 1064 1219 1128 dependet
1239 1065 1363 1129 plumbea
1382 1065 1463 1113 bulla.
1484 1065 1523 1113 Ex

256 1151 326 1199 arch.
348 1151 425 1214 capit.
445 1152 549 1216 zagrab.
569 1151 630 1200 fase.
654 1161 708 1201 101.
723 1167 761 1200 nr.
779 1163 800 1200 2.
816 1154 897 1202 Adest
916 1167 1023 1215 quoque
1037 1152 1064 1201 in
1078 1159 1205 1216 excerpta
1225 1152 1251 1201 in
1270 1152 1342 1201 libro
1357 1154 1521 1203 Statutorum

255 1244 323 1303 part.
343 1238 388 1288 lV.
409 1254 428 1287 c.
450 1238 482 1287 11.
502 1239 586 1306 Typis
606 1240 726 1304 vulgarit
745 1241 818 1306 Joan.
839 1239 954 1290 Tkaldie.
976 1240 1045 1290 Mon.
1066 1240 1125 1290 hist.
1145 1240 1222 1305 episc.
1237 1241 1341 1305 zagrab.
1356 1258 1378 1289 r.
1393 1240 1426 1290 11.
1441 1257 1465 1306 p.
1480 1250 1521 1302 93.

858 1525 914 1590 31.

361 1666 408 1713 An.
433 1665 505 1722 1256,
526 1675 565 1714 21.
585 1666 682 1715 martii.
702 1669 780 1731 Apud
800 1667 896 1716 Albam
917 1667 1023 1716 curiam.

253 1793 328 1848 Belo
359 1793 382 1848 Ι
387 1793 414 1848 V.
447 1793 624 1866 Hungoriae
646 1802 692 1851 etc.
717 1813 770 1850 rex
792 1795 916 1852 concedit
935 1795 1043 1852 civibus
1065 1795 1098 1852 de
1120 1803 1211 1852 monte
1244 1794 1340 1852 Grech
1370 1794 1519 1850 nundinas

621 1901 666 1957 die
680 1903 802 1976 festos.
828 1901 931 1958 Marci
951 1904 1150 1974 evangelistae.

345 2044 409 2101 Nos
434 2037 530 2122 B(ela)
553 2045 601 2103 dei
622 2047 725 2117 gracia
748 2063 801 2102 rex
822 2046 985 2118 Hungarie.
1003 2045 1219 2119 Significamus
1235 2045 1388 2115 omnibus,
1405 2044 1519 2117 quibus

244 2153 408 2221 ,presentes
440 2151 669 2222 hostendentur,
702 2150 783 2224 quod
810 2150 968 2208 voluimus
998 2166 1033 2209 ac
1056 2153 1272 2222 concessimus,
1304 2158 1336 2208 ut
1362 2151 1393 2208 in
1416 2157 1521 2208 monte

251 2253 351 2311 Grech
377 2255 415 2313 de
439 2256 598 2328 Zagrabia‚
628 2257 762 2314 nundine
792 2258 833 2314 ab
864 2262 934 2314 octo
957 2256 1066 2314 diebus
1090 2262 1159 2314 ante
1183 2257 1296 2314 festum
1320 2256 1402 2313 beati
1425 2257 1521 2313 Marci

251 2362 440 2434 evangeliste
472 2363 649 2436 incipiendo
678 2379 776 2435 usque
806 2362 842 2419 ad
875 2371 1000 2420 octavas
1031 2363 1167 2421 eiusdem
1201 2363 1279 2433 festi,
1310 2365 1374 2420 sine
1403 2363 1520 2420 tributo

251 2467 392 2537 quolibet
416 2471 620 2527 celebrentur.
640 2468 728 2528 Unde
744 2470 932 2541 quicumque
954 2470 1005 2526 vel
1030 2468 1244 2541 undecumque
1267 2469 1422 2527 voluerint
1446 2469 1520 2547 illic,

250 2590 354 2631 secure
386 2581 415 2632 et
447 2577 545 2633 libere
577 2576 709 2634 debeant
740 2575 895 2645 advenire,
927 2575 1067 2633 iaciendo
1097 2582 1313 2646 mercaturam,
1344 2590 1450 2632 secure
1481 2573 1519 2631 ad

245 2682 378 2754 propria
410 2688 611 2754 revertantur,
644 2682 815 2754 nullusque
843 2683 918 2756 ipsis
949 2681 1085 2755 dampna
1108 2683 1159 2738 vel
1175 2681 1341 2758 molestias
1363 2687 1522 2754 presumat

251 2787 444 2861 aliquatenus
476 2790 629 2861 irrogare,
658 2803 727 2846 cum
760 2789 893 2846 velimus
924 2803 976 2845 eos
1007 2787 1082 2845 illuc
1113 2787 1294 2860 congregari
1325 2787 1384 2843 sub
1416 2792 1520 2844 nostra

250 2896 444 2966 proteccione
468 2895 602 2967 speciali.
626 2895 743 2952 Datum
768 2894 851 2969 apud
869 2894 983 2951 Albam
1006 2894 1123 2950 curiam
1149 2894 1179 2949 in
1203 2892 1282 2949 festo
1306 2895 1402 2950 sancti
1427 2891 1518 2949 Bene·

250 2998 331 3084 dicti.
357 3001 446 3057 Anno
470 2999 587 3058 domini
613 3000 697 3057 MCC
724 3000 981 3073 quinquagesimo
1005 3007 1099 3055 sexto,

241 3184 245 3193 ,
339 3137 545 3202 Etransumpto
565 3137 689 3201 Stephani
714 3137 784 3201 regis
804 3136 959 3201 Hungnriae
979 3142 1026 3184 ete.
1047 3137 1079 3185 de
1098 3150 1165 3185 anno
1190 3143 1261 3188 1270.

355 3443 403 3489 An.
427 3447 500 3497 1257,
521 3448 561 3498 30.
582 3440 678 3490 martii.
856 3405 917 3471 32·

250 3568 372 3638 Petrus,
403 3569 622 3626 archidroconus
652 3568 845 3637 cathedralis,
871 3570 1050 3641 permittente
1080 3587 1144 3640 rege
1174 3567 1248 3624 Belo
1272 3565 1338 3636 JV„
1366 3565 1521 3622 introducit

252 3674 430 3748 Zagrabiom
452 3675 603 3733 monachos
630 3676 689 3732 ord.
718 3674 924 3749 Cysterciensis‚
948 3675 998 3731 ubi
1011 3683 1070 3748 pro
1093 3675 1152 3731 illis
1174 3673 1382 3748 aedificaverat
1407 3671 1468 3728 eccl.
1493 3671 1515 3727 b.

474 3801 499 3838 o.
523 3783 653 3852 Mariae,
685 3782 811 3839 dotatam
826 3781 1052 3855 possessionibus
1074 3787 1103 3837 et
1122 3778 1295 3835 molendinis.

338 3926 411 3983 Bela
442 3926 491 3984 dei
521 3928 623 3999 gracia
658 3927 833 3998 Hungarie‚
864 3926 1038 3995 Dalmacie‚
1074 3924 1213 3992 Croucie,
1254 3923 1363 3991 Rome,
1401 3919 1516 3989 Seruie,

250 4032 397 4101 Gallicie‚
427 4033 611 4091 Lodomerie
634 4020 846 4105 Cumanieque
869 4048 931 4089 rex.
966 4030 1125 4089 Universis
1148 4034 1307 4102 presentes
1331 4028 1449 4084 litteras
1473 4027 1517 4083 in·

250 4141 400 4213 specturis
424 4140 556 4197 salutem
580 4141 610 4196 in
635 4155 679 4207 eo,
704 4139 756 4210 qui
783 4145 829 4195 est
851 4138 935 4194 salus
959 4137 1107 4193 omnium.
1130 4135 1225 4217 Justis
1247 4133 1421 4207 petencium
1437 4131 1516 4189 desi·

250 4244 343 4302 deriis
362 4245 511 4318 principis
529 4247 672 4302 convenit
688 4245 825 4302 animum
845 4243 993 4311 inclinari,
1016 4242 1178 4315 presertim
1205 4254 1274 4297 cum
1292 4240 1332 4295 ab
1348 4255 1384 4295 eo
1402 4239 1516 4311 petitur

250 4351 332 4424 quod
357 4351 448 4408 saluti
479 4352 655 4420 conveniat,
686 4350 769 4422 quod
799 4351 917 4407 iusticie
943 4350 1069 4405 minime
1092 4345 1288 4404 contradicat.
1322 4344 1452 4401 Proinde
1476 4343 1513 4400 ad

250 4457 466 4514 universorum
491 4457 636 4514 noticiam
661 4457 808 4513 volumus
831 4457 1006 4528 pervenire,
1039 4446 1293 4526 quod'accedens
1316 4451 1354 4507 ad
1379 4456 1514 4507 nostram

251 4563 441 4635 presenciam
466 4563 614 4634 magister
630 4561 747 4631 Petrus,
767 4561 999 4619 archidiaconus
1016 4558 1231 4631 zagrabiensis
1251 4557 1341 4614 nobis
1357 4557 1517 4613 humiliter

242 4669 454 4742 supplicavit,
486 4675 519 4725 ut
559 4667 754 4725 donationem
795 4682 889 4740 quam
920 4665 1047 4723 ecclesie
1075 4665 1164 4722 beate
1195 4663 1324 4735 virginis
1355 4664 1384 4719 in
1416 4662 1517 4718 insula

249 4771 359 4849 Egidii,
383 4774 414 4831 in
438 4788 501 4849 qua
524 4771 708 4831 fundaverat
730 4771 815 4830 idem
836 4771 963 4845 Egidius
978 4770 1156 4828 ecclessiam
1171 4768 1267 4827 saneti
1282 4768 1400 4850 Jacobi,
1417 4767 1517 4825 facere
