3488 5242
242 305 280 378 38
670 303 742 360 Doc.
766 311 815 380 47.
843 335 879 343 —
904 300 960 358 An.
984 297 1075 380 1264

244 501 327 574 dam,
350 502 522 560 exhibeatis
546 502 718 572 consilium,
742 499 892 558 auxilium
918 504 948 556 et
970 497 1112 556 favorem
1134 498 1165 556 in
1188 498 1257 568 hiis,
1282 514 1377 572 super
1393 498 1507 570 quibus

240 623 298 671 ros
321 607 446 666 duxerit
464 607 681 681 requirendos;
697 607 836 680 alioquin
852 606 1044 676 sententiam,
1061 620 1156 678 quam
1171 603 1255 663 idem
1273 604 1438 678 episcopus
1454 604 1507 661 vel

243 712 382 787 prefatus
404 713 638 788 penitentiarius
661 713 719 771 rite
742 711 848 769 tulerit
871 712 902 768 in
925 711 1060 786 rebelles
1082 715 1182 768 ratam
1207 710 1394 768 habebimus
1414 715 1444 767 et
1463 708 1507 767 fa·

240 819 357 877 ciemus
380 824 504 876 auctore
527 818 654 877 domino
678 818 903 876 inviolabiliter
932 816 1101 875 observari.
1133 816 1249 874 Datum
1276 814 1360 889 apud
1386 815 1505 874 Urbem

214 932 376 992 ¹veterem
399 923 465 980 XV.
488 923 637 981 kalendas
660 922 817 982 februarii.
841 922 1040 981 Pontificatus
1063 923 1161 980 nostri
1183 937 1263 980 anno
1287 922 1389 980 tercio.

326 1060 424 1126 Ereg.
443 1059 511 1126 orig.
532 1060 635 1111 Urbani
653 1060 699 1110 1v.
719 1075 758 1109 an.
778 1059 825 1109 111.
845 1075 885 1124 ep.
905 1069 947 1122 91.
975 1088 1006 1096 -
1031 1060 1062 1108 A.
1088 1057 1210 1108 Theiner.
1239 1056 1309 1107 Mon.
1336 1058 1425 1123 Hung.
1445 1057 1505 1107 hist.

238 1154 255 1199 t
275 1147 295 1198 1.
315 1165 339 1214 p.
363 1148 420 1198 262.
442 1178 473 1186 -
495 1149 615 1199 Farlatti.
635 1149 702 1199 Illir.
722 1165 787 1199 sacr.
808 1157 868 1198 tom.
890 1148 922 1197 V.
943 1163 968 1212 p.
988 1155 1046 1206 373.

734 1376 737 1383 Ι
839 1432 902 1499 47.

344 1595 420 1641 Anno
442 1591 515 1652 1264,
535 1599 576 1647 23.
595 1587 717 1654 januarii.
736 1591 816 1654 Apud
836 1590 936 1641 Urbem
957 1595 1079 1639 veterem.

244 1721 397 1779 Gualterio
420 1720 480 1776 orat
504 1720 646 1775 martorum
670 1719 707 1776 ab
735 1719 852 1778 Urbano
874 1720 931 1777 IV.
956 1721 1044 1792 Papa
1066 1738 1137 1777 cura
1161 1721 1290 1777 ecclesroe
1312 1719 1506 1793 zagrabicnsts

783 1827 972 1884 committitur.

324 1989 470 2049 Urbanus
497 1989 664 2062 episcopus
687 2004 795 2046 servus
819 2003 981 2046 servorum
1002 1987 1059 2046 dei.
1083 1989 1206 2047 Dilecto
1222 1988 1290 2046 filio
1306 1987 1394 2046 fratri
1410 1986 1505 2044 Gual·

237 2097 314 2154 ten'o
337 2095 376 2154 de
399 2094 506 2152 ordine
538 2094 671 2151 fratrum
701 2094 867 2164 minorum,
898 2096 1122 2169 penitentiario,
1153 2094 1315 2167 capellano
1346 2100 1376 2150 et
1398 2093 1505 2150 nuntio

235 2209 340 2260 nostro
364 2202 499 2267 salutem
522 2207 552 2257 et
579 2199 785 2274 apostolicam
808 2201 1064 2260 benedictionem.
1080 2202 1163 2259 Inter
1178 2201 1256 2262 alias
1271 2198 1504 2270 sollicitudines,

237 2309 351 2382 quibus
374 2307 496 2366 assidue
530 2307 712 2381 premimur,
745 2308 881 2380 cogitare
912 2322 967 2365 nos
995 2307 1146 2378 convenit,
1179 2313 1212 2364 ut
1243 2307 1371 2365 ecclesie
1393 2323 1428 2365 ac
1451 2306 1505 2363 ille

237 2415 393 2488 precipue,
419 2431 479 2487 que
504 2420 575 2471 sunt
597 2413 768 2487 episcopali
793 2413 941 2486 dignitate
965 2412 1095 2486 predite.
1119 2414 1149 2471 in
1172 2419 1254 2471 statu
1281 2412 1452 2485 tranquillo
1476 2419 1505 2470 et

236 2537 387 2595 prospero
411 2526 641 2578 conserventur.
666 2517 745 2577 Sane
776 2520 904 2578 ecclesia
932 2519 1125 2591 zagabriensi
1154 2519 1288 2593 pastoris
1319 2519 1429 2576 solatio
1449 2517 1504 2575 de·

237 2628 350 2697 stituta,
381 2642 437 2683 nos
464 2626 678 2683 venerabilem
712 2625 839 2683 fratrem
870 2631 1013 2683 nostrum
1043 2624 1243 2682 Timotheum
1273 2624 1504 2696 zagabriensem

238 2733 429 2806 episcopum,
455 2738 526 2788 tunc
549 2730 803 2789 archidiaconum
826 2731 864 2788 de
888 2730 962 2790 Zala
985 2733 1016 2789 in
1040 2731 1169 2789 ecclesia
1190 2730 1415 2804 vesprimiensi,
1432 2732 1504 2788 sub·

237 2837 402 2894 diaconum
425 2843 454 2895 et
478 2837 676 2911 capellanum
698 2843 842 2895 nostrum
864 2854 900 2896 ac
923 2839 1106 2896 canonicum
1138 2838 1344 2911 zagabriensis
1368 2838 1504 2909 ecclesie,

187 3019 190 3022 ‚
236 2944 275 3002 de
299 2943 430 3005 fratrum
455 2953 631 3002 nostrorum
655 2946 784 3003 consilio
808 2951 838 3002 et
860 2945 1030 3019 apostolice
1047 2945 1239 3019 plenitudine
1259 2946 1419 3020 potestatis
1435 2961 1504 3018 pre-

238 3050 368 3108 fecimus
392 3052 452 3126 ipsi
475 3051 665 3124 zagabriensi
689 3052 817 3109 ecclesie
840 3053 871 3109 in
895 3051 1077 3125 episcopum
1102 3058 1132 3109 et
1151 3057 1319 3125 pastorem,
1335 3068 1370 3109 ac
1390 3052 1418 3108 ei
1434 3067 1504 3108 con-

239 3158 417 3215 secrationis
441 3173 553 3214 munus
577 3157 723 3214 duximus
748 3156 1000 3231 impendendum,
1024 3158 1159 3215 iniuncto
1176 3157 1312 3233 capitulo
1336 3158 1433 3231 ipsius
1457 3175 1503 3215 ec-

231 3243 328 3319 clesie
351 3269 381 3320 et
405 3264 488 3320 clero
513 3263 645 3320 civitatis
669 3269 699 3320 et
723 3263 852 3321 diocesis
877 3264 1087 3335 zagabriensis
1109 3281 1165 3337 per
1188 3265 1306 3322 litteras
1329 3270 1449 3322 nostras
1472 3271 1507 3322 ut

238 3369 299 3441 ipsi
322 3368 462 3440 predicto
487 3370 641 3442 episcopo,
665 3373 736 3427 tunc
759 3369 865 3440 electo,
900 3377 1062 3441 tamquam
1092 3371 1174 3443 patri
1197 3378 1226 3427 et
1250 3370 1367 3443 pastori
1390 3371 1505 3428 anima·

236 3489 308 3531 rum
331 3489 458 3531 suarum
474 3473 586 3531 devote
602 3475 760 3532 intendere
776 3481 986 3548 procurarent.
1002 3476 1040 3532 Et
1057 3477 1129 3533 licet
1152 3476 1309 3550 predictus
1332 3477 1504 3550 episcopus,

235 3581 313 3637 sicut
336 3580 519 3653 accepimus,
543 3580 696 3653 quosdam
718 3582 841 3639 nuntios
863 3587 893 3638 et
918 3589 1134 3655 procuratores
1157 3598 1228 3640 suos
1251 3581 1290 3639 ad
1313 3582 1441 3640 eandem
1458 3599 1505 3640 ec-

237 3686 363 3744 clesiam
392 3685 561 3757 destinarit,
594 3687 647 3759 qui
678 3703 776 3759 usque
806 3686 846 3744 ad
881 3687 1049 3745 adventum
1080 3689 1178 3762 ipsius
1205 3689 1342 3763 episcopi
1366 3688 1504 3747 eiusdem

238 3792 365 3849 ecclesie
389 3807 495 3849 curam
518 3800 659 3864 gererent
683 3793 874 3866 diligentem,
907 3800 1009 3851 tamen
1042 3794 1102 3868 ipsi
1132 3810 1193 3852 non
1222 3794 1346 3853 fuerunt
1368 3795 1503 3853 admissi.

236 3896 300 3954 Nos
330 3898 433 3970 itaque
465 3898 631 3971 cupientes,
661 3904 694 3955 ut
725 3899 833 3956 eadem
865 3900 993 3957 ecclesia
1025 3901 1204 3958 salubribus
1236 3901 1379 3974 proficiat
1408 3903 1503 3959 incre·

237 4005 359 4072 mentis
381 4003 419 4060 de
443 4011 495 4061 tua
519 4005 801 4078 circumspectione,
825 4022 920 4079 quam
951 4008 981 4065 in
1010 4007 1117 4064 multis
1141 4015 1170 4064 et
1194 4007 1299 4065 arduis
1322 4024 1429 4066 sumus
1452 4025 1503 4067 ex·

237 4111 325 4182 perti,
348 4110 464 4180 confisi,
488 4118 518 4166 te
540 4126 598 4184 pro
622 4110 760 4168 eiusdem
791 4112 918 4170 ecclesie
949 4118 979 4170 et
1013 4114 1110 4187 ipsius
1138 4113 1277 4187 episcopi
1300 4116 1503 4186 procurandis

237 4221 267 4272 et
291 4216 490 4288 expediendis
513 4218 642 4289 negotiis
670 4217 709 4275 ad
741 4225 843 4291 partes
875 4219 1010 4291 Ungarie
1042 4219 1187 4277 duximus
1219 4220 1442 4293 destinandum,
1474 4229 1503 4279 et

237 4323 462 4394 procurationis
486 4323 624 4380 officinm
647 4324 687 4380 ab
711 4324 821 4381 eodem
844 4326 990 4398 episcopo
1014 4327 1079 4398 tibi,
1103 4334 1138 4384 ut
1158 4328 1312 4397 asseritur,
1341 4329 1421 4386 circa
1452 4346 1502 4386 cu·

237 4443 304 4484 ram
328 4430 359 4485 in
383 4429 598 4502 spiritualibus
621 4436 650 4487 et
675 4431 902 4504 temporalibus
925 4431 1005 4490 dicte
1029 4434 1155 4491 ecclesie
1178 4435 1387 4507 commissum,
1406 4437 1502 4510 ipsius

237 4533 376 4592 inclinati
399 4536 678 4609 supplicationibus
709 4538 845 4611 episcopi
879 4540 1097 4614 approbantes,
1131 4540 1259 4598 eandem
1291 4557 1397 4599 curam
1421 4543 1502 4600 circa

239 4638 306 4710 ipsa
328 4641 504 4713 spiritualia
526 4647 556 4699 et
580 4643 764 4717 temporalia
788 4659 885 4716 usque
909 4645 947 4702 ad
973 4645 1206 4720 beneplacitum
1236 4648 1334 4720 ipsius
1365 4648 1502 4723 episcopi

239 4742 303 4815 tibi,
327 4747 507 4805 auctoritate
529 4748 719 4821 presentium
754 4747 899 4808 duximus
932 4752 1193 4811 committendam.
1217 4752 1368 4826 Quocirca
1391 4753 1504 4813 discre-
