3488 5242
680 345 753 403 Dec.
777 357 847 423 254.
874 379 910 388 —
934 346 990 403 An.
1014 357 1102 422 1372.

846 537 932 603 254.

361 661 437 708 Anno
460 667 534 717 1372,
556 667 594 708 10.
613 658 711 709 martii.
731 659 761 708 In
780 659 920 725 Visegrad.

277 768 440 825 Ludnrn'cns
463 768 639 839 Hnngariue
661 776 708 826 etc.
733 788 794 837 rex,
818 769 964 827 nundinas
989 771 1112 844 singnlis
1134 772 1222 845 festis
1243 789 1265 828 s.
1289 771 1502 843 Margaretltne

521 877 550 931 in
573 875 707 932 suburbio
736 875 895 932 Greclrensi
913 875 1105 945 celebrandas,
1128 877 1256 934 concedit.

345 1001 408 1058 Nos
433 1000 605 1058 Lodouicus
629 1001 678 1058 dei
701 1002 804 1072 gracia
835 1018 889 1058 rex
922 1004 1086 1075 Hungarie‚
1111 1003 1245 1073 Polonie,
1278 1005 1439 1062 Dalmacie
1462 1009 1519 1061 etc.

255 1106 471 1179 Significamus
495 1113 600 1163 tenore
623 1108 816 1181 presencium
845 1109 958 1180 quibus
989 1109 1116 1182 expedit
1146 1110 1306 1180 universis,
1337 1108 1419 1182 quod
1445 1110 1519 1182 quia

255 1229 310 1270 nos
334 1230 370 1270 ex
396 1213 492 1270 nostri
523 1214 599 1284 regii
622 1213 781 1284 regiminis
804 1212 909 1270 officio
932 1215 1022 1271 nobis
1045 1214 1193 1272 divinitus
1225 1214 1342 1272 credito
1365 1216 1447 1272 circa
1469 1229 1521 1271 co·

255 1319 349 1376 moda
372 1325 402 1375 et
424 1319 572 1376 utilitates
600 1319 760 1376 civitatum
791 1325 967 1378 nostrarum
1000 1321 1151 1392 regalium
1179 1320 1336 1378 attendere
1359 1327 1388 1378 et
1411 1322 1520 1393 invigi-

255 1424 320 1481 lare
344 1432 492 1494 tenemur,
514 1430 548 1481 ut
571 1425 681 1498 populi
705 1425 734 1481 in
759 1425 876 1482 eisdem
899 1427 1062 1482 existentes
1086 1427 1163 1483 sicut
1180 1442 1309 1483 numero
1333 1428 1376 1483 sic
1398 1433 1429 1483 et
1444 1425 1520 1483 fide·

255 1531 341 1587 litate
365 1537 542 1602 augeantur,
567 1530 745 1602 discantque
777 1532 835 1588 sub
863 1532 1003 1605 principe
1034 1532 1171 1603 glorioso
1196 1532 1342 1589 devocius
1367 1532 1520 1593 famulari.

256 1635 294 1692 de
328 1636 506 1708 eisdemque
541 1637 669 1692 materia
700 1637 824 1693 lionoris
855 1644 884 1694 et
915 1637 1032 1695 fructus
1065 1639 1226 1710 proveniat
1255 1639 1338 1709 regie
1368 1640 1520 1696 maiestati

256 1743 404 1798 utilitatis.
430 1742 494 1798 Hac
517 1743 619 1813 itaque
635 1740 882 1799 consideracione
903 1743 995 1813 ducti,
1012 1745 1172 1816 potissime
1188 1745 1285 1801 eciam
1310 1744 1348 1800 ad
1373 1745 1519 1801 devotam

256 1855 285 1904 et
317 1848 527 1905 humillimam
560 1848 825 1921 supplicacionem
865 1849 1051 1905 venerabilis
1088 1851 1186 1922 patris
1221 1850 1338 1907 domini
1374 1850 1522 1932 Johannis

256 1954 394 2026 episcopi
418 1953 616 2023 wachyensis‚
638 1954 747 2009 vicarii
770 1954 857 2025 regni
880 1952 1043 2011 Sclauonie
1067 1955 1230 2026 generalis,
1253 1955 1357 2012 dilecti
1373 1962 1403 2012 et
1418 1954 1521 2012 fidelis

256 2060 361 2129 nostri,
386 2074 443 2132 pro
466 2064 554 2131 parte
578 2058 719 2116 fidelium
742 2060 858 2116 civium
882 2065 912 2116 et
929 2060 1087 2132 hospitum
1103 2069 1279 2117 nostrorum
1297 2061 1429 2117 civitatis
1445 2059 1519 2117 Gre-

256 2165 354 2221 censis
385 2171 488 2220 nostre
512 2164 687 2221 celsitudini
711 2172 895 2237 porrectam,
927 2167 965 2223 de
995 2172 1098 2222 nostre
1124 2167 1207 2237 regie
1239 2167 1436 2237 benignitatis
1460 2167 1521 2222 lar·

256 2270 349 2342 gissua
373 2270 536 2327 clementia
559 2274 588 2326 et
611 2271 716 2340 gracia
747 2271 874 2343 speciali
906 2272 1057 2329 nundinas
1088 2288 1141 2328 seu
1174 2270 1278 2329 forum
1301 2287 1436 2328 annuum
1460 2273 1521 2329 sin·

256 2375 337 2448 gulis
370 2376 457 2432 annis
480 2376 510 2431 in
534 2376 664 2446 singulis
688 2374 906 2434 festivitatibus
929 2378 1017 2433 beate
1041 2379 1212 2448 Margarete
1238 2378 1366 2448 virginis
1382 2386 1412 2433 et
1441 2392 1521 2433 mar·

255 2482 322 2538 tiris
345 2487 375 2538 et
397 2482 467 2538 aliis
490 2480 600 2537 diebus
623 2481 661 2538 ad
686 2482 744 2538 hoc
768 2481 1001 2552 sufficientibus,
1025 2483 1171 2540 videlicet
1196 2490 1265 2540 octo
1281 2483 1390 2540 diebus
1415 2499 1520 2555 prece·

257 2586 400 2644 dentibus
424 2593 453 2643 et
477 2594 545 2644 octo
570 2588 837 2660 subsequentibus
868 2588 1034 2644 simulcum
1068 2589 1268 2662 exempcione
1291 2589 1480 2645 tributorum
1503 2604 1520 2644 a

256 2694 349 2750 rebus
373 2700 402 2750 et
425 2693 581 2749 mercibus
606 2699 815 2750 mercatorum
846 2693 883 2750 ad
918 2695 1000 2766 ipsas
1030 2693 1180 2750 nundinas
1213 2693 1428 2766 undecumque
1451 2708 1522 2750 con-

256 2799 420 2856 ssuencium
443 2800 502 2855 sub
526 2799 642 2855 eisdem
665 2800 871 2869 libertatibus,
896 2801 1026 2872 legibus
1057 2799 1337 2869 consvetudinibus,
1361 2800 1469 2856 usibus
1492 2805 1522 2856 et

257 2906 462 2977 prerogativis
486 2906 515 2962 in
542 2904 624 2961 dicta
647 2906 771 2962 civitate
794 2914 899 2962 nostra
922 2906 1068 2963 Grecensi
1091 2905 1301 2976 celebrandas,
1325 2907 1383 2962 sub
1408 2906 1521 2978 quibus

257 3010 361 3069 forum
385 3013 516 3069 annuale
539 3029 592 3069 seu
617 3012 751 3069 nundine
778 3013 808 3069 in
840 3013 1017 3069 civitatibus
1047 3013 1159 3069 nostris
1181 3012 1315 3068 Budensi
1338 3019 1368 3070 et
1391 3012 1521 3069 Albensi

258 3120 461 3188 celebrantur,
486 3119 631 3175 duximus
656 3123 807 3192 perpetuo
830 3118 991 3175 annuendo
1015 3117 1235 3188 concedendas,
1252 3119 1316 3175 sine
1332 3123 1436 3175 tamen
1451 3133 1521 3191 pre·

258 3224 371 3282 iudicio
394 3226 526 3281 aliarum
550 3225 757 3281 nundinarum
782 3225 868 3295 regni
893 3225 997 3282 nostri.
1022 3224 1085 3281 Vos
1108 3225 1201 3295 igitur
1225 3226 1385 3281 universos
1406 3239 1522 3280 merca·

258 3340 338 3387 tores
361 3337 390 3387 et
414 3331 491 3387 alios
515 3331 672 3403 quoslibet
696 3330 832 3387 forenses
855 3332 995 3388 homines
1019 3345 1090 3387 cum
1115 3330 1208 3387 rebus
1237 3329 1522 3385 mercimonialibus

257 3437 456 3509 procedentes
479 3452 691 3494 assecuramus
713 3443 743 3493 et
766 3436 932 3493 allidamus
956 3452 1012 3508 per
1035 3440 1200 3507 presentes,
1230 3440 1381 3506 quatenus
1396 3434 1435 3491 ad
1452 3450 1521 3506 pre·

258 3541 355 3598 dictas
375 3542 525 3599 nundinas
549 3559 602 3600 seu
627 3542 729 3599 forum
757 3543 888 3599 annuale
919 3543 949 3599 in
981 3540 1063 3598 dicta
1094 3541 1217 3597 civitate
1248 3545 1352 3597 nostra
1375 3539 1521 3597 Grecensi

257 3648 387 3719 singulis
410 3649 496 3704 annis
520 3649 550 3705 in
575 3647 652 3704 festo
676 3649 764 3705 beate
796 3649 967 3718 Margarete
998 3647 1127 3717 virginis
1158 3662 1196 3702 ex
1227 3651 1331 3702 nostra
1354 3645 1522 3702 annuencia

257 3754 408 3810 celebrari
432 3756 612 3811 commissas
636 3770 706 3810 cum
736 3754 880 3810 omnibus
910 3753 1003 3809 rebus
1034 3757 1064 3808 et
1094 3752 1250 3808 mercibus
1282 3751 1392 3807 vestris
1415 3765 1522 3807 secure

258 3860 387 3916 veniatis
411 3865 440 3915 et
463 3861 693 3931 negociaciones
717 3864 834 3916 vestras
858 3859 888 3915 in
912 3858 1127 3930 empcionibus
1159 3863 1189 3913 et
1220 3855 1452 3913 vendicionibus
1476 3871 1522 3912 re-

257 3982 326 4022 rum
352 3974 524 4023 vestrarum
550 3967 647 4022 libere
668 3966 834 4022 exerceatis
856 3965 885 4021 in
911 3964 1036 4033 eisdem,
1060 3963 1254 4035 peractisque
1283 3961 1360 4019 inibi
1380 3962 1522 4034 negocia·

258 4073 397 4128 cionibus
421 4074 532 4129 vestris
555 4072 594 4128 ad
619 4073 746 4144 propria
769 4071 819 4128 vel
844 4069 883 4127 ad
907 4070 969 4127 alia
992 4068 1069 4141 loca,
1093 4084 1153 4141 que
1184 4067 1316 4137 tenditis,
1341 4067 1468 4140 pacifice
1491 4075 1521 4124 et

258 4179 361 4250 quiete
384 4177 566 4251 procedatis
591 4178 686 4235 salvis
710 4178 820 4233 vestris
844 4177 983 4249 personis
1007 4181 1099 4247 atque
1127 4175 1219 4231 rebus
1241 4174 1300 4230 sub
1323 4179 1428 4230 nostra
1450 4188 1522 4246 pro·

258 4286 392 4342 teccione
415 4290 445 4342 et
468 4285 564 4342 tutela
587 4284 722 4357 speciali.
753 4283 791 4339 Et
821 4284 879 4339 hoc
910 4282 1056 4338 volumus
1089 4281 1205 4352 ubique
1235 4280 1266 4336 in
1298 4278 1373 4336 foris
1396 4285 1425 4336 et
1446 4279 1523 4336 locis

258 4390 393 4462 publicis
417 4391 523 4463 palam
548 4389 647 4446 facere
671 4388 873 4462 promulgari.
904 4388 1020 4443 Datum
1051 4387 1082 4442 in
1114 4383 1288 4456 vissegrad,
1312 4383 1389 4442 feria
1412 4391 1522 4458 quarta

259 4497 402 4567 proxima
425 4503 495 4569 post
520 4495 707 4551 dominicam
733 4495 847 4550 Letare.
871 4492 962 4550 Anno
986 4491 1104 4548 domini
1121 4491 1290 4548 millesimo
1306 4489 1383 4546 CCC
1399 4496 1522 4565 septua-

258 4601 377 4671 gesimo
400 4600 541 4658 secundo

347 4700 486 4766 Originale
506 4700 532 4749 in
551 4699 709 4749 membrana.
724 4701 747 4747 Α
760 4704 836 4763 tergo
849 4714 929 4763 super
943 4696 1031 4748 verbis
1043 4695 1169 4765 „Relacio
1183 4694 1304 4761 magistri
1318 4693 1449 4744 Francisci
1464 4694 1522 4760 phi·

258 4785 323 4836 sici“
343 4787 485 4853 vestigium
501 4787 620 4852 appressi
634 4787 742 4838 maioris
755 4786 848 4853 sigilli.
868 4786 898 4836 ln
917 4786 1015 4836 archiv.
1036 4786 1082 4835 lib.
1101 4800 1158 4851 reg.
1178 4784 1227 4834 civ.
1246 4783 1351 4850 zagrab.

1403 4886 1418 4920 o
