3488 5242
257 332 318 391 130
675 313 750 372 Doc.
773 308 844 390 146.
869 345 906 353 —
923 311 981 370 Art.
1005 308 1095 387 1328.

254 511 410 585 quandam
441 511 559 569 vallem
591 510 688 569 tendit
720 526 815 585 supra
845 525 953 568 versus
980 510 1130 567 orientem
1162 511 1247 567 iuxta
1274 514 1371 567 terras
1394 509 1521 583 pristal-

254 618 366 676 dorum
388 617 428 675 ad
444 633 590 675 cacumen
606 618 720 675 montis
736 618 787 676 via
802 617 937 690 antiqua,
954 633 1011 690 per
1026 632 1120 691 quam
1136 615 1223 674 vadit
1238 632 1346 674 versus
1362 623 1521 690 septemp-

253 725 385 782 trionem
413 740 471 798 per
500 739 649 795 magnum
679 725 821 797 spacium
852 724 884 781 in
918 724 1009 780 metis
1037 721 1210 793 Bolroucha,
1244 729 1275 780 et
1304 723 1446 796 pervenit
1480 722 1519 780 ad

253 831 375 888 vineam
400 830 631 887 Heremitarum
655 830 686 886 in
710 828 880 901 Cratkidol,
903 828 960 886 ubi
982 834 1028 886 est
1049 844 1149 902 parva
1172 829 1266 886 arbor
1288 829 1382 899 nucis,
1408 828 1519 886 deinde

253 937 385 994 vertitur
415 935 455 993 ad
487 935 649 993 meridiem
681 952 738 1010 per
767 937 861 1007 viam,
892 941 922 992 et
954 936 1040 992 venit
1065 934 1103 992 ad
1128 936 1273 992 arborem
1294 950 1427 1007 parvam
1449 935 1519 1007 piri,

253 1043 309 1100 ubi
331 1047 376 1099 est
399 1049 482 1100 meta
505 1048 604 1099 terrea
627 1043 658 1099 in
683 1042 839 1100 vicinitate
862 1048 943 1099 terre
966 1042 1043 1099 ville
1067 1039 1200 1098 fratrum
1222 1038 1456 1097 Predicatorum
1480 1039 1518 1097 de

253 1148 413 1221 Zagrabia.
435 1146 555 1204 Deinde
587 1148 671 1205 venit
694 1147 734 1205 ad
757 1148 847 1205 albos
876 1146 998 1220 lapides
1020 1144 1205 1204 reflectendo
1227 1161 1260 1203 se
1284 1145 1518 1219 quodammodo

253 1254 293 1312 ad
316 1255 475 1324 orientem,
498 1252 608 1310 deinde
631 1254 766 1311 inbono
789 1254 895 1327 spacio
917 1253 1002 1311 venit
1025 1251 1064 1309 ad
1088 1257 1181 1325 caput
1196 1251 1290 1309 vallis
1306 1267 1402 1324 parve
1419 1267 1519 1325 prope

252 1361 377 1418 vineam
408 1360 649 1430 Heremitarum,
681 1360 793 1417 abhinc
824 1375 881 1434 per
903 1358 1034 1417 eandem
1056 1357 1175 1415 vallem
1198 1356 1278 1414 infra
1302 1357 1411 1414 transit
1433 1357 1519 1414 viam

253 1466 436 1541 pupplicam
460 1471 583 1522 euntem
607 1466 638 1522 in
661 1465 795 1536 Bachun,
818 1465 873 1523 ubi
896 1471 942 1523 est
966 1470 1048 1522 meta
1071 1469 1178 1535 terrea,
1200 1468 1230 1521 et
1245 1463 1329 1521 venit
1345 1479 1402 1538 per
1419 1464 1519 1537 ipsam

252 1587 362 1629 versus
381 1571 534 1649 orientem
559 1587 615 1643 per
638 1571 756 1628 bonum
779 1572 928 1644 spacium,
952 1576 982 1627 et
1005 1568 1087 1627 cadit
1109 1570 1141 1626 iu
1164 1584 1279 1642 aquam
1302 1568 1407 1626 Blizna
1431 1574 1518 1626 extra

253 1676 346 1734 fenile
370 1676 610 1734 Heremitarum.
633 1676 754 1734 Deinde
776 1675 964 1734 transeundo
986 1675 1115 1733 fluvium
1139 1690 1248 1732 versus
1271 1675 1421 1731 orientem
1437 1674 1520 1732 cadit

253 1784 283 1840 in
315 1781 472 1855 quandam
503 1782 630 1853 vallem,
662 1798 718 1856 per
748 1797 843 1854 quam
870 1783 955 1840 venit
977 1781 1017 1838 ad
1041 1795 1187 1853 magnam
1210 1781 1357 1837 arborem
1380 1786 1520 1837 castanee

252 1890 309 1946 site
332 1889 363 1946 in
387 1894 491 1946 monte
514 1889 595 1946 circa
618 1889 703 1946 viam
726 1889 896 1962 publicam,
920 1904 977 1961 per
997 1903 1093 1961 quam
1115 1887 1201 1943 viam
1223 1887 1254 1943 in
1278 1901 1391 1959 magno
1414 1887 1520 1960 spacio

255 1995 341 2052 vadit
363 2010 471 2052 versus
502 1995 778 2068 septemptrionem
809 1993 924 2052 directe
946 1998 977 2051 et
999 1991 1186 2050 transeundo
1218 1991 1369 2064 quasdam
1392 1993 1520 2049 arbores

253 2106 466 2158 castanearum
490 2106 520 2157 et
541 2100 618 2157 alias
640 2101 670 2157 in
696 2101 776 2158 bona
800 2100 890 2172 copia
917 2099 979 2155 exit
1002 2099 1085 2155 viam
1110 2098 1191 2154 circa
1212 2094 1370 2169 'quandam
1396 2099 1519 2155 vineam

253 2211 283 2263 et
298 2207 384 2263 iuxta
399 2205 529 2263 eandem
544 2206 667 2263 vineam
684 2205 815 2263 flectitur
839 2206 869 2262 in
893 2205 1012 2261 vallem
1034 2219 1143 2260 versus
1164 2202 1363 2273 occidentem,
1388 2210 1417 2260 et
1441 2204 1520 2261 inter

251 2314 358 2370 vineas
381 2312 491 2382 eundo,
515 2313 600 2369 venit
619 2312 657 2368 ad
674 2313 822 2370 arborem
845 2313 960 2379 haram,
984 2316 1014 2366 et
1030 2309 1111 2366 cadit
1127 2309 1238 2366 deinde
1261 2311 1291 2366 in
1308 2309 1447 2366 rivulum
1464 2309 1519 2366 Ba·

252 2419 342 2488 chun,
367 2419 420 2475 ubi
443 2424 489 2476 est
511 2419 605 2475 arbor
628 2420 723 2489 nucis,
740 2417 852 2475 deinde
874 2417 983 2475 transit
999 2416 1140 2472 rivulum
1164 2420 1195 2472 et
1218 2417 1302 2472 venit
1325 2415 1363 2471 ad
1388 2416 1519 2484 vineam,

252 2539 351 2597 prope
374 2523 503 2596 lapides,
527 2524 582 2579 ubi
604 2529 726 2580 emanat
743 2522 812 2579 fons
828 2524 910 2580 circa
925 2523 1070 2578 arborem
1088 2521 1247 2593 graburgh
1269 2520 1392 2590 dictam,
1409 2520 1519 2577 deinde

251 2645 307 2703 per
329 2630 445 2686 vallem
462 2645 585 2685 sursum
602 2627 641 2685 ad
658 2636 797 2686 montem
813 2635 843 2685 et
859 2629 944 2685 venit
959 2627 999 2684 ad
1015 2628 1100 2683 viam
1120 2627 1272 2699 usquead
1289 2628 1442 2698 semitam,
1459 2643 1519 2698 que

252 2743 298 2792 est
321 2736 380 2791 sub
403 2736 472 2791 loco
497 2734 579 2791 dicto
602 2733 814 2808 Stremapech,
831 2742 860 2791 et
877 2734 1037 2807 perillam
1062 2734 1205 2789 semitam
1227 2748 1323 2804 usque
1346 2732 1383 2789 ad
1405 2748 1519 2805 aquam

252 2839 365 2909 Blizna,
382 2838 493 2897 deinde
510 2839 550 2896 ad
566 2838 791 2913 Stelopmerch,
808 2839 919 2897 deinde
943 2855 1049 2896 versus
1073 2840 1348 2912 septemptrionem
1369 2839 1407 2896 ad
1431 2856 1519 2896 cacu-

252 2961 322 3002 men
339 2945 453 3002 directe
477 2946 580 3016 magni
605 2946 719 3002 montis
744 2944 976 3015 Meduednicha,
1001 2962 1058 3018 per
1080 2944 1164 3017 quod
1181 2960 1325 3001 cacumen
1348 2946 1529 3017 vulgariter.

251 3051 407 3110 Stelemen
431 3050 557 3118 dictum,
574 3050 660 3108 vadit
676 3051 792 3108 directe
809 3068 917 3108 versus
933 3055 1081 3107 orientem
1098 3067 1196 3123 usque
1219 3050 1257 3106 ad
1282 3057 1379 3107 metas
1401 3051 1518 3110 domini

252 3158 390 3230 episcopi
414 3157 452 3213 de
476 3156 657 3227 Chucheria,
689 3158 918 3214 remanentibus
949 3158 1037 3214 terris
1069 3158 1206 3229 capituli,
1238 3157 1355 3214 domini
1379 3159 1516 3231 episcopi

251 3269 282 3321 et
313 3262 544 3320 Cruciferorum
576 3264 615 3320 ad
649 3263 820 3334 meridiem,
850 3269 879 3320 et
910 3263 1047 3320 filiorum
1081 3262 1219 3332 Arlandi,
1252 3269 1279 3319 et
1306 3263 1435 3335 Nicolai,
1460 3265 1518 3321 filii

252 3370 343 3439 Petri,
367 3368 404 3426 ad
430 3371 714 3442 septemptrionem.
746 3369 831 3426 Ville
861 3385 937 3426 vcro
960 3369 1168 3439 zagrabiensis
1191 3370 1320 3442 capituli
1344 3371 1468 3427 obtente
1489 3376 1518 3427 et

250 3491 390 3549 possesse
413 3491 469 3549 per
494 3476 595 3547 ipsum
619 3491 637 3531 a
660 3483 799 3548 tempore
816 3477 903 3532 cuius
920 3476 1072 3531 memoria
1088 3491 1148 3531 non
1165 3476 1274 3545 extitit,
1292 3475 1371 3532 inter
1386 3475 1517 3533 fiuvium

252 3580 331 3638 Zaue
362 3587 392 3636 et
423 3581 501 3637 inter
532 3580 629 3638 dictos
661 3588 782 3638 montes
810 3580 1034 3637 Meduednicha
1058 3581 1148 3637 metis
1173 3582 1351 3653 prescriptis
1375 3582 1518 3639 concluse

250 3692 321 3742 sunt
343 3687 414 3742 hec:
440 3686 517 3741 villa
540 3686 685 3743 videlicet
710 3687 841 3756 Bachun,
866 3687 944 3743 villa
967 3687 1062 3743 sancti
1079 3685 1231 3757 Symonis,
1247 3687 1325 3743 villa
1341 3687 1422 3743 dicta
1439 3689 1519 3759 nigri

250 3791 398 3864 Stephani
414 3796 443 3847 et
460 3790 663 3862 Crikanouch‚
680 3793 868 3861 Descenoch,
885 3792 1038 3862 Tornaua,
1060 3799 1189 3863 utraque
1206 3792 1350 3865 Bidragh,
1367 3793 1518 3863 Vidouch,

251 3898 328 3955 villa
363 3912 525 3954 servorum
560 3897 740 3968 Chudlroclr,
780 3897 974 3970 Godigoych.
1007 3899 1161 3979 Jalseuch,
1196 3905 1326 3971 utraque
1363 3899 1518 3971 Oprouch,

252 4002 423 4074 Braynoch‚
447 4002 628 4074 Donkouch,
652 4003 843 4073 Wllrodolia‚
868 4005 986 4074 Brezth,
1011 4005 1174 4074 Retcouch,
1199 4004 1327 4074 Chihne,
1351 4003 1518 4077 Sccpniclre

250 4109 334 4181 apud
350 4110 512 4165 ecclesiam
529 4110 669 4165 omnium
686 4117 872 4178 sanctorum,
892 4111 991 4167 Dolos
1007 4127 1077 4167 cum
1095 4111 1157 4166 suis
1173 4112 1372 4183 pertinentiis
1390 4111 1516 4180 Leznek,

251 4214 391 4283 Preseku,
415 4216 619 4271 MarcizIOuch
645 4220 674 4271 et
697 4214 765 4287 Gay
782 4232 854 4272 cum
870 4217 933 4273 suis
949 4217 1140 4289 pertinentiis
1155 4217 1316 4277 universis.
1333 4217 1403 4272 aliis
1419 4218 1515 4273 eciam

252 4320 302 4376 hic
327 4336 387 4376 non
411 4321 531 4376 insertis
534 4367 690 4378 ......
714 4321 831 4377 Datum
854 4323 883 4378 in
909 4324 1025 4378 octavis
1050 4322 1118 4378 testi
1141 4323 1224 4379 beati
1242 4323 1351 4404 Jacobi
1375 4323 1519 4395 apostoli.

253 4427 342 4481 Anno
366 4424 484 4482 domini
507 4426 755 4484 MCCCXXVIH.

341 4577 470 4643 Fragmen
486 4579 705 4629 reambulationis
717 4579 909 4644 possessionum
923 4580 1032 4645 capituli
1047 4581 1231 4645 zagrabiensis
1246 4581 1386 4646 Originale
1401 4580 1426 4630 in
1438 4599 1515 4631 mem-

250 4663 341 4722 brana,
354 4672 504 4716 asservatur
523 4667 550 4716 in
568 4668 637 4716 arch.
659 4682 715 4717 ven.
736 4669 814 4733 capit.
833 4669 938 4735 zagrab.
958 4667 975 4717 f.
998 4679 1018 4718 1.
1040 4684 1078 4718 nr.
1100 4679 1140 4732 39.
1155 4669 1291 4735 integrum
1310 4678 1383 4719 extat
1397 4670 1423 4718 in
1444 4671 1516 4722 libro

248 4751 317 4814 priv.
337 4754 415 4818 capit.
435 4755 540 4820 zagrab.
560 4771 585 4819 p.
599 4755 644 4804 lv.
659 4770 679 4804 c.
693 4755 738 4804 IV.
750 4757 843 4824 Joann.
857 4756 973 4806 Tkaltiu.
991 4757 1060 4808 Mon.
1073 4757 1133 4807 hist.
1147 4757 1226 4823 episc.
1240 4759 1344 4824 zagrab.
1365 4758 1398 4808 11.
1413 4775 1438 4824 p.
1456 4761 1514 4810 116.
