3488 5242
682 334 756 391 Dor.
779 347 851 412 4⁰2·
877 367 915 378 -
936 334 993 393 An.
1016 344 1105 411 1397.

851 544 944 610 402.

369 686 445 735 Anno
467 693 540 749 1397,
563 695 601 735 ll.
621 684 762 737 februarii.
780 684 936 751 Zagrabiae.

269 813 393 873 Carolus
414 814 546 871 Petrucii
559 815 694 887 pablt'cus
717 815 887 887 apostolicus
909 821 937 870 e!
957 815 1114 887 imperialis
1137 814 1269 871 notarim
1291 813 1334 870 ad
1345 822 1446 887 preces
1461 833 1529 870 nan·

262 921 407 976 nullarum
429 921 643 993 capitularium,
669 920 793 992 publicis
824 919 926 977 litteris
956 927 1085 988 testatur,
1108 921 1181 977 cives
1217 918 1391 977 Grechenscs
1414 921 1445 976 in
1467 921 1529 977 eccl.

619 1026 782 1084 cathedrali
800 1026 1053 1083 excommunitatus
1065 1024 1171 1100 fuisse.

350 1169 385 1226 In
414 1169 539 1226 nomine
569 1168 695 1227 domini.
726 1172 834 1227 Amen.
859 1170 947 1227 Anno
971 1184 989 1225 a
1013 1168 1173 1226 nativitate
1196 1167 1335 1226 eiusdem
1359 1168 1527 1226 millesimo

261 1274 476 1331 trecentesimo
488 1275 688 1346 nonagesimo
700 1276 842 1347 septimo,
855 1273 1025 1334 indiccione
1039 1275 1155 1346 quinta.
1174 1273 1224 1331 die
1239 1273 1403 1332 undecima
1416 1275 1529 1331 mensis

262 1377 429 1448 februarii;
460 1379 657 1453 pontificatus
688 1380 872 1438 sanctissimi
895 1380 925 1437 in
950 1379 1074 1438 Christo
1105 1380 1202 1453 patris
1225 1387 1255 1436 et
1282 1379 1400 1437 domini
1423 1381 1528 1448 nostri,

261 1483 379 1542 domini
402 1484 559 1557 Bonifacii,
591 1484 697 1543 divina
719 1485 921 1560 providencia
944 1500 1025 1558 pape
1048 1485 1128 1555 noni,
1164 1499 1244 1542 anno
1267 1491 1386 1556 octavo,
1411 1487 1440 1543 in
1467 1486 1528 1543 mei

260 1591 374 1648 notarii
396 1591 515 1664 publici
539 1592 725 1664 testiumque
741 1590 1010 1665 infrascriptorum
1026 1590 1065 1648 ad
1082 1591 1138 1647 hec
1153 1590 1329 1664 specialiter
1345 1596 1526 1648 vocatorum

260 1702 291 1754 et
313 1701 494 1769 rogatorum
519 1697 676 1770 presencia
699 1696 904 1770 personaliter
919 1697 1100 1766 constitutis,
1117 1696 1304 1754 venerabilis
1321 1697 1370 1754 vir
1385 1696 1529 1754 dominus

259 1803 415 1886 Johannes
439 1802 478 1859 de
501 1801 597 1872 Senis,
621 1802 818 1860 decretorum
840 1802 957 1871 doctor,
982 1802 1205 1875 reverendique
1229 1803 1259 1859 in
1283 1802 1407 1859 Christo
1431 1802 1529 1876 patris

260 1907 379 1966 domini
407 1909 565 1991 Johannis,
590 1908 640 1966 dei
670 1914 701 1966 et
727 1908 897 1982 apostolice
919 1908 1001 1965 sedis
1023 1909 1126 1981 gracia
1150 1909 1288 1982 episcopi
1311 1908 1527 1980 zagrabiensis‚

259 2014 455 2073 decretorum
479 2014 622 2086 doctoris,
649 2014 805 2072 secretarii
828 2014 1067 2086 cancellariique
1089 2016 1173 2086 regie
1197 2015 1373 2084 maiestatis,
1391 2015 1423 2071 in
1438 2014 1529 2087 spiri-

259 2121 397 2178 tualibus
421 2121 554 2178 vicarius
577 2120 739 2192 generalis,
763 2120 881 2177 habens
904 2126 934 2177 et
958 2126 1063 2178 tenens
1087 2121 1118 2177 in
1135 2120 1198 2177 suis
1214 2121 1358 2205 manibus
1375 2119 1527 2192 quasdam

258 2226 377 2283 litteras
400 2226 538 2284 eiusdem
562 2225 723 2283 reverendi
747 2227 845 2299 patris
870 2225 988 2283 domini
1012 2226 1151 2299 episcopi
1174 2227 1380 2298 zagrabiensis
1404 2226 1435 2283 in
1451 2241 1525 2298 qua·

259 2331 332 2389 dam
355 2333 484 2406 papirea
513 2331 623 2389 cedula
651 2331 790 2405 scriptas,
814 2331 919 2404 sigillo
943 2331 1039 2405 ipsius
1062 2309 1188 2389 domini*
1204 2332 1342 2405 episcopi
1366 2332 1527 2402 sigillatas,

259 2453 393 2510 quarum
425 2438 601 2495 litterarum
632 2444 720 2494 tenor
750 2437 789 2494 de
822 2438 921 2495 verbo
949 2437 1144 2496 adverbum
1169 2437 1296 2495 inferius
1319 2444 1364 2495 est
1386 2439 1526 2504 insertus,

259 2543 290 2602 in
321 2559 353 2600 se
384 2545 574 2601 continentes
605 2543 763 2617 quandam
794 2544 982 2600 sentenciam
1012 2543 1249 2600 declaratoriam
1278 2545 1527 2624 excommunica-

258 2650 354 2707 cionis
386 2656 416 2707 et
450 2648 606 2722 quandam
640 2650 826 2707 sentenciam
858 2649 1012 2706 interdicti
1044 2655 1073 2705 et
1105 2647 1357 2709 denunciaciones
1389 2650 1528 2722 ipsarum

257 2756 481 2812 sentenciamm
505 2760 611 2812 contra
634 2760 664 2811 et
689 2754 838 2812 adversus
867 2754 1019 2828 quosdam
1047 2756 1130 2811 cives
1154 2762 1184 2812 et
1206 2755 1447 2823 universitatem,
1472 2771 1527 2828 po-

257 2861 368 2933 pulum
392 2876 428 2917 ac
451 2876 614 2917 commune
638 2860 752 2917 montis
774 2859 939 2918 Grecensis
962 2859 1134 2917 declaratas
1156 2866 1186 2918 et
1209 2866 1316 2918 contra
1339 2861 1442 2933 ipsum
1460 2862 1528 2935 opi-

257 2966 333 3023 dum
367 2967 480 3023 montis
517 2965 701 3024 Grechensis
733 2966 763 3023 in
795 2967 964 3039 prenotatis
994 2966 1105 3023 litteris
1136 2966 1254 3024 domini
1284 2967 1422 3040 episcopi
1456 2983 1528 3025 con·

257 3077 362 3143 tentas,
398 3079 428 3129 et
462 3080 555 3145 prout
590 3073 621 3128 in
656 3071 773 3129 eisdem
803 3072 984 3142 continetur,
1021 3073 1083 3129 alta
1107 3080 1137 3130 et
1161 3071 1350 3145 intelligibili
1385 3088 1461 3130 voce
1487 3072 1527 3130 de

256 3179 356 3235 verbo
392 3178 431 3235 ad
466 3178 598 3234 verbum
630 3178 714 3250 ipsas
744 3177 863 3234 litteras
897 3178 972 3250 legit
1007 3184 1037 3235 et
1060 3179 1143 3252 ipsos
1178 3180 1260 3236 cives
1288 3178 1444 3252 predictos
1474 3178 1527 3235 de·

256 3285 413 3341 nunciavit
436 3283 721 3340 excommunicatos
750 3282 815 3340 fore
839 3290 868 3339 et
892 3284 1036 3341 similiter
1058 3283 1255 3341 denunciavit
1278 3285 1378 3357 ipsam
1403 3285 1524 3342 univer·

256 3391 386 3459 sitalem,
421 3389 575 3463 populum
604 3395 634 3446 et
657 3403 820 3446 commune
855 3390 969 3447 montis
1004 3389 1165 3447 Grecensis
1197 3396 1226 3446 et
1258 3391 1362 3463 ipsum
1396 3389 1524 3463 opidum

257 3497 369 3553 montis
405 3495 568 3553 Grecensis
603 3494 670 3552 fore
704 3497 882 3568 suppositos
924 3496 1095 3565 interdicto,
1130 3497 1288 3569 campanis
1321 3495 1526 3569 pulsantibus,

255 3603 451 3673 accensisque
477 3600 614 3659 candelis
638 3607 668 3657 et
691 3600 818 3658 demum
842 3602 983 3658 extinctis
1006 3618 1042 3658 ac
1065 3601 1103 3658 ad
1128 3609 1241 3659 terram
1259 3602 1404 3675 proiectis
1420 3617 1525 3659 coram

255 3705 340 3763 fideli
364 3706 484 3779 populo
508 3707 538 3763 in
562 3706 690 3763 ecclesia
715 3705 885 3763 cathedrali
908 3708 1108 3779 zagrabiensi,
1132 3707 1207 3765 dum
1224 3707 1342 3765 ibidem
1358 3709 1526 3765 missarum

254 3811 418 3869 sollemnia
444 3812 690 3868 celebrabantur.
707 3811 809 3885 Super
824 3813 938 3884 quibus
961 3814 1105 3871 omnibus
1130 3820 1160 3870 et
1182 3814 1312 3886 singulis
1339 3813 1526 3887 supradictis

254 3917 451 3974 honorabiles
486 3917 554 3985 viri,
589 3916 707 3973 domini
738 3917 894 3999 Johannes
918 3919 1056 3991 Crispus
1079 3918 1313 3976 archidiaconus
1336 3919 1374 3975 de
1398 3919 1523 3976 Kemel-

253 4022 326 4093 lwk‚
350 4023 380 4079 in
404 4023 532 4079 ecclesia
561 4022 753 4094 zagrabiensi
785 4023 924 4097 predicta
955 4030 984 4081 et
1016 4025 1173 4082 Dionisius
1204 4026 1319 4082 Mathei
1343 4025 1382 4082 de
1406 4025 1527 4109 Crysio‚

254 4128 390 4184 canonici
402 4128 433 4184 in
446 4127 555 4184 eadem
568 4128 696 4185 ecclesia
712 4129 870 4201 pecierunt
883 4146 939 4201 per
951 4146 1001 4186 me
1010 4131 1165 4187 notarium
1174 4131 1337 4203 publicum
1350 4130 1527 4204 infrascrip-

254 4240 328 4302 tum,
343 4234 426 4306 ipsiS,
443 4234 621 4290 nominibus
638 4235 777 4307 ipsorum
790 4236 926 4307 propriis
943 4252 978 4293 ac
996 4251 1052 4309 pro
1069 4237 1207 4309 capitulo
1222 4237 1412 4309 zagrabiensi
1429 4237 1522 4295 infra·

252 4341 368 4411 scripto
389 4337 497 4394 confici
514 4355 611 4396 unum
635 4340 686 4396 vel
704 4339 803 4413 plura,
821 4340 984 4413 publicum
1001 4358 1052 4398 seu
1068 4342 1194 4414 publica
1216 4343 1454 4400 instrumentum
1470 4358 1524 4400 seu

252 4445 462 4502 instrumenta.
485 4446 562 4501 Acta
583 4444 708 4502 fuerunt
728 4446 784 4502 hec
804 4444 954 4517 Zagrabie
974 4448 1005 4503 in
1025 4446 1164 4520 predicta
1184 4447 1313 4505 ecclesia
1325 4448 1526 4521 zagrabiensi‚

253 4555 322 4607 ante
335 4550 434 4606 maius
447 4550 554 4621 altare,
568 4552 626 4607 sub
640 4567 729 4622 anno,
742 4550 919 4620 indiccione,
934 4552 992 4613 die.
1005 4569 1118 4622 mense,
1131 4553 1312 4627 pontificatu
1325 4562 1355 4611 et
1364 4555 1448 4625 hora,
1458 4555 1526 4627 qui·

252 4656 311 4711 bus
332 4671 434 4728 supra
456 4654 656 4717 Presentibus
672 4656 789 4714 ibidem
802 4657 1067 4715 reverendissimis
1080 4659 1110 4716 in
1125 4659 1249 4717 Christo
1261 4661 1412 4733 patribus,
1425 4659 1527 4727 domi,

251 4761 314 4817 nis:
335 4760 475 4843 Johanne
494 4763 690 4833 strigoniensi
715 4770 745 4819 et
769 4762 893 4819 Andrea
915 4764 1090 4836 spalatensi,
1112 4767 1365 4841 archiepiscopis
1383 4767 1526 4850 Johanne
