3488 5242
248 330 289 388 60
673 326 745 384 Doc.
770 320 821 401 69.
848 358 885 368 -
910 325 966 383 Ara
991 320 1084 383 1288.

1380 428 1508 444 —,.-.

246 526 433 585 ratificantes
464 533 493 583 et
524 526 733 600 approbantes
763 526 830 599 pari
861 525 1053 583 admiserunt
1084 526 1250 583 voluntate.
1281 524 1385 582 Prima
1409 528 1513 586 autem

248 639 330 691 meta
353 631 490 707 predicte
514 639 594 689 terre
618 632 739 703 collate,
762 633 840 690 sicut
863 632 953 690 nobis
976 648 1032 706 per
1052 633 1209 690 hominem
1228 636 1369 689 nostrum
1384 630 1513 688 fidelem

249 754 342 812 quem
366 737 405 795 ad
429 737 624 796 circuendam
649 737 750 811 ipsam
773 745 887 795 terram
912 744 1071 811 metasque
1095 737 1232 795 eiusdem
1251 736 1458 811 inspiciendas
1473 735 1513 793 ad

248 845 390 918 parcium
421 844 601 901 instanciam
633 844 816 901 miseramus
845 849 874 900 et
905 860 961 918 per
984 844 1108 901 easdem
1132 851 1235 918 partes
1257 843 1347 900 nobis
1370 844 1513 914 constitit,

180 977 186 989 ·
248 951 355 1023 incipit
379 951 409 1008 in
432 950 516 1007 valle
539 949 755 1023 prenominata
777 964 795 1006 a
819 949 953 1023 quadam
977 955 1065 1024 petra
1080 951 1167 1007 iuxta
1183 949 1340 1006 vineolam
1356 925 1513 1021 quandam

249 1056 426 1131 supradicte
457 1056 577 1130 capelle
600 1071 618 1113 a
641 1056 735 1129 plaga
765 1057 907 1114 orientali
934 1056 1099 1126 adiacente,
1123 1054 1194 1113 inde
1217 1056 1354 1113 ascendit
1375 1060 1512 1112 montem

248 1178 356 1221 versus
379 1162 570 1220 occidentem
593 1166 623 1220 et
646 1161 818 1236 procedens
841 1178 898 1236 per
921 1163 1053 1220 eundem
1070 1163 1156 1220 venit
1170 1161 1209 1219 ad
1226 1160 1382 1234 quandam
1399 1155 1511 1218 collem

248 1273 413 1342 petrosam,
436 1269 491 1326 ubi
512 1273 582 1325 sunt
605 1269 733 1325 arbores
756 1267 862 1326 kerchi
885 1267 1017 1340 novelle,
1049 1267 1120 1326 inde
1143 1267 1230 1326 vadit
1253 1283 1361 1325 versus
1383 1265 1512 1325 eandem

247 1382 368 1449 partem
399 1382 430 1433 et
461 1375 601 1450 pervenit
629 1373 667 1431 ad
700 1375 846 1432 arborem
870 1375 943 1446 title,
971 1375 1029 1433 sub
1053 1390 1115 1447 qua
1138 1379 1183 1431 est
1203 1379 1286 1431 meta
1309 1379 1417 1445 terrea,
1433 1373 1514 1430 'inde

247 1480 417 1555 procedens
440 1481 478 1540 ad
503 1481 632 1539 eandem
654 1486 777 1555 partem
800 1480 966 1539 occidentis
990 1481 1131 1554 pervenit
1154 1478 1193 1536 ad
1217 1481 1344 1538 arbores
1366 1495 1433 1552 nyr,
1457 1479 1512 1537 ubi

249 1593 296 1645 est
326 1592 409 1646 meta
438 1594 546 1660 terrea,
579 1588 650 1646 inde
680 1587 781 1645 adhuc
804 1604 913 1645 versus
936 1586 1127 1645 occidentem
1149 1602 1206 1660 per
1228 1586 1378 1643 verticem
1399 1585 1513 1643 montis

248 1693 418 1767 procedens
440 1696 525 1752 venit
547 1693 586 1751 ad
610 1693 733 1752 foveam
758 1693 923 1767 quandam,
946 1693 1017 1750 inde
1041 1692 1155 1750 directe
1180 1691 1336 1749 descendit
1352 1691 1390 1748 ad
1408 1692 1512 1749 locum
1584 1711 1585 1714 ¹

248 1800 303 1857 ubi
325 1815 405 1872 aqua
429 1801 564 1874 Crapina
586 1800 668 1858 cadit
692 1801 722 1857 in
742 1800 875 1871 Zawam,
899 1799 970 1858 inde
990 1798 1176 1857 descendens
1192 1814 1249 1872 per
1264 1796 1388 1854 Zawam
1404 1813 1513 1855 versus

249 1905 411 1964 meridiem
440 1907 471 1964 in
500 1921 613 1979 magno
643 1906 747 1981 spacio
779 1906 863 1963 venit
886 1905 923 1963 ad
948 1905 1064 1963 insulas
1088 1903 1239 1978 quasdam
1262 1904 1336 1961 sitas
1356 1903 1385 1961 in
1410 1903 1513 1961 medio

251 2011 351 2080 Zawa,
383 2017 413 2069 et
443 2014 474 2071 in
504 2012 566 2070 fine
597 2017 734 2069 extreme
765 2012 863 2069 insule
895 2013 957 2069 exit
987 2011 1026 2068 de
1055 2010 1147 2068 Zawa
1177 2011 1206 2068 in
1238 2025 1346 2067 nemus
1373 2016 1402 2067 et
1429 2011 1514 2067 venit

248 2116 423 2175 transiendo
455 2117 537 2176 idem
568 2117 606 2175 ad
637 2119 722 2176 viam
753 2117 914 2175 ducentem
947 2118 1029 2175 ultra
1067 2115 1198 2187 Zawam,
1230 2132 1287 2190 per
1310 2131 1403 2188 quam
1427 2116 1511 2173 viam

248 2222 418 2296 procedens
449 2239 557 2281 versus
587 2225 840 2297 septemtrionem
875 2224 959 2281 venit
989 2222 1027 2280 ad
1060 2223 1230 2281 frucectum
1264 2223 1413 2280 arborum
1449 2222 1514 2279 alni

248 2343 347 2402 prope
378 2330 470 2400 viam,
502 2329 572 2387 inde
603 2329 689 2387 iuxta
719 2328 867 2403 paludem
899 2328 1055 2402 quandam
1086 2327 1256 2403 procedens
1286 2344 1344 2402 per
1366 2343 1513 2402 campum

247 2434 332 2491 venit
362 2434 401 2492 ad
433 2436 538 2493 iocum
571 2435 736 2492 Prauischa
767 2441 921 2505 vocatum,
949 2438 1043 2492 situm
1066 2435 1148 2492 circa
1171 2435 1256 2492 viam
1279 2449 1433 2507 magnam,
1457 2450 1513 2507 per

248 2554 342 2612 quam
367 2542 537 2614 procedens
560 2556 669 2598 versus
690 2540 890 2611 occidentem,
921 2547 1098 2599 remanente
1121 2545 1204 2597 terra
1226 2541 1341 2598 collata
1365 2539 1513 2597 fratribus

248 2647 428 2704 memoratis
451 2662 469 2702 a
492 2647 632 2718 sinistris
655 2647 740 2704 venit
762 2645 801 2703 ad
824 2647 929 2705 locum
954 2648 1009 2704 ubi
1031 2648 1152 2705 rivulus
1175 2650 1354 2720 prenotatus
1378 2645 1459 2704 cadit
1482 2647 1513 2704 in

248 2750 382 2822 Zawam,
406 2768 462 2825 per
479 2767 570 2825 quem
589 2753 728 2810 rivulum
748 2752 915 2811 ascendens
930 2769 986 2828 per
1002 2754 1119 2811 vallem
1135 2769 1243 2811 versus
1259 2753 1512 2826 septemtrionem

249 2859 435 2932 supradictis
463 2860 592 2932 capelia,
624 2860 693 2916 loco
724 2864 755 2916 et
781 2861 915 2932 terragio
938 2860 1060 2917 collatis
1083 2859 1232 2916 iratribus
1255 2858 1400 2932 sepefatis
1433 2859 1513 2915 asi-

249 2967 363 3037 nistris,
380 2967 463 3023 venit
486 2965 524 3022 ad
551 2966 686 3039 priorem
707 2972 831 3023 metam.
855 2967 888 3023 ln
912 2968 998 3024 cuius
1021 2967 1065 3023 rei
1089 2967 1281 3036 memoriam,
1298 2964 1512 3022 certitudinem

249 3077 279 3129 et
302 3073 503 3130 stabilitatem
527 3080 710 3146 perpetuam
733 3078 889 3145 presentes
913 3072 951 3129 ad
969 3073 1148 3130 instanciam
1169 3073 1309 3146 parcium
1325 3072 1512 3128 contulimus

250 3178 346 3249 sigilli
369 3179 464 3234 nostri
484 3179 654 3235 munimine
677 3179 845 3236 roboratas.
862 3179 978 3236 Datum
1001 3180 1031 3236 in
1056 3177 1218 3250 quindenis
1242 3178 1324 3234 beati
1345 3178 1512 3248 Mychaelis

250 3284 435 3357 archangeli.
460 3286 549 3341 Anno
573 3283 690 3342 domini
714 3284 797 3342 MCC
820 3285 1030 3357 octuagesimo
1053 3286 1195 3358 septimo.

338 3420 360 3468 E
387 3424 551 3484 transumpto
577 3421 674 3484 zagrab
702 3420 779 3485 capit.
806 3422 838 3469 de
864 3435 931 3470 anno
958 3429 1020 3478 1321
1048 3426 1073 3470 et
1105 3429 1177 3478 1557·
1203 3421 1233 3470 ln
1256 3421 1326 3469 arch.
1350 3436 1405 3470 ven.
1432 3421 1510 3486 capit.

252 3508 355 3572 zagrab.
375 3509 449 3573 Joan.
470 3507 585 3557 TkaIdic'.
605 3507 674 3557 Mon.
694 3509 754 3558 hist.
774 3509 854 3573 episc.
873 3510 977 3574 zagrab.
997 3509 1016 3558 1.
1037 3526 1061 3573 p.
1082 3520 1140 3559 220.

819 3818 822 3822 μ
850 3723 913 3788 aa.

355 3867 431 3913 Anno
453 3862 526 3920 1288,
546 3871 586 3917 27.
606 3863 703 3913 martii.
723 3863 819 3913 Budae.

251 3984 423 4063 Stephanus,
446 3992 530 4047 lotz'us
561 3988 717 4048 Slauoniae
747 3992 846 4062 banus,
860 3994 1007 4066 palatium
1030 4011 1112 4050 suum
1135 3994 1165 4049 in
1188 4001 1280 4050 monte
1308 3991 1403 4050 Grcclt
1417 3994 1511 4060 situm,

633 4097 748 4155 Gilioni
767 4100 862 4155 comiti
881 4107 909 4156 et
929 4101 993 4167 ciui,
1015 4099 1132 4174 confirt.

339 4240 501 4298 ladizlaus
525 4240 573 4298 dei
598 4241 700 4314 gracia
723 4257 777 4299 rex
798 4242 983 4315 Hungariae.
1008 4242 1166 4301 Fidelibus
1181 4244 1262 4301 suis:
1286 4242 1388 4311 iudici,
1405 4241 1512 4299 iuratis

251 4352 280 4403 et
304 4347 495 4406 universitati
519 4347 635 4405 civium
658 4348 696 4405 de
720 4355 823 4406 monte
855 4349 1001 4407 Grecensi
1032 4350 1164 4406 salntem
1192 4355 1222 4406 et
1244 4350 1389 4422 graciam.
1411 4347 1513 4404 Nove-

250 4453 325 4522 ritis‚
350 4453 432 4524 qnod
456 4451 630 4527 Stephanus
654 4456 753 4511 banus
777 4456 873 4513 tocius
896 4454 1065 4524 Sclauonie‚
1090 4454 1221 4512 dilectus
1236 4461 1266 4512 et
1283 4453 1384 4511 fidelis
1400 4460 1512 4523 noster,

251 4572 355 4614 coram
380 4559 470 4616 nobis
493 4560 683 4629 constitutus,
714 4560 872 4634 palacium
903 4556 1003 4630 suum,
1035 4559 1118 4632 quod
1143 4561 1235 4618 habet
1258 4561 1288 4617 in
1312 4563 1412 4616 castro
1436 4559 1512 4615 Gre-

252 4664 334 4721 censi
358 4662 450 4735 dedit,
471 4664 600 4722 contulit
623 4662 740 4722 Gilioni
762 4666 876 4732 comiti
900 4667 1020 4724 concivi
1042 4672 1153 4736 vestro,
1177 4681 1235 4739 pro
1258 4665 1460 4723 fidelitatibus
1482 4668 1513 4720 et

252 4768 390 4826 serviciis
412 4769 473 4827 sibi
495 4769 639 4844 inpensis.
663 4768 766 4844 Quare
792 4769 936 4829 fidelitati
966 4776 1068 4829 vestre
1096 4770 1297 4846 precipiendo
1320 4769 1513 4844 mandamns,
