3488 5242
603 335 676 394 Doc.
700 347 768 411 279.
793 333 866 394 280.
894 371 930 378 -
956 338 1012 394 An.
1037 312 1141 415 1378.¹

827 529 914 597 279.

342 653 419 701 Auno
444 653 516 710 1378,
538 661 558 700 1.
578 651 716 702 februarii.
737 652 891 718 Zagrabiae.

242 777 436 835 Commonitos
458 780 583 836 civitatis
598 780 701 835 montis
730 778 900 837 Grecltensis
923 782 1033 850 literas,
1047 783 1149 856 quibus
1168 791 1319 840 cootventus
1333 783 1393 839 ord.
1410 784 1501 840 Proe-

236 884 396 942 dicotorum
428 885 602 958 Zagrobtoe,
632 885 772 959 quosdam
801 887 901 944 vlneos
930 887 1038 944 civibus
1068 888 1235 954 donaverat,
1255 890 1378 962 proprio
1407 889 1502 961 st‘gillo

783 992 955 1049 corroborat.

324 1136 388 1193 Nos
412 1137 599 1207 Franciscus,
623 1137 707 1194 filius
731 1138 835 1208 Marci,
855 1137 956 1209 iudex,
974 1137 1134 1210 Georgius,
1151 1138 1321 1207 Ladizlaus,
1338 1137 1501 1211 Georgius,

235 1242 397 1324 JohanneS,
413 1243 608 1313 Laurencius,
621 1243 776 1314 Genynus,
791 1244 926 1326 Jacobus
941 1249 970 1301 et
989 1243 1141 1317 Georgius
1161 1245 1262 1314 iurati,
1288 1245 1456 1302 consiliarii
1472 1251 1502 1302 et

237 1347 373 1404 universi
389 1348 471 1405 cives
488 1349 600 1405 montis
616 1348 807 1419 Grechensis,
829 1356 934 1406 tenore
952 1351 1146 1423 presencium
1162 1350 1372 1423 significamus
1389 1351 1502 1422 quibus

236 1451 362 1526 expedit
385 1454 545 1523 universis,
569 1454 652 1526 quod
678 1455 726 1512 vir
749 1455 912 1527 religiosus
930 1456 1111 1513 Dominicus
1129 1457 1336 1529 provincialis,
1359 1461 1501 1528 totusque

237 1564 406 1617 conventus
429 1561 607 1617 monosterii
639 1562 734 1618 sancti
766 1561 886 1618 Nicolai
915 1560 1099 1618 confessoris
1127 1561 1166 1618 de
1198 1561 1357 1634 Zagrabia,
1385 1561 1502 1619 ordinis

237 1664 477 1735 Predicatorum,
501 1665 541 1722 ad
564 1671 701 1723 nostram
725 1668 928 1739 personaliter
951 1666 1130 1724 accedentes
1145 1667 1338 1739 presenciam
1354 1667 1500 1724 exhibue-

236 1775 308 1828 runt
331 1771 420 1828 nobis
441 1771 596 1843 queddam
620 1773 679 1830 tria
702 1773 875 1846 privilegia,
904 1773 1010 1844 sigillo
1041 1776 1208 1829 conventus
1240 1772 1380 1844 ipsorum
1404 1773 1499 1829 consi·

238 1884 338 1949 gnata,
362 1883 500 1950 petentes
524 1893 579 1934 nos
603 1878 708 1936 debita
730 1894 800 1935 cum
825 1879 980 1948 instancia,
1004 1883 1038 1934 ut
1068 1877 1176 1934 eadem
1209 1878 1373 1935 transcribi
1396 1884 1425 1934 et
1448 1892 1501 1935 no·
1554 1924 1558 1930 .

236 1987 299 2039 stro
330 1983 487 2039 communi
517 1983 623 2055 sigillo
655 1984 797 2040 roborari
831 1983 957 2040 maioris
989 1984 1034 2040 rei
1065 1982 1104 2040 ad
1139 1984 1293 2040 cautelam
1324 1982 1502 2040 faceremus.

237 2087 506 2160 Quarumquidem
531 2089 705 2147 litterarum
736 2089 980 2162 privilegialium
1013 2095 1100 2145 tenor
1131 2089 1270 2160 sequitur
1293 2095 1322 2145 et
1345 2095 1391 2145 est
1414 2089 1501 2146 talis:

236 2186 311 2270 (vid.
334 2210 378 2251 nr.
405 2193 475 2262 265.
499 2210 578 2251 anno
612 2209 704 2267 1377,
738 2209 784 2262 25.
816 2187 944 2269 aprilis).
976 2192 1114 2251 Secunde
1145 2200 1248 2251 autem
1277 2195 1380 2251 littere
1412 2201 1499 2252 tenor

237 2299 308 2356 talis
331 2304 391 2357 est:
416 2294 490 2377 (vid.
511 2316 555 2358 nr.
581 2299 651 2357 266.
677 2315 758 2358 anno
793 2314 884 2373 1377,
919 2313 965 2367 25.
997 2293 1126 2375 aprilis).
1158 2299 1265 2356 Tercie
1287 2305 1392 2356 autem
1415 2305 1502 2357 tenor

236 2404 286 2462 hic
309 2411 368 2462 est:
393 2399 466 2482 (vid.
490 2421 534 2463 nr.
560 2405 630 2480 264.
654 2420 733 2463 anno
760 2418 851 2478 1377,
879 2422 926 2462 aa.
950 2398 1079 2480 aprilis).
1102 2406 1166 2463 Nos
1182 2405 1276 2477 igitur
1293 2406 1497 2478 peticionibus

238 2509 465 2569 favorabilibus
488 2511 699 2584 predictorum
730 2511 862 2569 fratrum
893 2518 1068 2582 annuentes,
1094 2511 1247 2584 predictas
1277 2511 1381 2568 literas
1404 2512 1501 2584 privi-

238 2617 365 2688 legiales
388 2617 447 2673 sub
470 2616 575 2689 sigillo
598 2617 781 2674 eorumdem
805 2616 937 2674 fratrum
960 2615 1121 2685 confectas,
1145 2617 1184 2674 de
1199 2618 1298 2673 verbo
1313 2616 1353 2674 ad
1370 2618 1502 2675 verbum

237 2723 400 2780 transcribi
414 2722 544 2780 fecimus
556 2730 585 2781 et
597 2730 702 2781 nostro
715 2725 872 2780 communi
888 2722 993 2795 sigillo
1006 2723 1147 2780 roborari
1159 2722 1199 2780 ad
1214 2723 1374 2780 cautelam.
1387 2723 1503 2780 Datum

237 2827 267 2882 in
291 2827 399 2899 vigilia
419 2828 487 2885 festi
512 2828 738 2901 purificacionis
759 2829 889 2900 virginis
911 2828 1053 2900 gloriose.
1079 2830 1168 2885 Anno
1192 2828 1310 2885 domini
1333 2828 1503 2885 millesimo

238 2930 315 2989 CCC
339 2935 567 3006 septuagesimo
590 2940 707 2991 octavo.

328 3050 468 3115 Originale
487 3052 513 3100 in
527 3053 684 3102 membrana.
705 3053 830 3118 Sigillum
849 3053 971 3118 deperiit,
985 3055 1151 3103 solummodo
1165 3060 1245 3103 restat
1260 3054 1359 3102 sericea
1371 3069 1435 3103 zona
1448 3054 1503 3103 rio·

238 3138 304 3186 laeei
324 3139 428 3188 coloris.
453 3140 483 3188 In
503 3140 601 3190 archiv.
621 3140 667 3189 lib.
688 3157 742 3206 reg.
763 3141 811 3190 civ.
832 3142 936 3206 zagrab.

831 3319 921 3384 280.

343 3441 419 3489 Anno
441 3442 516 3499 1378,
535 3449 576 3495 27.
596 3442 693 3491 martii.
714 3441 810 3491 Budae.

238 3549 402 3608 ludovicus
417 3553 595 3625 Hungort'oc
617 3561 664 3610 etc.
688 3572 741 3610 rex
763 3572 879 3610 causam
902 3555 979 3609 inter
1000 3553 1155 3625 episopum
1171 3559 1199 3608 et
1212 3553 1367 3624 capitulum
1383 3551 1501 3623 zograb.

587 3669 673 3734 atquc
698 3662 771 3717 cives
800 3659 982 3726 Grechensos,
998 3665 1150 3731 prorogat.

326 3801 499 3858 Lodouicus
513 3801 562 3860 dei
577 3804 680 3875 gracia
696 3821 749 3861 rex
767 3805 932 3876 Hungarie,
948 3803 1081 3871 Polonie‚
1099 3803 1259 3859 Dalmacie
1273 3810 1327 3860 etc.
1345 3803 1504 3861 Fidelibus

239 3906 302 3962 suis
326 3905 426 3973 iudici,
462 3908 568 3965 iuratis
591 3916 620 3965 et
643 3910 795 3967 universis
818 3910 939 3967 civibus
963 3910 1095 3965 civitatis
1118 3908 1288 3976 Grecensis,
1316 3910 1450 3966 salutem
1473 3916 1503 3966 et

239 4012 383 4082 graciam.
409 4013 492 4070 Licet
515 4014 697 4086 magnificus
721 4016 770 4072 vir
793 4031 897 4072 comes
919 4016 1054 4098 Jacobus
1077 4014 1116 4071 de
1139 4014 1264 4087 scopus
1285 4016 1369 4071 curie
1393 4022 1422 4071 et
1438 4016 1503 4072 uni·

241 4131 398 4173 versarum
435 4119 594 4176 civitatum
630 4127 804 4178 nostrarum
840 4120 940 4188 iudex,
975 4136 1099 4177 causam
1131 4121 1209 4177 inter
1242 4136 1298 4176 ros
1326 4121 1367 4176 ab
1389 4136 1450 4177 una
1473 4126 1503 4177 et

240 4222 450 4280 venerabilem
482 4225 513 4281 in
536 4224 658 4282 Christo
690 4233 810 4299 patrem
838 4226 1000 4283 dominum
1034 4227 1226 4283 Demetrium
1251 4227 1432 4299 episcopum
1455 4243 1504 4283 za·

240 4327 449 4398 grabiensem,
472 4331 542 4386 aule
569 4338 671 4388 nostre
700 4332 920 4389 cancellarium
944 4340 974 4389 et
997 4332 1169 4405 capitulum
1193 4347 1284 4388 suum
1307 4333 1504 4404 zagrabiense

241 4439 328 4503 parte
352 4435 392 4490 ab
416 4436 513 4492 altera
536 4443 718 4508 vertentem,
741 4438 771 4494 in
795 4439 913 4495 octavis
937 4437 1005 4495 festi
1027 4439 1269 4511 Epiphaniarum
1295 4438 1412 4495 domini
1433 4454 1503 4511 pro·

243 4538 324 4594 xime
347 4541 502 4610 preteritis
525 4543 555 4599 in
579 4544 770 4615 presenciam
794 4544 950 4617 magnifici
974 4545 1033 4601 viri
1057 4543 1175 4601 domini
1191 4544 1273 4601 Petri
1289 4543 1400 4615 Zudor,
1416 4546 1505 4616 regni

242 4645 339 4701 nostri
360 4643 523 4704 Sclauonie
546 4648 619 4705 bani
642 4650 854 4720 transmiserit,
877 4651 1019 4722 partibus
1038 4658 1163 4708 octavas
1179 4650 1240 4707 diei
1256 4649 1357 4707 medie
1372 4649 1504 4723 quadra·

241 4750 366 4820 gesime,
398 4767 480 4810 nunc
509 4760 663 4826 venturas,
694 4769 799 4812 coram
828 4755 938 4813 eodem
969 4755 1096 4814 domino
1119 4757 1201 4814 bano
1223 4756 1424 4829 comparendi
1445 4771 1504 4830 pro
