3488 5242
237 348 299 402 270
657 330 733 389 Doc.
757 326 829 387 282.
858 364 894 371 -
920 323 1091 407 Aa1378.

236 530 354 586 octavis
385 529 416 586 in
456 529 572 586 eisdem
603 544 708 586 coram
739 529 829 586 nobis
859 544 951 586 causa
981 528 1011 585 in
1042 527 1194 600 premissa
1221 525 1316 582 finem
1346 524 1505 597 recepturi

235 650 416 708 comparere
439 634 587 692 deberent
609 634 733 705 directe,
763 651 819 708 per
842 642 1000 691 anotatum
1025 637 1258 705 procuratorem
1286 629 1360 687 dicti
1383 628 1503 685 domini

236 742 374 815 episcopi
398 741 488 798 nobis
511 741 754 810 exhibebantur;
777 740 949 814 prescripte
964 744 1068 795 aulem
1095 744 1199 810 partes
1223 736 1353 793 eandem
1375 749 1501 792 causam

236 847 274 904 ad
298 854 424 905 octavas
448 845 518 904 festi
541 847 623 904 beati
646 846 755 929 Jacobi
779 845 913 920 apostoli
944 860 1024 902 nunc
1056 848 1201 900 venturas
1225 858 1281 914 per
1302 856 1358 898 nos
1381 840 1502 897 differri

236 954 445 1026 postulabant,
469 969 528 1026 pro
551 968 588 1009 eo
610 952 649 1010 ad
673 952 799 1009 easdem
821 958 946 1009 octavas
969 950 1066 1007 sancti
1089 948 1198 1031 Jacobi
1222 947 1369 1004 duximus
1392 960 1502 1019 proro-

236 1060 312 1131 gari.
335 1059 509 1116 Voluerunt
539 1059 635 1115 eciam
668 1057 775 1115 eedem
806 1064 919 1130 partes,
950 1064 984 1113 ut
1013 1056 1087 1113 dicti
1118 1054 1221 1124 iudex,
1252 1054 1345 1110 iurati
1367 1058 1399 1108 et
1419 1052 1504 1109 cives

236 1165 339 1238 ipsam
369 1179 495 1221 causam
525 1164 566 1220 ab
594 1163 710 1220 eisdem
734 1163 851 1220 octavis
882 1180 937 1220 nec
968 1163 1079 1220 litteris
1110 1161 1277 1232 regalibus,
1305 1174 1361 1215 nec
1383 1158 1504 1230 regina·

237 1272 321 1329 libus
344 1271 396 1328 vel
419 1271 541 1328 racione
564 1271 716 1327 exercitus
739 1285 838 1341 neque
862 1269 967 1342 aliqua
989 1268 1052 1325 alia
1075 1268 1185 1340 quavis
1200 1265 1321 1323 cautela
1337 1265 1503 1322 adinventa

236 1377 367 1434 ulterius
391 1377 488 1451 possit
511 1376 681 1449 prorogari.
704 1376 821 1432 Datum
845 1376 876 1432 in
899 1373 1068 1446 Vysegrad,
1092 1379 1203 1430 octavo
1226 1371 1276 1428 dle
1293 1371 1417 1428 termini
1433 1386 1504 1443 pre·

237 1483 341 1541 notati.
364 1481 455 1539 Anno
470 1481 588 1538 domini
612 1480 807 1537 MCCCLXX
829 1485 947 1538 octavo.

327 1599 467 1663 Originale
487 1598 513 1647 in
531 1598 629 1648 charta.
649 1597 679 1647 In
697 1597 797 1647 archiv.
817 1599 897 1646 Acad.
916 1596 1010 1647 Scient.
1030 1598 1099 1647 Slav.
1119 1596 1212 1646 merid.

830 1810 916 1876 282.

346 1937 422 1984 Anno
445 1935 518 1991 1378,
542 1943 579 1997 19.
600 1933 659 1983 mai.
679 1933 831 1998 Zagrabiae.

239 2063 345 2119 Petrus
370 2061 474 2118 Zudar
495 2061 594 2130 banus,
617 2061 713 2117 comiti
733 2069 761 2118 et
780 2062 918 2119 iudicibus
947 2063 1082 2119 nobilium
1113 2065 1260 2120 comitatus
1290 2063 1439 2130 cnsr'cnsis,
1472 2069 1508 2119 ut

239 2168 273 2224 de
295 2169 418 2242 nefariis
441 2167 550 2223 actibus
572 2168 697 2223 Domm'i
718 2168 854 2242 officialis
876 2170 998 2241 capituli
1018 2171 1133 2242 zagrub.
1158 2170 1265 2226 ciuibus
1294 2168 1503 2226 Greclrcnsibus

639 2274 730 2329 illatis
755 2275 931 2346 t'nzrestr'gent,
947 2266 1097 2352 proecepit.

328 2419 435 2476 Petrus
459 2418 569 2488 Zudar,
592 2419 680 2490 regni
703 2416 866 2475 Sclauonie
892 2419 998 2476 banus.
1030 2419 1196 2476 Nobilibus
1224 2420 1299 2476 viris
1323 2419 1428 2476 comiti
1452 2418 1504 2474 vel

239 2525 413 2583 vicecomiti
436 2531 466 2581 et
488 2523 643 2581 iudicibus
666 2524 820 2581 nobilium
844 2527 1008 2582 comitatus
1031 2527 1192 2596 crisiensis,
1213 2525 1416 2582 dileccionem
1431 2540 1504 2581 cum

239 2631 346 2688 salute.
369 2631 483 2687 Dicunt
507 2630 596 2687 nobis
620 2629 721 2695 iudex,
755 2630 844 2687 iurati
867 2637 896 2686 el
922 2631 1056 2688 universi
1079 2633 1162 2688 cives
1186 2633 1299 2689 montis
1322 2630 1507 2688 Grechensis

239 2738 327 2808 gravi
353 2743 383 2793 et
405 2736 599 2793 lamentabili
631 2752 701 2792 cum
734 2737 868 2808 querela,
901 2736 983 2809 quod
1012 2737 1117 2808 Duym
1141 2736 1284 2794 officialis
1308 2736 1506 2793 dominorum

240 2843 278 2901 de
309 2843 448 2916 capitulo
478 2843 669 2915 zagrabiensi
700 2843 738 2899 de
769 2844 896 2916 speciali
927 2849 1073 2917 precepto
1104 2850 1133 2901 et
1157 2845 1303 2901 mandato
1325 2842 1507 2900 eorumdem

240 2949 447 3020 dominorum,
481 2947 557 3005 feria
588 2949 695 3020 quinta
725 2950 869 3022 proxima
900 2956 970 3023 post
997 2949 1108 3006 festum
1137 2951 1233 3007 sancti
1256 2949 1401 3007 Stanizlai
1424 2965 1507 3005 mar·

240 3055 316 3126 tiris‚
346 3055 488 3127 proxime
520 3055 711 3128 preteritum,
743 3056 887 3112 manibus
916 3057 1044 3113 armatis
1074 3061 1104 3113 et
1135 3056 1338 3129 potenciariis,
1373 3070 1508 3112 unacum

240 3161 303 3216 suis
327 3159 542 3232 complicibus,
567 3159 747 3217 Pertoldum
772 3161 873 3217 civem
898 3161 1051 3218 dictorum
1074 3162 1190 3218 civium
1214 3162 1243 3219 in
1269 3161 1395 3235 publica
1412 3166 1507 3217 strata

240 3281 294 3322 seu
318 3266 369 3322 via
394 3265 425 3322 in
449 3265 603 3322 territorio
627 3265 723 3338 ipsius
753 3267 886 3323 civitatis
918 3266 1098 3337 insidiando
1127 3266 1202 3323 dum
1228 3266 1309 3323 idem
1334 3266 1506 3336 pertoldus,

241 3371 317 3428 hora
345 3370 469 3443 quando
489 3370 528 3427 ad
553 3386 610 3426 ave
634 3372 731 3427 Maria
751 3371 936 3443 pulsaretur,
953 3389 1009 3445 per
1025 3373 1208 3445 peticionem
1225 3373 1342 3428 domini
1358 3373 1506 3454 Johannis

241 3477 378 3533 canonici
394 3477 530 3534 albensis
560 3476 696 3547 ecclesie,
720 3483 813 3549 prout
836 3477 918 3534 idem
943 3477 1032 3534 Petro
1056 3477 1214 3534 sacerdote
1238 3484 1356 3535 rectore
1380 3478 1508 3534 ecclesie

241 3582 332 3639 beate
355 3583 549 3654 Margarcthe
583 3583 712 3653 virginis
743 3582 781 3639 dc
811 3584 961 3640 suburbio
985 3583 1151 3641 Grechensi
1176 3590 1205 3641 et
1230 3585 1377 3656 magistro
1406 3584 1504 3651 Petro,

242 3688 308 3745 filio
324 3688 449 3745 Martini
464 3688 503 3745 de
519 3688 652 3759 Chechy‚
669 3687 731 3744 fide
746 3704 801 3745 sua
818 3689 980 3758 mediante,
998 3689 1106 3745 cadem
1122 3704 1178 3745 suo
1195 3688 1288 3745 modo
1304 3689 1507 3755 affirmasset;

243 3800 271 3869 et
304 3794 367 3866 qui,
400 3795 516 3851 scilicet
545 3794 716 3862 canonicus,
753 3801 845 3867 prout
876 3796 1056 3868 peregrinus
1088 3801 1159 3852 tunc
1191 3796 1218 3851 in
1251 3795 1345 3852 domo
1369 3795 1507 3852 eiusdem

243 3900 380 3957 Pertoldi
411 3900 625 3971 descendisset,
658 3915 715 3972 pro
746 3901 941 3973 apportando
964 3902 1036 3958 vino
1059 3901 1098 3957 ad
1123 3901 1252 3958 domum
1276 3901 1400 3958 domine
1422 3901 1508 3983 Jaisa

243 4013 358 4075 vocate,
383 4009 498 4064 sororis
522 4007 659 4064 eiusdem
685 4008 830 4078 Pertoldi,
861 4009 1004 4065 similiter
1027 4008 1194 4064 concivisse
1218 4009 1356 4080 ipsorum
1382 4008 1507 4071 civium,

242 4113 427 4183 accessisset,
458 4119 616 4185 repertum
648 4115 861 4186 captivassent,
893 4120 1088 4186 captumque,
1118 4114 1311 4177 vulneratum,
1339 4114 1506 4185 spoliatum

243 4225 272 4274 et
295 4219 464 4275 enormiter
487 4235 543 4291 per
566 4219 668 4291 ipsum
694 4219 797 4290 Duym
823 4220 1030 4288 verberatum,
1054 4219 1129 4276 diris
1153 4221 1215 4276 suis
1239 4218 1370 4275 vinculis
1395 4219 1508 4275 manci·

243 4330 354 4396 passet,
385 4339 478 4395 quern
511 4322 592 4379 idem
624 4323 736 4394 Duym,
769 4325 798 4381 in
830 4325 980 4392 manibus,
1013 4323 1144 4397 pedibus
1168 4331 1197 4380 et
1224 4324 1306 4380 collo
1338 4324 1507 4381 distensum

243 4428 410 4485 crudeliter
433 4428 648 4486 tormentando
679 4446 734 4502 per
758 4429 886 4486 modurn
918 4432 1017 4487 crucis
1049 4432 1193 4487 tenuisset
1224 4438 1253 4487 ct
1282 4448 1361 4488 nunc
1394 4438 1510 4487 teneret

243 4534 406 4606 alligatum
438 4536 523 4592 omni
547 4550 601 4592 sua
624 4536 689 4592 sine
720 4537 821 4608 culpa,
853 4537 954 4608 ipsum
985 4537 1015 4593 in
1040 4541 1162 4592 centum
1186 4535 1308 4593 llorenis
1339 4536 1508 4610 pactando;

243 4639 298 4697 lite
328 4648 431 4698 tamen
462 4643 540 4699 inter
572 4643 656 4714 ipsos
680 4640 822 4699 dominos
846 4641 883 4698 de
905 4641 1042 4715 capitulo
1066 4648 1096 4698 et
1118 4643 1200 4697 cives
1224 4641 1383 4713 pendente.
1407 4641 1509 4715 Super

243 4760 306 4817 quo
328 4752 464 4803 vestram
485 4747 678 4804 nobilitatem
696 4748 891 4822 presentibus
907 4747 1042 4820 petimus
1057 4746 1229 4818 diligenter,
1246 4753 1395 4818 quatenus
1410 4763 1508 4806 unum
