<?xml version="1.0" encoding="UTF-8"?>
<!DOCTYPE html PUBLIC "-//W3C//DTD XHTML 1.0 Transitional//EN"
    "http://www.w3.org/TR/xhtml1/DTD/xhtml1-transitional.dtd">
<html xmlns="http://www.w3.org/1999/xhtml" xml:lang="en" lang="en">
 <head>
  <title>
</title>
<meta http-equiv="Content-Type" content="text/html;charset=utf-8" />
  <meta name='ocr-system' content='tesseract 3.04.00' />
  <meta name='ocr-capabilities' content='ocr_page ocr_carea ocr_par ocr_line ocrx_word'/>
</head>
<body>
  <div class='ocr_page' id='page_1' title='image "./monumentahistor11laszgoog_0527.png"; bbox 0 0 3488 5242; ppageno 0'>
   <div class='ocr_carea' id='block_1_1' title="bbox 239 323 1079 404">
    <p class='ocr_par' dir='ltr' id='par_1_1' title="bbox 239 323 1079 404">
     <span class='ocr_line' id='line_1_1' title="bbox 239 323 1079 404; baseline -0.006 -16"><span class='ocrx_word' id='word_1_1' title='bbox 239 331 298 388; x_wconf 85' lang='lat'><strong>288</strong></span> <span class='ocrx_word' id='word_1_2' title='bbox 658 328 733 386; x_wconf 84' lang='lat' dir='ltr'><strong>Boc.</strong></span> <span class='ocrx_word' id='word_1_3' title='bbox 752 338 826 404; x_wconf 79' lang='lat'><em>305.</em></span> <span class='ocrx_word' id='word_1_4' title='bbox 851 360 888 368; x_wconf 94' lang='lat'>—</span> <span class='ocrx_word' id='word_1_5' title='bbox 906 326 963 385; x_wconf 86' lang='lat' dir='ltr'><strong>An.</strong></span> <span class='ocrx_word' id='word_1_6' title='bbox 988 323 1079 403; x_wconf 69' lang='grc'><em>1380,</em></span> 
     </span>
    </p>
   </div>
   <div class='ocr_carea' id='block_1_2' title="bbox 236 525 1511 4834">
    <p class='ocr_par' dir='ltr' id='par_1_2' title="bbox 236 525 1511 4834">
     <span class='ocr_line' id='line_1_2' title="bbox 236 525 1504 597; baseline -0.001 -14"><span class='ocrx_word' id='word_1_7' title='bbox 236 527 355 584; x_wconf 83' lang='lat' dir='ltr'>litteras</span> <span class='ocrx_word' id='word_1_8' title='bbox 378 525 523 583; x_wconf 87' lang='lat' dir='ltr'>dedimus</span> <span class='ocrx_word' id='word_1_9' title='bbox 547 527 577 582; x_wconf 91' lang='lat' dir='ltr'><strong>in</strong></span> <span class='ocrx_word' id='word_1_10' title='bbox 602 525 763 595; x_wconf 86' lang='lat' dir='ltr'><strong>mandatis,</strong></span> <span class='ocrx_word' id='word_1_11' title='bbox 789 531 822 581; x_wconf 91' lang='lat' dir='ltr'><strong>ut</strong></span> <span class='ocrx_word' id='word_1_12' title='bbox 846 526 963 581; x_wconf 88' lang='lat' dir='ltr'><strong>vocatis</strong></span> <span class='ocrx_word' id='word_1_13' title='bbox 986 525 1039 597; x_wconf 93' lang='lat' dir='ltr'><strong>qui</strong></span> <span class='ocrx_word' id='word_1_14' title='bbox 1064 525 1164 582; x_wconf 84' lang='lat' dir='ltr'><strong>forent</strong></span> <span class='ocrx_word' id='word_1_15' title='bbox 1180 526 1330 582; x_wconf 88' lang='lat' dir='ltr'><strong>evocandi</strong></span> <span class='ocrx_word' id='word_1_16' title='bbox 1345 532 1375 582; x_wconf 90' lang='lat' dir='ltr'><strong>et</strong></span> <span class='ocrx_word' id='word_1_17' title='bbox 1391 525 1504 583; x_wconf 89' lang='lat' dir='ltr'><strong>auditis</strong></span> 
     </span>
     <span class='ocr_line' id='line_1_3' title="bbox 236 629 1504 705; baseline -0.002 -16"><span class='ocrx_word' id='word_1_18' title='bbox 236 633 307 690; x_wconf 91' lang='lat' dir='ltr'><strong>hinc</strong></span> <span class='ocrx_word' id='word_1_19' title='bbox 342 631 412 689; x_wconf 92' lang='lat' dir='ltr'><strong>inde</strong></span> <span class='ocrx_word' id='word_1_20' title='bbox 447 632 624 705; x_wconf 90' lang='lat' dir='ltr'><strong>propositis,</strong></span> <span class='ocrx_word' id='word_1_21' title='bbox 660 629 735 703; x_wconf 90' lang='lat' dir='ltr'><strong>quid</strong></span> <span class='ocrx_word' id='word_1_22' title='bbox 765 631 881 687; x_wconf 91' lang='lat' dir='ltr'><strong>iustum</strong></span> <span class='ocrx_word' id='word_1_23' title='bbox 909 630 997 700; x_wconf 83' lang='lat' dir='ltr'><strong>foret,</strong></span> <span class='ocrx_word' id='word_1_24' title='bbox 1021 631 1236 704; x_wconf 90' lang='lat' dir='ltr'><strong>appellacione</strong></span> <span class='ocrx_word' id='word_1_25' title='bbox 1259 636 1378 688; x_wconf 88' lang='lat' dir='ltr'><strong>remota</strong></span> <span class='ocrx_word' id='word_1_26' title='bbox 1401 631 1504 688; x_wconf 90' lang='lat' dir='ltr'><strong>decer·</strong></span> 
     </span>
     <span class='ocr_line' id='line_1_4' title="bbox 237 736 1504 811; baseline -0.002 -15"><span class='ocrx_word' id='word_1_27' title='bbox 237 744 332 810; x_wconf 89' lang='lat' dir='ltr'><strong>neret,</strong></span> <span class='ocrx_word' id='word_1_28' title='bbox 364 737 478 796; x_wconf 87' lang='lat' dir='ltr'><strong>faciens</strong></span> <span class='ocrx_word' id='word_1_29' title='bbox 505 737 581 810; x_wconf 91' lang='lat' dir='ltr'><strong>quid</strong></span> <span class='ocrx_word' id='word_1_30' title='bbox 611 737 789 795; x_wconf 85' lang='lat' dir='ltr'>decerneret</span> <span class='ocrx_word' id='word_1_31' title='bbox 819 753 875 811; x_wconf 92' lang='lat' dir='ltr'><strong>per</strong></span> <span class='ocrx_word' id='word_1_32' title='bbox 907 753 1067 794; x_wconf 83' lang='lat' dir='ltr'>censuram</span> <span class='ocrx_word' id='word_1_33' title='bbox 1099 737 1336 793; x_wconf 90' lang='lat' dir='ltr'><strong>ecclesiasticam</strong></span> <span class='ocrx_word' id='word_1_34' title='bbox 1372 736 1504 794; x_wconf 91' lang='lat' dir='ltr'><strong>firmiter</strong></span> 
     </span>
     <span class='ocr_line' id='line_1_5' title="bbox 238 840 1503 918; baseline -0.003 -16"><span class='ocrx_word' id='word_1_35' title='bbox 238 845 407 916; x_wconf 90' lang='lat' dir='ltr'><strong>observari,</strong></span> <span class='ocrx_word' id='word_1_36' title='bbox 432 849 525 918; x_wconf 92' lang='lat' dir='ltr'><strong>prout</strong></span> <span class='ocrx_word' id='word_1_37' title='bbox 548 845 578 901; x_wconf 94' lang='lat' dir='ltr'><strong>in</strong></span> <span class='ocrx_word' id='word_1_38' title='bbox 603 843 692 901; x_wconf 90' lang='lat' dir='ltr'><strong>dictis</strong></span> <span class='ocrx_word' id='word_1_39' title='bbox 714 843 826 901; x_wconf 91' lang='lat' dir='ltr'><strong>litteris</strong></span> <span class='ocrx_word' id='word_1_40' title='bbox 849 843 970 915; x_wconf 87' lang='lat' dir='ltr'>plenius</span> <span class='ocrx_word' id='word_1_41' title='bbox 992 843 1170 900; x_wconf 87' lang='lat' dir='ltr'>continetur.</span> <span class='ocrx_word' id='word_1_42' title='bbox 1195 840 1274 899; x_wconf 92' lang='lat' dir='ltr'><strong>Cum</strong></span> <span class='ocrx_word' id='word_1_43' title='bbox 1297 848 1410 912; x_wconf 91' lang='lat' dir='ltr'><strong>autem,</strong></span> <span class='ocrx_word' id='word_1_44' title='bbox 1426 844 1503 899; x_wconf 91' lang='lat' dir='ltr'><strong>sicut</strong></span> 
     </span>
     <span class='ocr_line' id='line_1_6' title="bbox 238 947 1505 1023; baseline -0.003 -15"><span class='ocrx_word' id='word_1_45' title='bbox 238 950 376 1008; x_wconf 82' lang='lat' dir='ltr'><strong>exhibita</strong></span> <span class='ocrx_word' id='word_1_46' title='bbox 406 950 496 1007; x_wconf 89' lang='lat' dir='ltr'><strong>nobis</strong></span> <span class='ocrx_word' id='word_1_47' title='bbox 526 966 627 1023; x_wconf 85' lang='lat' dir='ltr'>nuper</span> <span class='ocrx_word' id='word_1_48' title='bbox 657 964 714 1023; x_wconf 92' lang='lat' dir='ltr'><strong>pro</strong></span> <span class='ocrx_word' id='word_1_49' title='bbox 749 956 836 1021; x_wconf 90' lang='lat' dir='ltr'><strong>parte</strong></span> <span class='ocrx_word' id='word_1_50' title='bbox 864 947 974 1021; x_wconf 85' lang='lat' dir='ltr'><strong>prefati</strong></span> <span class='ocrx_word' id='word_1_51' title='bbox 998 949 1080 1020; x_wconf 89' lang='lat' dir='ltr'><strong>regis</strong></span> <span class='ocrx_word' id='word_1_52' title='bbox 1103 948 1216 1021; x_wconf 91' lang='lat' dir='ltr'><strong>peticio</strong></span> <span class='ocrx_word' id='word_1_53' title='bbox 1240 949 1423 1017; x_wconf 88' lang='lat' dir='ltr'><strong>continebat,</strong></span> <span class='ocrx_word' id='word_1_54' title='bbox 1449 948 1505 1005; x_wconf 92' lang='lat' dir='ltr'><strong>du-</strong></span> 
     </span>
     <span class='ocr_line' id='line_1_7' title="bbox 239 1053 1505 1128; baseline -0.002 -15"><span class='ocrx_word' id='word_1_55' title='bbox 239 1055 314 1113; x_wconf 92' lang='lat' dir='ltr'><strong>dum</strong></span> <span class='ocrx_word' id='word_1_56' title='bbox 349 1055 471 1128; x_wconf 85' lang='lat' dir='ltr'><strong>prelato</strong></span> <span class='ocrx_word' id='word_1_57' title='bbox 506 1055 608 1112; x_wconf 82' lang='lat' dir='ltr'>Blasio</span> <span class='ocrx_word' id='word_1_58' title='bbox 639 1055 730 1112; x_wconf 91' lang='lat' dir='ltr'><strong>tacito</strong></span> <span class='ocrx_word' id='word_1_59' title='bbox 758 1054 796 1111; x_wconf 91' lang='lat' dir='ltr'><strong>de</strong></span> <span class='ocrx_word' id='word_1_60' title='bbox 819 1055 886 1111; x_wconf 90' lang='lat' dir='ltr'><strong>iure</strong></span> <span class='ocrx_word' id='word_1_61' title='bbox 910 1059 1090 1128; x_wconf 90' lang='lat' dir='ltr'><strong>patronatus</strong></span> <span class='ocrx_word' id='word_1_62' title='bbox 1114 1053 1254 1126; x_wconf 89' lang='lat' dir='ltr'><strong>predicto</strong></span> <span class='ocrx_word' id='word_1_63' title='bbox 1276 1059 1307 1111; x_wconf 92' lang='lat' dir='ltr'><strong>et</strong></span> <span class='ocrx_word' id='word_1_64' title='bbox 1330 1053 1410 1111; x_wconf 84' lang='lat' dir='ltr'><strong>salso</strong></span> <span class='ocrx_word' id='word_1_65' title='bbox 1434 1070 1505 1126; x_wconf 90' lang='lat' dir='ltr'><strong>sug-</strong></span> 
     </span>
     <span class='ocr_line' id='line_1_8' title="bbox 238 1160 1505 1235; baseline -0.002 -16"><span class='ocrx_word' id='word_1_66' title='bbox 238 1167 371 1235; x_wconf 82' lang='lat' dir='ltr'><strong>gerente,</strong></span> <span class='ocrx_word' id='word_1_67' title='bbox 405 1160 504 1219; x_wconf 84' lang='lat' dir='ltr'><strong>felicis</strong></span> <span class='ocrx_word' id='word_1_68' title='bbox 540 1161 765 1217; x_wconf 86' lang='lat' dir='ltr'><strong>recordacionis</strong></span> <span class='ocrx_word' id='word_1_69' title='bbox 797 1160 939 1232; x_wconf 84' lang='lat' dir='ltr'><strong>Gregorii</strong></span> <span class='ocrx_word' id='word_1_70' title='bbox 970 1175 1051 1232; x_wconf 89' lang='lat' dir='ltr'><strong>pape</strong></span> <span class='ocrx_word' id='word_1_71' title='bbox 1082 1160 1131 1216; x_wconf 86' lang='lat' dir='ltr'><strong>Xl.</strong></span> <span class='ocrx_word' id='word_1_72' title='bbox 1161 1160 1371 1233; x_wconf 87' lang='lat' dir='ltr'><strong>predecessori</strong></span> <span class='ocrx_word' id='word_1_73' title='bbox 1400 1166 1505 1217; x_wconf 90' lang='lat' dir='ltr'><strong>nostro</strong></span> 
     </span>
     <span class='ocr_line' id='line_1_9' title="bbox 238 1266 1505 1339; baseline -0.002 -14"><span class='ocrx_word' id='word_1_74' title='bbox 238 1267 417 1325; x_wconf 88' lang='lat' dir='ltr'><strong>huiusmodi</strong></span> <span class='ocrx_word' id='word_1_75' title='bbox 442 1267 569 1324; x_wconf 83' lang='lat' dir='ltr'><strong>terciam</strong></span> <span class='ocrx_word' id='word_1_76' title='bbox 593 1272 714 1338; x_wconf 91' lang='lat' dir='ltr'><strong>partem</strong></span> <span class='ocrx_word' id='word_1_77' title='bbox 739 1266 819 1323; x_wconf 88' lang='lat' dir='ltr'><strong>dicte</strong></span> <span class='ocrx_word' id='word_1_78' title='bbox 843 1266 971 1338; x_wconf 91' lang='lat' dir='ltr'><strong>capelle,</strong></span> <span class='ocrx_word' id='word_1_79' title='bbox 995 1273 1066 1323; x_wconf 91' lang='lat' dir='ltr'><strong>tunc</strong></span> <span class='ocrx_word' id='word_1_80' title='bbox 1089 1271 1174 1322; x_wconf 92' lang='lat' dir='ltr'><strong>certo</strong></span> <span class='ocrx_word' id='word_1_81' title='bbox 1191 1266 1285 1323; x_wconf 92' lang='lat' dir='ltr'><strong>modo</strong></span> <span class='ocrx_word' id='word_1_82' title='bbox 1301 1282 1420 1336; x_wconf 89' lang='lat' dir='ltr'><strong>vacare,</strong></span> <span class='ocrx_word' id='word_1_83' title='bbox 1437 1282 1505 1339; x_wconf 90' lang='lat' dir='ltr'><strong>pre-</strong></span> 
     </span>
     <span class='ocr_line' id='line_1_10' title="bbox 242 1371 1504 1446; baseline -0.003 -15"><span class='ocrx_word' id='word_1_84' title='bbox 242 1373 322 1431; x_wconf 88' lang='lat' dir='ltr'><strong>latus</strong></span> <span class='ocrx_word' id='word_1_85' title='bbox 357 1373 557 1446; x_wconf 87' lang='lat' dir='ltr'><strong>predecessor</strong></span> <span class='ocrx_word' id='word_1_86' title='bbox 580 1372 618 1429; x_wconf 89' lang='lat' dir='ltr'><strong>ad</strong></span> <span class='ocrx_word' id='word_1_87' title='bbox 644 1371 754 1428; x_wconf 87' lang='lat' dir='ltr'><strong>salsam</strong></span> <span class='ocrx_word' id='word_1_88' title='bbox 779 1373 1008 1445; x_wconf 79' lang='lat' dir='ltr'><strong>suggestionem</strong></span> <span class='ocrx_word' id='word_1_89' title='bbox 1035 1371 1221 1443; x_wconf 87' lang='lat' dir='ltr'><strong>huiusmodi,</strong></span> <span class='ocrx_word' id='word_1_90' title='bbox 1258 1388 1313 1444; x_wconf 92' lang='lat' dir='ltr'><strong>per</strong></span> <span class='ocrx_word' id='word_1_91' title='bbox 1336 1388 1406 1429; x_wconf 90' lang='lat' dir='ltr'><strong>suas</strong></span> <span class='ocrx_word' id='word_1_92' title='bbox 1429 1372 1504 1428; x_wconf 92' lang='lat' dir='ltr'><strong>certi</strong></span> 
     </span>
     <span class='ocr_line' id='line_1_11' title="bbox 240 1477 1505 1551; baseline 0 -16"><span class='ocrx_word' id='word_1_93' title='bbox 240 1481 355 1536; x_wconf 86' lang='lat' dir='ltr'><strong>tenoris</strong></span> <span class='ocrx_word' id='word_1_94' title='bbox 379 1479 505 1549; x_wconf 90' lang='lat' dir='ltr'><strong>litteras,</strong></span> <span class='ocrx_word' id='word_1_95' title='bbox 529 1477 672 1536; x_wconf 89' lang='lat' dir='ltr'><strong>dedicta</strong></span> <span class='ocrx_word' id='word_1_96' title='bbox 696 1479 789 1535; x_wconf 89' lang='lat' dir='ltr'><strong>tercia</strong></span> <span class='ocrx_word' id='word_1_97' title='bbox 810 1487 897 1551; x_wconf 87' lang='lat' dir='ltr'><strong>parte</strong></span> <span class='ocrx_word' id='word_1_98' title='bbox 924 1478 1006 1535; x_wconf 90' lang='lat' dir='ltr'><strong>dicto</strong></span> <span class='ocrx_word' id='word_1_99' title='bbox 1031 1478 1132 1535; x_wconf 88' lang='lat' dir='ltr'><strong>Blasio</strong></span> <span class='ocrx_word' id='word_1_100' title='bbox 1156 1477 1313 1551; x_wconf 91' lang='lat' dir='ltr'><strong>provideri</strong></span> <span class='ocrx_word' id='word_1_101' title='bbox 1330 1478 1505 1547; x_wconf 89' lang='lat' dir='ltr'><strong>mandavit;</strong></span> 
     </span>
     <span class='ocr_line' id='line_1_12' title="bbox 240 1583 1504 1658; baseline -0.002 -16"><span class='ocrx_word' id='word_1_102' title='bbox 240 1585 385 1658; x_wconf 89' lang='lat' dir='ltr'><strong>idemque</strong></span> <span class='ocrx_word' id='word_1_103' title='bbox 410 1585 529 1642; x_wconf 93' lang='lat' dir='ltr'><strong>Blasius</strong></span> <span class='ocrx_word' id='word_1_104' title='bbox 546 1584 625 1642; x_wconf 87' lang='lat' dir='ltr'><strong>falso</strong></span> <span class='ocrx_word' id='word_1_105' title='bbox 643 1584 827 1657; x_wconf 88' lang='lat' dir='ltr'><strong>pretendens</strong></span> <span class='ocrx_word' id='word_1_106' title='bbox 852 1600 884 1640; x_wconf 89' lang='lat' dir='ltr'><strong>se</strong></span> <span class='ocrx_word' id='word_1_107' title='bbox 907 1591 1012 1642; x_wconf 91' lang='lat' dir='ltr'><strong>contra</strong></span> <span class='ocrx_word' id='word_1_108' title='bbox 1029 1585 1180 1641; x_wconf 90' lang='lat' dir='ltr'><strong>iusticiam</strong></span> <span class='ocrx_word' id='word_1_109' title='bbox 1205 1584 1377 1657; x_wconf 89' lang='lat' dir='ltr'><strong>inpeditum</strong></span> <span class='ocrx_word' id='word_1_110' title='bbox 1402 1583 1504 1653; x_wconf 84' lang='lat' dir='ltr'><strong>fuisse,</strong></span> 
     </span>
     <span class='ocr_line' id='line_1_13' title="bbox 240 1690 1505 1765; baseline -0.002 -17"><span class='ocrx_word' id='word_1_111' title='bbox 240 1693 406 1764; x_wconf 88' lang='lat' dir='ltr'><strong>quominus</strong></span> <span class='ocrx_word' id='word_1_112' title='bbox 430 1692 495 1764; x_wconf 90' lang='lat' dir='ltr'><strong>ipse</strong></span> <span class='ocrx_word' id='word_1_113' title='bbox 518 1692 645 1748; x_wconf 87' lang='lat' dir='ltr'><strong>terciam</strong></span> <span class='ocrx_word' id='word_1_114' title='bbox 671 1696 791 1763; x_wconf 90' lang='lat' dir='ltr'><strong>partem</strong></span> <span class='ocrx_word' id='word_1_115' title='bbox 809 1692 905 1765; x_wconf 92' lang='lat' dir='ltr'><strong>ipsius</strong></span> <span class='ocrx_word' id='word_1_116' title='bbox 926 1690 1045 1762; x_wconf 89' lang='lat' dir='ltr'><strong>capelle</strong></span> <span class='ocrx_word' id='word_1_117' title='bbox 1062 1690 1233 1762; x_wconf 84' lang='lat' dir='ltr'><strong>predictam</strong></span> <span class='ocrx_word' id='word_1_118' title='bbox 1250 1691 1372 1761; x_wconf 88' lang='lat' dir='ltr'><strong>assequi</strong></span> <span class='ocrx_word' id='word_1_119' title='bbox 1388 1690 1505 1763; x_wconf 92' lang='lat' dir='ltr'><strong>potuis-</strong></span> 
     </span>
     <span class='ocr_line' id='line_1_14' title="bbox 240 1796 1506 1871; baseline -0.002 -16"><span class='ocrx_word' id='word_1_120' title='bbox 240 1803 294 1868; x_wconf 85' lang='lat' dir='ltr'><strong>set,</strong></span> <span class='ocrx_word' id='word_1_121' title='bbox 317 1814 411 1870; x_wconf 93' lang='lat' dir='ltr'><strong>seque</strong></span> <span class='ocrx_word' id='word_1_122' title='bbox 434 1804 600 1871; x_wconf 89' lang='lat' dir='ltr'><strong>propterea</strong></span> <span class='ocrx_word' id='word_1_123' title='bbox 623 1799 691 1870; x_wconf 92' lang='lat' dir='ltr'><strong>ipso</strong></span> <span class='ocrx_word' id='word_1_124' title='bbox 715 1797 931 1871; x_wconf 85' lang='lat' dir='ltr'><strong>predecessore</strong></span> <span class='ocrx_word' id='word_1_125' title='bbox 953 1796 1055 1853; x_wconf 92' lang='lat' dir='ltr'><strong>adhuc</strong></span> <span class='ocrx_word' id='word_1_126' title='bbox 1071 1798 1100 1852; x_wconf 91' lang='lat' dir='ltr'><strong>in</strong></span> <span class='ocrx_word' id='word_1_127' title='bbox 1118 1797 1260 1853; x_wconf 91' lang='lat' dir='ltr'><strong>humanis</strong></span> <span class='ocrx_word' id='word_1_128' title='bbox 1276 1803 1384 1868; x_wconf 89' lang='lat' dir='ltr'><strong>agente</strong></span> <span class='ocrx_word' id='word_1_129' title='bbox 1405 1796 1442 1852; x_wconf 92' lang='lat' dir='ltr'><strong>ad</strong></span> <span class='ocrx_word' id='word_1_130' title='bbox 1460 1812 1506 1852; x_wconf 92' lang='lat' dir='ltr'><strong>se-</strong></span> 
     </span>
     <span class='ocr_line' id='line_1_15' title="bbox 240 1901 1505 1977; baseline -0.002 -17"><span class='ocrx_word' id='word_1_131' title='bbox 240 1903 312 1961; x_wconf 93' lang='lat' dir='ltr'><strong>dem</strong></span> <span class='ocrx_word' id='word_1_132' title='bbox 329 1904 533 1977; x_wconf 90' lang='lat' dir='ltr'><strong>apostolicam</strong></span> <span class='ocrx_word' id='word_1_133' title='bbox 557 1904 732 1977; x_wconf 89' lang='lat' dir='ltr'><strong>appellasse</strong></span> <span class='ocrx_word' id='word_1_134' title='bbox 751 1908 780 1960; x_wconf 92' lang='lat' dir='ltr'><strong>et</strong></span> <span class='ocrx_word' id='word_1_135' title='bbox 796 1903 973 1960; x_wconf 88' lang='lat' dir='ltr'><strong>huiusmodi</strong></span> <span class='ocrx_word' id='word_1_136' title='bbox 989 1903 1212 1976; x_wconf 89' lang='lat' dir='ltr'><strong>appellacionis</strong></span> <span class='ocrx_word' id='word_1_137' title='bbox 1235 1918 1326 1959; x_wconf 90' lang='lat' dir='ltr'><strong>causa</strong></span> <span class='ocrx_word' id='word_1_138' title='bbox 1346 1901 1383 1959; x_wconf 93' lang='lat' dir='ltr'><strong>ad</strong></span> <span class='ocrx_word' id='word_1_139' title='bbox 1400 1902 1505 1958; x_wconf 88' lang='lat' dir='ltr'><strong>sedem</strong></span> 
     </span>
     <span class='ocr_line' id='line_1_16' title="bbox 240 2008 1506 2083; baseline -0.002 -17"><span class='ocrx_word' id='word_1_140' title='bbox 240 2009 411 2083; x_wconf 89' lang='lat' dir='ltr'><strong>predictam</strong></span> <span class='ocrx_word' id='word_1_141' title='bbox 435 2010 586 2081; x_wconf 91' lang='lat' dir='ltr'><strong>legittime</strong></span> <span class='ocrx_word' id='word_1_142' title='bbox 609 2009 784 2066; x_wconf 90' lang='lat' dir='ltr'><strong>introducta</strong></span> <span class='ocrx_word' id='word_1_143' title='bbox 811 2010 893 2066; x_wconf 93' lang='lat' dir='ltr'><strong>etin</strong></span> <span class='ocrx_word' id='word_1_144' title='bbox 917 2009 1052 2083; x_wconf 89' lang='lat' dir='ltr'><strong>pallacio</strong></span> <span class='ocrx_word' id='word_1_145' title='bbox 1072 2009 1243 2082; x_wconf 86' lang='lat' dir='ltr'><strong>apostolico</strong></span> <span class='ocrx_word' id='word_1_146' title='bbox 1268 2008 1424 2076; x_wconf 89' lang='lat' dir='ltr'><strong>ventilata,</strong></span> <span class='ocrx_word' id='word_1_147' title='bbox 1448 2023 1506 2080; x_wconf 91' lang='lat' dir='ltr'><strong>pro</strong></span> 
     </span>
     <span class='ocr_line' id='line_1_17' title="bbox 240 2114 1506 2193; baseline -0.001 -21"><span class='ocrx_word' id='word_1_148' title='bbox 240 2132 272 2172; x_wconf 90' lang='lat' dir='ltr'><strong>se</strong></span> <span class='ocrx_word' id='word_1_149' title='bbox 295 2122 325 2172; x_wconf 91' lang='lat' dir='ltr'><strong>et</strong></span> <span class='ocrx_word' id='word_1_150' title='bbox 349 2120 455 2172; x_wconf 88' lang='lat' dir='ltr'><strong>contra</strong></span> <span class='ocrx_word' id='word_1_151' title='bbox 478 2114 656 2186; x_wconf 89' lang='lat' dir='ltr'><strong>quemdam,</strong></span> <span class='ocrx_word' id='word_1_152' title='bbox 680 2129 773 2185; x_wconf 91' lang='lat' dir='ltr'><strong>quem</strong></span> <span class='ocrx_word' id='word_1_153' title='bbox 797 2115 826 2171; x_wconf 93' lang='lat' dir='ltr'><strong>in</strong></span> <span class='ocrx_word' id='word_1_154' title='bbox 852 2114 933 2172; x_wconf 92' lang='lat' dir='ltr'><strong>dicta</strong></span> <span class='ocrx_word' id='word_1_155' title='bbox 957 2116 1050 2171; x_wconf 92' lang='lat' dir='ltr'><strong>tercia</strong></span> <span class='ocrx_word' id='word_1_156' title='bbox 1067 2120 1154 2186; x_wconf 88' lang='lat' dir='ltr'><strong>parte</strong></span> <span class='ocrx_word' id='word_1_157' title='bbox 1171 2115 1322 2171; x_wconf 91' lang='lat' dir='ltr'><strong>intrusum</strong></span> <span class='ocrx_word' id='word_1_158' title='bbox 1339 2115 1506 2193; x_wconf 65' lang='lat' dir='ltr'><strong>asserebat,</strong></span> 
     </span>
     <span class='ocr_line' id='line_1_18' title="bbox 241 2219 1506 2292; baseline -0.002 -15"><span class='ocrx_word' id='word_1_159' title='bbox 241 2219 443 2277; x_wconf 82' lang='lat' dir='ltr'><strong>diffinitivam</strong></span> <span class='ocrx_word' id='word_1_160' title='bbox 473 2220 659 2276; x_wconf 86' lang='lat' dir='ltr'><strong>sentenciam</strong></span> <span class='ocrx_word' id='word_1_161' title='bbox 691 2227 873 2292; x_wconf 87' lang='lat' dir='ltr'><strong>reportasse,</strong></span> <span class='ocrx_word' id='word_1_162' title='bbox 905 2237 965 2292; x_wconf 89' lang='lat' dir='ltr'><strong>que</strong></span> <span class='ocrx_word' id='word_1_163' title='bbox 991 2227 1025 2276; x_wconf 91' lang='lat' dir='ltr'><strong>ut</strong></span> <span class='ocrx_word' id='word_1_164' title='bbox 1048 2221 1177 2276; x_wconf 89' lang='lat' dir='ltr'><strong>asseruit</strong></span> <span class='ocrx_word' id='word_1_165' title='bbox 1200 2221 1230 2276; x_wconf 90' lang='lat' dir='ltr'><strong>in</strong></span> <span class='ocrx_word' id='word_1_166' title='bbox 1254 2235 1320 2276; x_wconf 93' lang='lat' dir='ltr'><strong>rem</strong></span> <span class='ocrx_word' id='word_1_167' title='bbox 1346 2220 1506 2276; x_wconf 82' lang='lat' dir='ltr'><strong>transierat</strong></span> 
     </span>
     <span class='ocr_line' id='line_1_19' title="bbox 241 2325 1506 2398; baseline 0.001 -16"><span class='ocrx_word' id='word_1_168' title='bbox 241 2325 416 2388; x_wconf 86' lang='lat' dir='ltr'><strong>iudicatam,</strong></span> <span class='ocrx_word' id='word_1_169' title='bbox 436 2341 530 2398; x_wconf 91' lang='lat' dir='ltr'><strong>super</strong></span> <span class='ocrx_word' id='word_1_170' title='bbox 546 2326 728 2382; x_wconf 88' lang='lat' dir='ltr'><strong>execucione</strong></span> <span class='ocrx_word' id='word_1_171' title='bbox 745 2325 825 2382; x_wconf 92' lang='lat' dir='ltr'><strong>dicte</strong></span> <span class='ocrx_word' id='word_1_172' title='bbox 841 2327 993 2383; x_wconf 90' lang='lat' dir='ltr'><strong>sentencie</strong></span> <span class='ocrx_word' id='word_1_173' title='bbox 1009 2333 1128 2383; x_wconf 90' lang='lat' dir='ltr'><strong>nostras</strong></span> <span class='ocrx_word' id='word_1_174' title='bbox 1144 2326 1182 2382; x_wconf 91' lang='lat' dir='ltr'><strong>ad</strong></span> <span class='ocrx_word' id='word_1_175' title='bbox 1200 2325 1349 2383; x_wconf 92' lang='lat' dir='ltr'><strong>dilectum</strong></span> <span class='ocrx_word' id='word_1_176' title='bbox 1366 2325 1466 2382; x_wconf 90' lang='lat' dir='ltr'><strong>filiurn</strong></span> <span class='ocrx_word' id='word_1_177' title='bbox 1482 2371 1506 2383; x_wconf 94' lang='lat'><strong>..</strong></span> 
     </span>
     <span class='ocr_line' id='line_1_20' title="bbox 241 2431 1507 2504; baseline 0.002 -17"><span class='ocrx_word' id='word_1_178' title='bbox 241 2431 535 2504; x_wconf 84' lang='lat' dir='ltr'><strong>archipresbiterum</strong></span> <span class='ocrx_word' id='word_1_179' title='bbox 567 2431 694 2487; x_wconf 87' lang='lat' dir='ltr'><strong>ecclesie</strong></span> <span class='ocrx_word' id='word_1_180' title='bbox 724 2432 820 2488; x_wconf 90' lang='lat' dir='ltr'><strong>sancti</strong></span> <span class='ocrx_word' id='word_1_181' title='bbox 851 2432 933 2488; x_wconf 90' lang='lat' dir='ltr'><strong>Celsi</strong></span> <span class='ocrx_word' id='word_1_182' title='bbox 965 2431 1003 2488; x_wconf 93' lang='lat' dir='ltr'><strong>de</strong></span> <span class='ocrx_word' id='word_1_183' title='bbox 1028 2432 1112 2490; x_wconf 86' lang='lat' dir='ltr'><strong>Urbe</strong></span> <span class='ocrx_word' id='word_1_184' title='bbox 1134 2438 1164 2489; x_wconf 91' lang='lat' dir='ltr'><strong>et</strong></span> <span class='ocrx_word' id='word_1_185' title='bbox 1187 2431 1264 2488; x_wconf 93' lang='lat' dir='ltr'><strong>duos</strong></span> <span class='ocrx_word' id='word_1_186' title='bbox 1287 2434 1365 2489; x_wconf 93' lang='lat' dir='ltr'><strong>alios</strong></span> <span class='ocrx_word' id='word_1_187' title='bbox 1388 2435 1453 2490; x_wconf 91' lang='lat' dir='ltr'><strong>eius</strong></span> <span class='ocrx_word' id='word_1_188' title='bbox 1477 2434 1507 2489; x_wconf 93' lang='lat' dir='ltr'><strong>in</strong></span> 
     </span>
     <span class='ocr_line' id='line_1_21' title="bbox 240 2536 1508 2612; baseline 0.001 -18"><span class='ocrx_word' id='word_1_189' title='bbox 240 2537 298 2594; x_wconf 91' lang='lat' dir='ltr'><strong>hac</strong></span> <span class='ocrx_word' id='word_1_190' title='bbox 328 2542 416 2610; x_wconf 90' lang='lat' dir='ltr'><strong>parte</strong></span> <span class='ocrx_word' id='word_1_191' title='bbox 447 2536 593 2608; x_wconf 77' lang='lat' dir='ltr'><strong>collegaS,</strong></span> <span class='ocrx_word' id='word_1_192' title='bbox 626 2537 743 2593; x_wconf 88' lang='lat' dir='ltr'><strong>litteras</strong></span> <span class='ocrx_word' id='word_1_193' title='bbox 774 2538 949 2610; x_wconf 90' lang='lat' dir='ltr'><strong>inpetravit,</strong></span> <span class='ocrx_word' id='word_1_194' title='bbox 981 2537 1127 2610; x_wconf 90' lang='lat' dir='ltr'><strong>idemque</strong></span> <span class='ocrx_word' id='word_1_195' title='bbox 1159 2539 1399 2612; x_wconf 82' lang='lat' dir='ltr'><strong>archipresbiter</strong></span> <span class='ocrx_word' id='word_1_196' title='bbox 1422 2540 1508 2595; x_wconf 92' lang='lat' dir='ltr'><strong>solus</strong></span> 
     </span>
     <span class='ocr_line' id='line_1_22' title="bbox 241 2642 1507 2717; baseline 0.001 -17"><span class='ocrx_word' id='word_1_197' title='bbox 241 2645 271 2700; x_wconf 90' lang='lat' dir='ltr'><strong>in</strong></span> <span class='ocrx_word' id='word_1_198' title='bbox 295 2642 472 2700; x_wconf 84' lang='lat' dir='ltr'><strong>huiusmodi</strong></span> <span class='ocrx_word' id='word_1_199' title='bbox 497 2643 689 2700; x_wconf 85' lang='lat' dir='ltr'><strong>execucionis</strong></span> <span class='ocrx_word' id='word_1_200' title='bbox 713 2644 841 2715; x_wconf 90' lang='lat' dir='ltr'><strong>negocio</strong></span> <span class='ocrx_word' id='word_1_201' title='bbox 868 2644 1046 2715; x_wconf 90' lang='lat' dir='ltr'><strong>procedens,</strong></span> <span class='ocrx_word' id='word_1_202' title='bbox 1071 2650 1164 2717; x_wconf 90' lang='lat' dir='ltr'><strong>prout</strong></span> <span class='ocrx_word' id='word_1_203' title='bbox 1187 2660 1224 2700; x_wconf 81' lang='lat' dir='ltr'><strong>ex</strong></span> <span class='ocrx_word' id='word_1_204' title='bbox 1248 2644 1401 2701; x_wconf 90' lang='lat' dir='ltr'><strong>dictarum</strong></span> <span class='ocrx_word' id='word_1_205' title='bbox 1427 2645 1507 2702; x_wconf 90' lang='lat' dir='ltr'><strong>litte·</strong></span> 
     </span>
     <span class='ocr_line' id='line_1_23' title="bbox 241 2748 1507 2823; baseline 0.002 -17"><span class='ocrx_word' id='word_1_206' title='bbox 241 2765 346 2806; x_wconf 90' lang='lat' dir='ltr'><strong>rarum</strong></span> <span class='ocrx_word' id='word_1_207' title='bbox 372 2748 472 2805; x_wconf 87' lang='lat' dir='ltr'><strong>forma</strong></span> <span class='ocrx_word' id='word_1_208' title='bbox 496 2765 528 2804; x_wconf 93' lang='lat' dir='ltr'><strong>se</strong></span> <span class='ocrx_word' id='word_1_209' title='bbox 552 2764 642 2821; x_wconf 92' lang='lat' dir='ltr'><strong>posse</strong></span> <span class='ocrx_word' id='word_1_210' title='bbox 665 2748 796 2815; x_wconf 82' lang='lat' dir='ltr'><strong>dicebat,</strong></span> <span class='ocrx_word' id='word_1_211' title='bbox 820 2750 985 2807; x_wconf 91' lang='lat' dir='ltr'><strong>nonnullos</strong></span> <span class='ocrx_word' id='word_1_212' title='bbox 1002 2765 1163 2823; x_wconf 88' lang='lat' dir='ltr'><strong>processus</strong></span> <span class='ocrx_word' id='word_1_213' title='bbox 1179 2750 1217 2807; x_wconf 92' lang='lat' dir='ltr'><strong>ad</strong></span> <span class='ocrx_word' id='word_1_214' title='bbox 1236 2751 1416 2808; x_wconf 82' lang='lat' dir='ltr'><strong>instanciam</strong></span> <span class='ocrx_word' id='word_1_215' title='bbox 1433 2751 1507 2809; x_wconf 92' lang='lat' dir='ltr'><strong>dicti</strong></span> 
     </span>
     <span class='ocr_line' id='line_1_24' title="bbox 241 2853 1506 2930; baseline 0.002 -19"><span class='ocrx_word' id='word_1_216' title='bbox 241 2855 335 2912; x_wconf 92' lang='lat' dir='ltr'><strong>Blasii</strong></span> <span class='ocrx_word' id='word_1_217' title='bbox 359 2853 432 2911; x_wconf 81' lang='lat' dir='ltr'><strong>fecit</strong></span> <span class='ocrx_word' id='word_1_218' title='bbox 454 2855 484 2911; x_wconf 94' lang='lat' dir='ltr'><strong>in</strong></span> <span class='ocrx_word' id='word_1_219' title='bbox 509 2853 623 2911; x_wconf 89' lang='lat' dir='ltr'><strong>talibus</strong></span> <span class='ocrx_word' id='word_1_220' title='bbox 655 2854 721 2912; x_wconf 87' lang='lat' dir='ltr'><strong>fieri</strong></span> <span class='ocrx_word' id='word_1_221' title='bbox 745 2863 916 2926; x_wconf 90' lang='lat' dir='ltr'><strong>consvetos,</strong></span> <span class='ocrx_word' id='word_1_222' title='bbox 947 2872 1003 2929; x_wconf 92' lang='lat' dir='ltr'><strong>per</strong></span> <span class='ocrx_word' id='word_1_223' title='bbox 1025 2872 1103 2928; x_wconf 86' lang='lat' dir='ltr'><strong>quos</strong></span> <span class='ocrx_word' id='word_1_224' title='bbox 1126 2859 1205 2914; x_wconf 90' lang='lat' dir='ltr'><strong>inter</strong></span> <span class='ocrx_word' id='word_1_225' title='bbox 1227 2864 1327 2914; x_wconf 90' lang='lat' dir='ltr'><strong>cetera</strong></span> <span class='ocrx_word' id='word_1_226' title='bbox 1352 2857 1506 2930; x_wconf 85' lang='lat' dir='ltr'><strong>prefatam</strong></span> 
     </span>
     <span class='ocr_line' id='line_1_25' title="bbox 240 2960 1508 3036; baseline 0.004 -20"><span class='ocrx_word' id='word_1_227' title='bbox 240 2960 395 3033; x_wconf 92' lang='lat' dir='ltr'><strong>capellam</strong></span> <span class='ocrx_word' id='word_1_228' title='bbox 419 2960 627 3017; x_wconf 89' lang='lat' dir='ltr'><strong>ecclesiastico</strong></span> <span class='ocrx_word' id='word_1_229' title='bbox 650 2960 812 3018; x_wconf 90' lang='lat' dir='ltr'><strong>interdicto</strong></span> <span class='ocrx_word' id='word_1_230' title='bbox 825 2964 988 3035; x_wconf 90' lang='lat' dir='ltr'><strong>supposuit</strong></span> <span class='ocrx_word' id='word_1_231' title='bbox 1012 2971 1041 3020; x_wconf 91' lang='lat' dir='ltr'><strong>et</strong></span> <span class='ocrx_word' id='word_1_232' title='bbox 1065 2964 1094 3020; x_wconf 91' lang='lat' dir='ltr'><strong>in</strong></span> <span class='ocrx_word' id='word_1_233' title='bbox 1119 2964 1283 3020; x_wconf 90' lang='lat' dir='ltr'><strong>nonnullas</strong></span> <span class='ocrx_word' id='word_1_234' title='bbox 1306 2964 1382 3021; x_wconf 89' lang='lat' dir='ltr'><strong>alias</strong></span> <span class='ocrx_word' id='word_1_235' title='bbox 1406 2966 1508 3036; x_wconf 92' lang='lat' dir='ltr'><strong>singu·</strong></span> 
     </span>
     <span class='ocr_line' id='line_1_26' title="bbox 242 3064 1508 3143; baseline 0.004 -21"><span class='ocrx_word' id='word_1_236' title='bbox 242 3066 323 3122; x_wconf 91' lang='lat' dir='ltr'><strong>lares</strong></span> <span class='ocrx_word' id='word_1_237' title='bbox 339 3081 486 3139; x_wconf 86' lang='lat' dir='ltr'><strong>personas</strong></span> <span class='ocrx_word' id='word_1_238' title='bbox 506 3072 586 3122; x_wconf 90' lang='lat' dir='ltr'><strong>terre</strong></span> <span class='ocrx_word' id='word_1_239' title='bbox 602 3064 773 3137; x_wconf 91' lang='lat' dir='ltr'><strong>Grecensis,</strong></span> <span class='ocrx_word' id='word_1_240' title='bbox 790 3067 870 3125; x_wconf 92' lang='lat' dir='ltr'><strong>dicte</strong></span> <span class='ocrx_word' id='word_1_241' title='bbox 887 3068 1024 3138; x_wconf 89' lang='lat' dir='ltr'><strong>diocesis,</strong></span> <span class='ocrx_word' id='word_1_242' title='bbox 1041 3071 1071 3125; x_wconf 92' lang='lat' dir='ltr'><strong>in</strong></span> <span class='ocrx_word' id='word_1_243' title='bbox 1089 3086 1149 3142; x_wconf 89' lang='lat' dir='ltr'><strong>qua</strong></span> <span class='ocrx_word' id='word_1_244' title='bbox 1165 3068 1285 3142; x_wconf 86' lang='lat' dir='ltr'><strong>prefata</strong></span> <span class='ocrx_word' id='word_1_245' title='bbox 1301 3071 1422 3143; x_wconf 90' lang='lat' dir='ltr'><strong>capella</strong></span> <span class='ocrx_word' id='word_1_246' title='bbox 1438 3085 1508 3127; x_wconf 91' lang='lat' dir='ltr'><strong>con·</strong></span> 
     </span>
     <span class='ocr_line' id='line_1_27' title="bbox 243 3171 1508 3246; baseline 0.003 -19"><span class='ocrx_word' id='word_1_247' title='bbox 243 3171 322 3228; x_wconf 92' lang='lat' dir='ltr'><strong>sistit</strong></span> <span class='ocrx_word' id='word_1_248' title='bbox 345 3172 676 3228; x_wconf 81' lang='lat' dir='ltr'><strong>excommunicacionis</strong></span> <span class='ocrx_word' id='word_1_249' title='bbox 699 3174 884 3230; x_wconf 90' lang='lat' dir='ltr'><strong>sentenciam</strong></span> <span class='ocrx_word' id='word_1_250' title='bbox 909 3175 1129 3246; x_wconf 83' lang='lat' dir='ltr'><strong>promulgavit,</strong></span> <span class='ocrx_word' id='word_1_251' title='bbox 1154 3176 1387 3232; x_wconf 87' lang='lat' dir='ltr'><strong>absolucionem</strong></span> <span class='ocrx_word' id='word_1_252' title='bbox 1403 3176 1508 3232; x_wconf 91' lang='lat' dir='ltr'><strong>huius-</strong></span> 
     </span>
     <span class='ocr_line' id='line_1_28' title="bbox 243 3276 1508 3354; baseline 0.003 -21"><span class='ocrx_word' id='word_1_253' title='bbox 243 3276 328 3334; x_wconf 92' lang='lat' dir='ltr'><strong>modi</strong></span> <span class='ocrx_word' id='word_1_254' title='bbox 352 3278 504 3334; x_wconf 85' lang='lat' dir='ltr'><strong>sentencie</strong></span> <span class='ocrx_word' id='word_1_255' title='bbox 526 3283 555 3334; x_wconf 93' lang='lat' dir='ltr'><strong>et</strong></span> <span class='ocrx_word' id='word_1_256' title='bbox 578 3277 730 3335; x_wconf 90' lang='lat' dir='ltr'><strong>interdicti</strong></span> <span class='ocrx_word' id='word_1_257' title='bbox 748 3279 975 3336; x_wconf 84' lang='lat' dir='ltr'><strong>relaxacionom</strong></span> <span class='ocrx_word' id='word_1_258' title='bbox 992 3282 1051 3337; x_wconf 90' lang='lat' dir='ltr'><strong>sibi</strong></span> <span class='ocrx_word' id='word_1_259' title='bbox 1069 3282 1117 3337; x_wconf 90' lang='lat' dir='ltr'><strong>vel</strong></span> <span class='ocrx_word' id='word_1_260' title='bbox 1136 3297 1191 3337; x_wconf 94' lang='lat' dir='ltr'><strong>suo</strong></span> <span class='ocrx_word' id='word_1_261' title='bbox 1208 3283 1358 3354; x_wconf 87' lang='lat' dir='ltr'><strong>superiori</strong></span> <span class='ocrx_word' id='word_1_262' title='bbox 1377 3289 1508 3338; x_wconf 92' lang='lat' dir='ltr'><strong>tantum·</strong></span> 
     </span>
     <span class='ocr_line' id='line_1_29' title="bbox 246 3381 1508 3459; baseline 0.003 -20"><span class='ocrx_word' id='word_1_263' title='bbox 246 3382 341 3439; x_wconf 89' lang='lat' dir='ltr'><strong>modo</strong></span> <span class='ocrx_word' id='word_1_264' title='bbox 354 3381 540 3439; x_wconf 87' lang='lat' dir='ltr'><strong>reservando</strong></span> <span class='ocrx_word' id='word_1_265' title='bbox 553 3383 582 3438; x_wconf 91' lang='lat' dir='ltr'><strong>in</strong></span> <span class='ocrx_word' id='word_1_266' title='bbox 595 3383 726 3456; x_wconf 89' lang='lat' dir='ltr'><strong>predicti</strong></span> <span class='ocrx_word' id='word_1_267' title='bbox 738 3386 819 3456; x_wconf 90' lang='lat' dir='ltr'><strong>regis</strong></span> <span class='ocrx_word' id='word_1_268' title='bbox 831 3400 891 3442; x_wconf 92' lang='lat' dir='ltr'><strong>non</strong></span> <span class='ocrx_word' id='word_1_269' title='bbox 904 3385 1061 3443; x_wconf 91' lang='lat' dir='ltr'><strong>modicum</strong></span> <span class='ocrx_word' id='word_1_270' title='bbox 1075 3387 1278 3459; x_wconf 89' lang='lat' dir='ltr'><strong>preiudicium</strong></span> <span class='ocrx_word' id='word_1_271' title='bbox 1292 3393 1321 3443; x_wconf 92' lang='lat' dir='ltr'><strong>et</strong></span> <span class='ocrx_word' id='word_1_272' title='bbox 1333 3403 1508 3457; x_wconf 85' lang='lat' dir='ltr'><strong>gravamen.</strong></span> 
     </span>
     <span class='ocr_line' id='line_1_30' title="bbox 244 3488 1508 3566; baseline 0.005 -23"><span class='ocrx_word' id='word_1_273' title='bbox 244 3488 347 3559; x_wconf 75' lang='lat' dir='ltr'><strong>Quare</strong></span> <span class='ocrx_word' id='word_1_274' title='bbox 371 3504 428 3560; x_wconf 92' lang='lat' dir='ltr'><strong>pro</strong></span> <span class='ocrx_word' id='word_1_275' title='bbox 451 3495 538 3560; x_wconf 92' lang='lat' dir='ltr'><strong>parte</strong></span> <span class='ocrx_word' id='word_1_276' title='bbox 562 3488 635 3545; x_wconf 91' lang='lat' dir='ltr'><strong>dicti</strong></span> <span class='ocrx_word' id='word_1_277' title='bbox 659 3490 739 3559; x_wconf 88' lang='lat' dir='ltr'><strong>regis</strong></span> <span class='ocrx_word' id='word_1_278' title='bbox 764 3489 821 3546; x_wconf 86' lang='lat' dir='ltr'><strong>luit</strong></span> <span class='ocrx_word' id='word_1_279' title='bbox 842 3493 932 3548; x_wconf 87' lang='lat' dir='ltr'><strong>nobis</strong></span> <span class='ocrx_word' id='word_1_280' title='bbox 955 3493 1115 3548; x_wconf 91' lang='lat' dir='ltr'><strong>humiliter</strong></span> <span class='ocrx_word' id='word_1_281' title='bbox 1138 3493 1357 3566; x_wconf 85' lang='lat' dir='ltr'><strong>supplicatum.</strong></span> <span class='ocrx_word' id='word_1_282' title='bbox 1381 3500 1413 3548; x_wconf 93' lang='lat' dir='ltr'><strong>ut</strong></span> <span class='ocrx_word' id='word_1_283' title='bbox 1439 3509 1508 3566; x_wconf 92' lang='lat' dir='ltr'><strong>pro-</strong></span> 
     </span>
     <span class='ocr_line' id='line_1_31' title="bbox 244 3592 1507 3670; baseline 0.005 -21"><span class='ocrx_word' id='word_1_284' title='bbox 244 3592 349 3649; x_wconf 89' lang='lat' dir='ltr'><strong>videre</strong></span> <span class='ocrx_word' id='word_1_285' title='bbox 379 3594 438 3649; x_wconf 89' lang='lat' dir='ltr'><strong>sibi</strong></span> <span class='ocrx_word' id='word_1_286' title='bbox 472 3594 501 3649; x_wconf 92' lang='lat' dir='ltr'><strong>in</strong></span> <span class='ocrx_word' id='word_1_287' title='bbox 534 3595 694 3667; x_wconf 91' lang='lat' dir='ltr'><strong>premissis</strong></span> <span class='ocrx_word' id='word_1_288' title='bbox 725 3595 763 3653; x_wconf 91' lang='lat' dir='ltr'><strong>de</strong></span> <span class='ocrx_word' id='word_1_289' title='bbox 792 3597 980 3668; x_wconf 88' lang='lat' dir='ltr'><strong>benignitate</strong></span> <span class='ocrx_word' id='word_1_290' title='bbox 1010 3598 1180 3670; x_wconf 87' lang='lat' dir='ltr'><strong>apostolica</strong></span> <span class='ocrx_word' id='word_1_291' title='bbox 1211 3597 1418 3669; x_wconf 86' lang='lat' dir='ltr'><strong>dignaremur.</strong></span> <span class='ocrx_word' id='word_1_292' title='bbox 1445 3599 1507 3655; x_wconf 89' lang='lat' dir='ltr'><strong>Nos</strong></span> 
     </span>
     <span class='ocr_line' id='line_1_32' title="bbox 244 3698 1507 3778; baseline 0.006 -25"><span class='ocrx_word' id='word_1_293' title='bbox 244 3698 347 3770; x_wconf 92' lang='lat' dir='ltr'><strong>itaque</strong></span> <span class='ocrx_word' id='word_1_294' title='bbox 380 3698 558 3756; x_wconf 91' lang='lat' dir='ltr'><strong>huiusmodi</strong></span> <span class='ocrx_word' id='word_1_295' title='bbox 590 3702 873 3774; x_wconf 89' lang='lat' dir='ltr'><strong>supplicacionibus</strong></span> <span class='ocrx_word' id='word_1_296' title='bbox 905 3704 1041 3760; x_wconf 89' lang='lat' dir='ltr'><strong>inclinati</strong></span> <span class='ocrx_word' id='word_1_297' title='bbox 1074 3704 1253 3760; x_wconf 88' lang='lat' dir='ltr'><strong>discrecioni</strong></span> <span class='ocrx_word' id='word_1_298' title='bbox 1279 3712 1328 3761; x_wconf 90' lang='lat' dir='ltr'><strong>tue</strong></span> <span class='ocrx_word' id='word_1_299' title='bbox 1352 3722 1407 3778; x_wconf 89' lang='lat' dir='ltr'><strong>per</strong></span> <span class='ocrx_word' id='word_1_300' title='bbox 1431 3720 1507 3778; x_wconf 90' lang='lat' dir='ltr'><strong>apo-</strong></span> 
     </span>
     <span class='ocr_line' id='line_1_33' title="bbox 244 3805 1505 3882; baseline 0.005 -22"><span class='ocrx_word' id='word_1_301' title='bbox 244 3805 351 3861; x_wconf 91' lang='lat' dir='ltr'><strong>stolica</strong></span> <span class='ocrx_word' id='word_1_302' title='bbox 386 3806 501 3879; x_wconf 88' lang='lat' dir='ltr'><strong>scripta</strong></span> <span class='ocrx_word' id='word_1_303' title='bbox 536 3806 726 3876; x_wconf 84' lang='lat' dir='ltr'><strong>mandamus,</strong></span> <span class='ocrx_word' id='word_1_304' title='bbox 759 3815 908 3879; x_wconf 89' lang='lat' dir='ltr'><strong>quatenus</strong></span> <span class='ocrx_word' id='word_1_305' title='bbox 937 3811 1062 3880; x_wconf 87' lang='lat' dir='ltr'><strong>vocatis,</strong></span> <span class='ocrx_word' id='word_1_306' title='bbox 1089 3811 1141 3882; x_wconf 92' lang='lat' dir='ltr'><strong>qui</strong></span> <span class='ocrx_word' id='word_1_307' title='bbox 1166 3810 1279 3866; x_wconf 87' lang='lat' dir='ltr'><strong>luerint</strong></span> <span class='ocrx_word' id='word_1_308' title='bbox 1302 3811 1452 3868; x_wconf 87' lang='lat' dir='ltr'><strong>evocandi</strong></span> <span class='ocrx_word' id='word_1_309' title='bbox 1476 3818 1505 3867; x_wconf 94' lang='lat' dir='ltr'><strong>et</strong></span> 
     </span>
     <span class='ocr_line' id='line_1_34' title="bbox 245 3909 1509 3989; baseline 0.006 -24"><span class='ocrx_word' id='word_1_310' title='bbox 245 3909 358 3966; x_wconf 90' lang='lat' dir='ltr'><strong>auditis</strong></span> <span class='ocrx_word' id='word_1_311' title='bbox 382 3911 452 3967; x_wconf 92' lang='lat' dir='ltr'><strong>hinc</strong></span> <span class='ocrx_word' id='word_1_312' title='bbox 476 3910 546 3967; x_wconf 92' lang='lat' dir='ltr'><strong>inde</strong></span> <span class='ocrx_word' id='word_1_313' title='bbox 579 3913 753 3986; x_wconf 85' lang='lat' dir='ltr'><strong>propositis,</strong></span> <span class='ocrx_word' id='word_1_314' title='bbox 784 3931 878 3987; x_wconf 92' lang='lat' dir='ltr'><strong>super</strong></span> <span class='ocrx_word' id='word_1_315' title='bbox 909 3916 1053 3972; x_wconf 90' lang='lat' dir='ltr'><strong>interesse</strong></span> <span class='ocrx_word' id='word_1_316' title='bbox 1076 3915 1150 3973; x_wconf 90' lang='lat' dir='ltr'><strong>dicti</strong></span> <span class='ocrx_word' id='word_1_317' title='bbox 1175 3918 1263 3986; x_wconf 80' lang='lat' dir='ltr'><strong>regis,</strong></span> <span class='ocrx_word' id='word_1_318' title='bbox 1287 3917 1369 3989; x_wconf 92' lang='lat' dir='ltr'><strong>quod</strong></span> <span class='ocrx_word' id='word_1_319' title='bbox 1396 3918 1509 3973; x_wconf 88' lang='lat' dir='ltr'><strong>iustum</strong></span> 
     </span>
     <span class='ocr_line' id='line_1_35' title="bbox 246 4013 1506 4095; baseline 0.007 -26"><span class='ocrx_word' id='word_1_320' title='bbox 246 4013 345 4085; x_wconf 90' lang='lat' dir='ltr'><strong>suerit,</strong></span> <span class='ocrx_word' id='word_1_321' title='bbox 370 4017 734 4095; x_wconf 83' lang='lat' dir='ltr'><strong>appellacionercmota,</strong></span> <span class='ocrx_word' id='word_1_322' title='bbox 758 4019 912 4091; x_wconf 89' lang='lat' dir='ltr'><strong>decernas,</strong></span> <span class='ocrx_word' id='word_1_323' title='bbox 938 4020 1050 4078; x_wconf 82' lang='lat' dir='ltr'><strong>iaciens</strong></span> <span class='ocrx_word' id='word_1_324' title='bbox 1074 4022 1157 4094; x_wconf 90' lang='lat' dir='ltr'><strong>quod</strong></span> <span class='ocrx_word' id='word_1_325' title='bbox 1178 4022 1352 4080; x_wconf 85' lang='lat' dir='ltr'><strong>decreveris</strong></span> <span class='ocrx_word' id='word_1_326' title='bbox 1368 4040 1424 4095; x_wconf 89' lang='lat' dir='ltr'><strong>per</strong></span> <span class='ocrx_word' id='word_1_327' title='bbox 1440 4039 1506 4078; x_wconf 92' lang='lat' dir='ltr'><strong>cen·</strong></span> 
     </span>
     <span class='ocr_line' id='line_1_36' title="bbox 245 4122 1510 4200; baseline 0.007 -24"><span class='ocrx_word' id='word_1_328' title='bbox 245 4136 349 4176; x_wconf 89' lang='lat' dir='ltr'><strong>suram</strong></span> <span class='ocrx_word' id='word_1_329' title='bbox 373 4122 610 4179; x_wconf 90' lang='lat' dir='ltr'><strong>ecclesiasticam</strong></span> <span class='ocrx_word' id='word_1_330' title='bbox 635 4123 766 4181; x_wconf 84' lang='lat' dir='ltr'><strong>tirmiter</strong></span> <span class='ocrx_word' id='word_1_331' title='bbox 788 4126 956 4184; x_wconf 88' lang='lat' dir='ltr'><strong>observari.</strong></span> <span class='ocrx_word' id='word_1_332' title='bbox 980 4128 1086 4184; x_wconf 89' lang='lat' dir='ltr'><strong>Testes</strong></span> <span class='ocrx_word' id='word_1_333' title='bbox 1109 4135 1222 4191; x_wconf 85' lang='lat' dir='ltr'><strong>autem,</strong></span> <span class='ocrx_word' id='word_1_334' title='bbox 1247 4131 1299 4200; x_wconf 91' lang='lat' dir='ltr'><strong>qui</strong></span> <span class='ocrx_word' id='word_1_335' title='bbox 1324 4128 1436 4185; x_wconf 86' lang='lat' dir='ltr'><strong>luerint</strong></span> <span class='ocrx_word' id='word_1_336' title='bbox 1459 4145 1510 4185; x_wconf 92' lang='lat' dir='ltr'><strong>no-</strong></span> 
     </span>
     <span class='ocr_line' id='line_1_37' title="bbox 241 4227 1510 4308; baseline 0.007 -27"><span class='ocrx_word' id='word_1_337' title='bbox 241 4227 358 4297; x_wconf 90' lang='lat' dir='ltr'><strong>minati,</strong></span> <span class='ocrx_word' id='word_1_338' title='bbox 383 4229 407 4284; x_wconf 90' lang='lat' dir='ltr'><strong>si</strong></span> <span class='ocrx_word' id='word_1_339' title='bbox 432 4244 464 4285; x_wconf 92' lang='lat' dir='ltr'><strong>se</strong></span> <span class='ocrx_word' id='word_1_340' title='bbox 487 4232 599 4301; x_wconf 90' lang='lat' dir='ltr'><strong>gracia,</strong></span> <span class='ocrx_word' id='word_1_341' title='bbox 623 4231 694 4288; x_wconf 93' lang='lat' dir='ltr'><strong>odio</strong></span> <span class='ocrx_word' id='word_1_342' title='bbox 719 4233 769 4288; x_wconf 90' lang='lat' dir='ltr'><strong>vel</strong></span> <span class='ocrx_word' id='word_1_343' title='bbox 794 4233 904 4289; x_wconf 90' lang='lat' dir='ltr'><strong>timore</strong></span> <span class='ocrx_word' id='word_1_344' title='bbox 920 4235 1128 4291; x_wconf 82' lang='lat' dir='ltr'><strong>subtraxerint</strong></span> <span class='ocrx_word' id='word_1_345' title='bbox 1148 4251 1275 4292; x_wconf 89' lang='lat' dir='ltr'><strong>censura</strong></span> <span class='ocrx_word' id='word_1_346' title='bbox 1292 4236 1397 4304; x_wconf 81' lang='lat' dir='ltr'><strong>simili,</strong></span> <span class='ocrx_word' id='word_1_347' title='bbox 1414 4251 1510 4308; x_wconf 90' lang='lat' dir='ltr'><strong>appe-</strong></span> 
     </span>
     <span class='ocr_line' id='line_1_38' title="bbox 243 4330 1509 4413; baseline 0.007 -26"><span class='ocrx_word' id='word_1_348' title='bbox 243 4330 361 4389; x_wconf 89' lang='lat' dir='ltr'><strong>lacione</strong></span> <span class='ocrx_word' id='word_1_349' title='bbox 394 4341 538 4404; x_wconf 90' lang='lat' dir='ltr'><strong>cessante,</strong></span> <span class='ocrx_word' id='word_1_350' title='bbox 573 4337 745 4409; x_wconf 90' lang='lat' dir='ltr'><strong>compellas</strong></span> <span class='ocrx_word' id='word_1_351' title='bbox 779 4339 901 4395; x_wconf 91' lang='lat' dir='ltr'><strong>veritati</strong></span> <span class='ocrx_word' id='word_1_352' title='bbox 927 4340 1136 4396; x_wconf 91' lang='lat' dir='ltr'><strong>testimonium</strong></span> <span class='ocrx_word' id='word_1_353' title='bbox 1173 4342 1343 4413; x_wconf 85' lang='lat' dir='ltr'><strong>perhibere,</strong></span> <span class='ocrx_word' id='word_1_354' title='bbox 1371 4357 1430 4397; x_wconf 91' lang='lat' dir='ltr'><strong>non</strong></span> <span class='ocrx_word' id='word_1_355' title='bbox 1455 4341 1509 4396; x_wconf 92' lang='lat' dir='ltr'><strong>ob·</strong></span> 
     </span>
     <span class='ocr_line' id='line_1_39' title="bbox 243 4440 1511 4515; baseline 0.008 -22"><span class='ocrx_word' id='word_1_356' title='bbox 243 4444 350 4508; x_wconf 90' lang='lat' dir='ltr'><strong>stante,</strong></span> <span class='ocrx_word' id='word_1_357' title='bbox 376 4440 401 4496; x_wconf 85' lang='lat' dir='ltr'><strong>si</strong></span> <span class='ocrx_word' id='word_1_358' title='bbox 425 4441 524 4497; x_wconf 90' lang='lat' dir='ltr'><strong>eidem</strong></span> <span class='ocrx_word' id='word_1_359' title='bbox 549 4442 650 4499; x_wconf 85' lang='lat' dir='ltr'><strong>Blasio</strong></span> <span class='ocrx_word' id='word_1_360' title='bbox 685 4444 733 4499; x_wconf 92' lang='lat' dir='ltr'><strong>vel</strong></span> <span class='ocrx_word' id='word_1_361' title='bbox 760 4444 923 4515; x_wconf 87' lang='lat' dir='ltr'><strong>quibusvis</strong></span> <span class='ocrx_word' id='word_1_362' title='bbox 946 4445 1015 4500; x_wconf 89' lang='lat' dir='ltr'><strong>aliis</strong></span> <span class='ocrx_word' id='word_1_363' title='bbox 1039 4447 1244 4502; x_wconf 88' lang='lat' dir='ltr'><strong>communiter</strong></span> <span class='ocrx_word' id='word_1_364' title='bbox 1268 4447 1318 4502; x_wconf 90' lang='lat' dir='ltr'><strong>vel</strong></span> <span class='ocrx_word' id='word_1_365' title='bbox 1343 4446 1468 4503; x_wconf 88' lang='lat' dir='ltr'><strong>divisim</strong></span> <span class='ocrx_word' id='word_1_366' title='bbox 1493 4463 1511 4503; x_wconf 90' lang='lat' dir='ltr'><strong>a</strong></span> 
     </span>
     <span class='ocr_line' id='line_1_40' title="bbox 243 4543 1508 4624; baseline 0.007 -25"><span class='ocrx_word' id='word_1_367' title='bbox 243 4543 314 4600; x_wconf 92' lang='lat' dir='ltr'><strong>sede</strong></span> <span class='ocrx_word' id='word_1_368' title='bbox 338 4544 476 4618; x_wconf 90' lang='lat' dir='ltr'><strong>predicta</strong></span> <span class='ocrx_word' id='word_1_369' title='bbox 499 4549 539 4605; x_wconf 89' lang='lat' dir='ltr'><strong>sit</strong></span> <span class='ocrx_word' id='word_1_370' title='bbox 563 4548 717 4606; x_wconf 92' lang='lat' dir='ltr'><strong>indultum</strong></span> <span class='ocrx_word' id='word_1_371' title='bbox 741 4549 825 4621; x_wconf 92' lang='lat' dir='ltr'><strong>quod</strong></span> <span class='ocrx_word' id='word_1_372' title='bbox 842 4550 990 4620; x_wconf 88' lang='lat' dir='ltr'><strong>interdici,</strong></span> <span class='ocrx_word' id='word_1_373' title='bbox 1016 4551 1161 4624; x_wconf 91' lang='lat' dir='ltr'><strong>suspendi</strong></span> <span class='ocrx_word' id='word_1_374' title='bbox 1181 4553 1231 4608; x_wconf 88' lang='lat' dir='ltr'><strong>vel</strong></span> <span class='ocrx_word' id='word_1_375' title='bbox 1248 4554 1508 4609; x_wconf 86' lang='lat' dir='ltr'><strong>excommunicari</strong></span> 
     </span>
     <span class='ocr_line' id='line_1_41' title="bbox 244 4650 1509 4730; baseline 0.008 -25"><span class='ocrx_word' id='word_1_376' title='bbox 244 4655 297 4706; x_wconf 88' lang='lat' dir='ltr'><strong>aut</strong></span> <span class='ocrx_word' id='word_1_377' title='bbox 327 4650 366 4707; x_wconf 92' lang='lat' dir='ltr'><strong>ad</strong></span> <span class='ocrx_word' id='word_1_378' title='bbox 396 4651 544 4709; x_wconf 92' lang='lat' dir='ltr'><strong>iudicium</strong></span> <span class='ocrx_word' id='word_1_379' title='bbox 580 4656 703 4712; x_wconf 88' lang='lat' dir='ltr'><strong>evocari</strong></span> <span class='ocrx_word' id='word_1_380' title='bbox 738 4671 797 4712; x_wconf 91' lang='lat' dir='ltr'><strong>non</strong></span> <span class='ocrx_word' id='word_1_381' title='bbox 832 4656 949 4728; x_wconf 91' lang='lat' dir='ltr'><strong>possint</strong></span> <span class='ocrx_word' id='word_1_382' title='bbox 984 4672 1040 4728; x_wconf 92' lang='lat' dir='ltr'><strong>per</strong></span> <span class='ocrx_word' id='word_1_383' title='bbox 1076 4657 1193 4714; x_wconf 90' lang='lat' dir='ltr'><strong>litteras</strong></span> <span class='ocrx_word' id='word_1_384' title='bbox 1230 4659 1415 4730; x_wconf 89' lang='lat' dir='ltr'><strong>apostolicas</strong></span> <span class='ocrx_word' id='word_1_385' title='bbox 1450 4674 1509 4715; x_wconf 91' lang='lat' dir='ltr'><strong>non</strong></span> 
     </span>
     <span class='ocr_line' id='line_1_42' title="bbox 245 4752 1508 4834; baseline 0.008 -24"><span class='ocrx_word' id='word_1_386' title='bbox 245 4752 388 4812; x_wconf 85' lang='lat' dir='ltr'><strong>facientes</strong></span> <span class='ocrx_word' id='word_1_387' title='bbox 416 4756 542 4831; x_wconf 88' lang='lat' dir='ltr'><strong>plenam</strong></span> <span class='ocrx_word' id='word_1_388' title='bbox 565 4766 595 4816; x_wconf 93' lang='lat' dir='ltr'><strong>et</strong></span> <span class='ocrx_word' id='word_1_389' title='bbox 618 4776 797 4834; x_wconf 84' lang='lat' dir='ltr'><strong>expressam</strong></span> <span class='ocrx_word' id='word_1_390' title='bbox 826 4759 924 4818; x_wconf 88' lang='lat' dir='ltr'><strong>aede</strong></span> <span class='ocrx_word' id='word_1_391' title='bbox 955 4763 1053 4818; x_wconf 89' lang='lat' dir='ltr'><strong>verbo</strong></span> <span class='ocrx_word' id='word_1_392' title='bbox 1083 4762 1121 4819; x_wconf 92' lang='lat' dir='ltr'><strong>ad</strong></span> <span class='ocrx_word' id='word_1_393' title='bbox 1155 4764 1285 4819; x_wconf 89' lang='lat' dir='ltr'><strong>verbum</strong></span> <span class='ocrx_word' id='word_1_394' title='bbox 1317 4763 1356 4820; x_wconf 90' lang='lat' dir='ltr'><strong>de</strong></span> <span class='ocrx_word' id='word_1_395' title='bbox 1387 4763 1508 4821; x_wconf 91' lang='lat' dir='ltr'><strong>indulto</strong></span> 
     </span>
    </p>
   </div>
   <div class='ocr_carea' id='block_1_3' title="bbox 0 0 1758 5242">
    <p class='ocr_par' dir='ltr' id='par_1_3' title="bbox 0 0 1758 5242">
     <span class='ocr_line' id='line_1_43' title="bbox 0 0 1758 5242; baseline 0 0"><span class='ocrx_word' id='word_1_396' title='bbox 0 0 1758 5242; x_wconf 95' lang='lat' dir='ltr'><strong> </strong></span> 
     </span>
    </p>
   </div>
  </div>
 </body>
</html>
