3488 5242
631 287 704 343 Doc.
727 297 774 362 27.
799 280 849 344 28.
879 319 913 327 -
940 286 996 342 An.
1021 297 1107 362 1252.
1155 346 1167 354 ,

842 478 901 546 27.

344 535 392 583 An.
411 542 484 592 1252,
498 533 521 583 8.
536 532 602 581 febr.
617 531 728 581 Perusii.

238 661 421 718 Innocentius
443 660 499 717 IV.
524 660 621 732 Papo,
645 659 769 716 concedit
789 660 914 732 capitulo
937 660 1064 732 nogrob,
1089 669 1122 716 ut
1145 661 1188 716 od
1207 662 1330 736 aliquem
1352 663 1412 719 sive
1434 665 1503 720 reci·

230 767 369 841 piendum
392 768 453 824 siue
467 763 640 840 praebendo
664 767 712 822 nel
731 764 871 840 beneficiis
901 766 1092 823 ecclesiasticis
1114 767 1335 839 prouidendum,
1359 787 1378 823 o
1403 769 1505 841 legatis

621 873 782 946 apostolicis
804 872 934 945 compelli
954 891 1010 928 non
1027 874 1127 946 possit.

315 1017 519 1075 ‘Innocentius
543 1017 707 1090 episcopus
731 1031 840 1072 servus
863 1030 1028 1073 servorum
1049 1016 1105 1073 dei.
1122 1017 1302 1075 Venerabili
1319 1017 1407 1075 tratri
1423 1013 1505 1094 (Phi-

239 1116 340 1199 lippo)
360 1123 508 1196 episcopo
531 1126 561 1177 et
584 1120 705 1178 dilectis
730 1120 803 1178 filiis
819 1121 957 1195 capitulo
972 1122 1172 1194 zagrabiensi,
1189 1123 1321 1180 salutem
1338 1131 1368 1180 et
1383 1130 1505 1197 aposto-

239 1228 332 1285 licam
355 1226 608 1284 benedictionem.
632 1226 779 1283 Volentes
804 1227 895 1283 vobis
917 1232 947 1283 et
978 1227 1105 1284 ecclesie
1121 1233 1222 1284 vestre
1238 1244 1255 1285 a
1271 1229 1505 1300 gravaminibus

239 1341 269 1392 et
293 1333 452 1400 molestiis,
469 1342 619 1404 quantum
635 1348 707 1389 cum
724 1332 781 1389 deo
797 1348 972 1406 possumus,
989 1348 1164 1404 precavere,
1181 1332 1337 1391 devotioni
1355 1340 1506 1392 vestreae

239 1440 340 1498 eidem
364 1439 500 1509 ecclesie,
525 1439 635 1495 vestris
658 1438 796 1495 inclinati
819 1438 972 1511 precibus,
998 1437 1210 1511 indulgemus:
1235 1446 1269 1496 ut
1291 1439 1331 1496 ad
1356 1441 1505 1513 receptio-

241 1563 311 1606 nem
334 1547 384 1603 vel
408 1545 619 1620 provisionem
643 1546 816 1617 cuiuspiam
840 1545 871 1602 in
902 1545 1070 1618 prebendis
1100 1547 1152 1602 vel
1183 1546 1341 1603 beneficiis
1364 1547 1506 1605 ecclesia-

240 1655 323 1712 sticis
346 1669 400 1710 seu
423 1651 623 1724 pensionibus
647 1667 703 1724 per
726 1652 895 1725 apostolice
919 1652 1000 1709 sedis
1024 1653 1074 1709 vel
1095 1653 1269 1725 legatorum
1288 1654 1386 1727 ipsius
1402 1655 1507 1712 literas

240 1760 431 1833 impetratas,
456 1773 511 1831 per
534 1773 611 1830 quas
633 1773 694 1815 non
718 1758 757 1814 sit
787 1758 834 1814 ius
864 1759 1049 1830 acquisitum
1081 1759 1182 1828 alicui,
1210 1759 1261 1816 vel
1293 1760 1386 1816 etiam
1409 1761 1507 1832 impe·

241 1864 366 1924 trandas
390 1865 599 1936 cuiuscunque
623 1865 736 1920 tenoris
760 1865 900 1934 existant,
924 1866 1073 1938 compelli
1096 1865 1135 1922 de
1166 1872 1267 1922 cetero
1289 1881 1349 1922 non
1374 1866 1507 1939 possitis,

241 1975 299 2031 nisi
322 1971 429 2029 eedem
453 1970 623 2044 apostolice
647 1970 734 2027 litere
759 1971 952 2043 impetrande
977 1972 1102 2045 plenam
1126 1977 1155 2029 et
1179 1987 1357 2044 expressam
1382 1971 1420 2029 de
1436 1988 1508 2030 con·

242 2078 368 2137 tinentia
399 2075 537 2133 eiusdem
565 2074 754 2148 indulgentie
786 2075 911 2133 fecerint
944 2079 1139 2134 mentionem.
1174 2077 1261 2135 Nulli
1284 2093 1358 2150 ergo
1382 2078 1507 2135 omnino

241 2183 404 2242 hominum
426 2182 516 2239 liceat
543 2182 621 2239 hanc
654 2183 799 2255 paginam
831 2188 933 2239 nostre
964 2184 1168 2241 concessionis
1200 2183 1367 2256 infringere
1396 2185 1447 2240 vel
1480 2185 1507 2241 ei

239 2306 314 2347 ausu
341 2289 506 2346 temerario
530 2288 688 2345 contraire.
713 2286 745 2345 Si
768 2289 838 2361 quis
862 2294 966 2345 autem
989 2289 1047 2346 hoc
1070 2294 1254 2362 attemptare
1274 2291 1508 2364 presumpserit,

240 2395 482 2468 indignationem
513 2394 734 2467 omnipotentis
765 2394 815 2451 dei
848 2400 878 2451 et
909 2395 1071 2451 beatorum
1103 2394 1184 2452 Petri
1216 2403 1245 2452 et
1276 2395 1364 2452 Pauli
1387 2404 1509 2469 aposto·

241 2503 344 2559 lorum
371 2501 436 2557 eius
459 2516 491 2557 se
514 2500 635 2557 noverit
659 2500 863 2557 incursurum.
887 2500 1003 2557 Datum
1038 2501 1154 2558 Perusii
1178 2502 1235 2559 Vti
1259 2501 1328 2558 idus
1352 2500 1508 2559 februarii.

244 2606 442 2665 pontificatus
464 2612 567 2663 autem
591 2606 688 2663 nostri
711 2621 791 2663 anno
814 2621 903 2663 nono,

329 2742 411 2791 Liber
432 2741 500 2806 priv.
520 2748 638 2810 eppatus.
658 2743 762 2808 zagrab.
783 2758 807 2807 p.
828 2743 869 2793 82.
889 2742 973 2808 Typis
992 2743 1113 2809 vulgavit
1131 2744 1205 2809 Joan.
1227 2742 1344 2792 Tkalcid.
1365 2744 1434 2793 Mon.
1449 2743 1507 2792 hist.

238 2829 319 2894 episc.
339 2830 444 2895 zagrab.
466 2846 488 2878 v.
508 2828 528 2878 1.
548 2845 573 2894 p.
595 2839 638 2892 93.

349 3081 397 3127 An.
419 3087 494 3135 1252,
514 3086 554 3126 2ο.
569 3077 634 3126 febr.
648 3078 760 3128 Perusii.
844 3044 906 3108 28·

243 3205 425 3262 Innocentius
448 3204 503 3261 IV.
528 3205 626 3281 Papo,
650 3207 803 3280 confirmat
823 3206 950 3280 episcopo
969 3205 1153 3278 zogrobiensi
1164 3207 1363 3279 possessionem
1379 3207 1508 3280 aliquam

311 3318 405 3383 prope
429 3309 608 3382 Zagrobiom
632 3311 726 3384 (hodie
748 3312 961 3386 Medoedgrod)
985 3332 1004 3368 α
1027 3331 1093 3384 rege
1115 3313 1189 3369 Belo
1212 3311 1268 3368 IV.
1292 3312 1434 3368 donatam.

332 3454 530 3512 Innocencius
554 3456 718 3529 episcopus
741 3472 849 3513 servus
867 3472 1029 3513 servorum
1053 3456 1110 3514 dei.
1128 3457 1305 3513 Venerabili
1326 3456 1413 3514 fratri
1431 3453 1512 3534 (Phi-

244 3552 345 3635 lippo)
361 3561 507 3633 episeopo
530 3561 721 3632 zagrabiensi
746 3563 877 3618 salutem
902 3567 932 3618 et
955 3563 1158 3635 apostolicam
1182 3562 1435 3620 benedictionem.
1459 3565 1511 3646 Ju-

245 3667 299 3723 stis
316 3666 486 3739 petentium
510 3665 670 3723 desideriis
694 3666 822 3739 dignum
841 3677 886 3725 est
902 3684 957 3725 nos
980 3668 1104 3726 facilem
1128 3668 1259 3742 prebere
1276 3684 1458 3726 consensum
1483 3680 1512 3728 et

245 3777 325 3841 vota,
350 3787 409 3844 que
433 3787 450 3827 a
474 3772 602 3828 rationis
625 3773 747 3830 tramite
772 3788 830 3829 non
855 3773 1042 3844 discordant,
1066 3775 1177 3831 effectu
1202 3783 1406 3846 prosequente
1431 3791 1513 3833 com-

246 3879 341 3952 plere.
373 3877 464 3934 Lecta
487 3876 620 3948 quidem,
639 3894 743 3935 eoram
768 3880 857 3936 nobis
881 3885 933 3936 tua
956 3881 1064 3952 petitio
1089 3881 1272 3951 continebat,
1315 3881 1397 3953 quod
1422 3884 1514 3940 caris-

248 3985 345 4042 simus
369 3984 398 4040 in
423 3982 546 4040 Christo
571 3984 655 4041 filius
676 3990 780 4041 noster
803 3978 908 4062 B(ela),
931 3986 1090 4058 Hungarie
1113 4003 1167 4044 rex
1192 3987 1331 4048 illustris.
1356 3987 1513 4058 quandam

249 4089 483 4163 possessionem,
508 4104 607 4162 prope
631 4089 823 4162 Zagrabiam‚
849 4092 886 4148 ad
912 4108 943 4148 se
966 4093 1180 4165 pertinentem,
1205 4110 1263 4164 que
1283 4110 1362 4149 nunc
1379 4102 1512 4151 castrum

247 4195 386 4270 episcopi
410 4195 596 4268 appellatur,
620 4197 810 4268 zagrabiensi
835 4199 962 4256 ecclesie
986 4199 1037 4272 pia
1062 4199 1249 4256 liberalitate
1265 4198 1400 4269 donavit,
1421 4208 1515 4272 prout

247 4304 278 4359 in
302 4302 399 4375 ipsius
424 4301 521 4358 literis
545 4301 690 4358 contectis
714 4303 823 4361 exinde
848 4304 969 4378 plenius
992 4303 1104 4361 dicitur
1131 4304 1286 4361 contineri.
1319 4304 1380 4361 Nos
1412 4306 1515 4378 itaque

249 4409 311 4465 tuis
335 4407 615 4480 supplicationibus
640 4409 785 4480 inclinati,
809 4410 1006 4467 donationem
1030 4412 1139 4485 ipsam,
1164 4411 1242 4467 sicut
1265 4411 1315 4483 pie
1331 4426 1366 4466 ac
1384 4411 1515 4483 provide

252 4511 332 4570 tacta
356 4519 409 4583 est,
434 4519 533 4570 ratam
557 4514 705 4571 habentes
729 4522 758 4572 et
781 4523 911 4588 gratam,
936 4517 1023 4573 illam
1048 4518 1228 4574 auctoritate
1252 4517 1422 4590 apostolica
1444 4532 1515 4574 con-

251 4618 415 4679 firmamus
431 4629 461 4677 et
477 4621 627 4694 presentis
641 4622 748 4695 scripti
765 4623 936 4694 patrocinio
953 4624 1188 4680 communimus.
1204 4622 1292 4680 Nulli
1304 4638 1378 4695 ergo
1390 4624 1516 4681 omnino

250 4723 412 4782 hominum
442 4725 534 4782 liceat
550 4722 634 4783 banc
656 4727 804 4800 paginam
826 4733 929 4786 nostre
953 4727 1199 4794 confirmacionis
1222 4727 1388 4801 infringere
1412 4729 1462 4786 vel
1487 4730 1516 4787 ei
