3488 5242
263 339 324 414 284
676 335 749 392 Dor.
767 350 844 413 300.
871 368 908 377 —
935 335 990 393 An.
1015 332 1106 412 1380.

260 536 344 593 mine
367 535 546 608 Georgium,
570 541 716 605 sutorem,
740 535 770 592 in
794 536 846 592 via
868 535 996 607 publica
1018 541 1186 608 repertum.
1210 536 1294 592 clara
1315 536 1394 606 luce,
1415 534 1524 593 crude·

262 640 334 698 liter
356 646 386 698 et
410 639 544 698 letaliter
575 640 777 697 wlnerassent
809 649 838 698 et
869 641 912 698 sic
940 641 1134 710 wlneratum,
1166 641 1354 698 semivivum
1385 641 1527 714 reliquis·

262 752 337 816 sent,
361 746 414 817 qui
439 744 563 803 tandem
587 745 663 803 seria
686 747 780 803 tercia
804 747 946 819 proxima
969 752 1039 803 ante
1063 744 1175 803 festum
1200 747 1282 804 beati
1303 745 1429 820 Georgii
1446 763 1526 804 mar-

262 852 336 921 tiris,
367 867 448 908 nunc
478 851 621 924 proxime
652 858 826 919 venturum,
856 855 940 909 viam
972 852 1115 908 universe
1146 852 1247 908 carnis
1282 860 1328 909 est
1362 853 1526 924 ingressus,

260 958 357 1015 nullis
380 958 481 1031 culpis
497 957 560 1014 suis
575 958 769 1030 exigentibus
785 958 959 1031 aliquibus;
983 958 1037 1014 lite
1060 964 1164 1016 tamen
1187 957 1339 1031 pendente
1361 959 1441 1016 inter
1457 974 1526 1031 pre-

261 1064 360 1122 dictos
383 1065 466 1122 cives
482 1070 513 1122 et
528 1064 701 1138 capitulum
717 1071 905 1122 annotatum.
923 1065 1038 1122 Datum
1055 1064 1154 1135 Crisii,
1172 1063 1248 1121 feria
1261 1066 1358 1129 ‚tercia
1382 1065 1527 1138 proxima

262 1179 331 1229 ante
355 1170 469 1229 festum
485 1171 567 1228 beati
583 1169 708 1242 Georgii
726 1171 870 1229 martiris.
887 1173 977 1228 Anno
993 1171 1111 1229 domini
1131 1171 1301 1229 millesimo
1325 1171 1526 1229 CCCLXXX.

350 1307 490 1373 Originale
510 1307 537 1356 in
556 1306 654 1365 charta,
673 1322 689 1357 a
708 1311 784 1372 tergo
800 1313 928 1372 apparent
942 1306 1055 1373 vestigia
1067 1308 1182 1357 duorum
1194 1307 1354 1373 sigillorum.
1374 1306 1405 1357 In
1417 1285 1526 1357 arihivo

261 1397 308 1446 lib.
328 1411 383 1462 reg.
403 1395 475 1446 civit.
495 1396 599 1461 zagrab.

844 1592 939 1658 300.

369 1754 444 1801 Anno
467 1753 541 1810 1380,
563 1760 601 1814 ¹9·
623 1751 724 1816 aprilis.
743 1750 896 1816 Zagrabiae.

274 1880 415 1936 Nicotaus
437 1880 472 1935 de
503 1880 608 1948 Virtus,
631 1880 747 1951 zagrab.
770 1897 867 1947 comcs,
882 1878 1030 1954 justicibus
1052 1879 1187 1935 nobilium
1210 1879 1331 1935 ciusdem
1353 1879 1511 1947 comitatus,
1538 1936 1545 1957 ,

489 1993 522 2042 ut
542 1984 577 2042 dc
598 2003 662 2042 nece
691 1984 813 2058 Georgii
833 1986 947 2054 sutoris,
969 1984 1129 2057 inquirant,
1145 1985 1296 2058 pracepit.

351 2129 433 2187 Viris
456 2129 597 2187 discretis
620 2135 650 2186 et
676 2129 862 2201 honorificis,
886 2129 1039 2186 iudicibus
1061 2129 1214 2186 nobilium
1237 2130 1400 2185 comitatus
1423 2143 1528 2200 zagra-

264 2237 387 2306 biensis,
403 2236 551 2307 magister
574 2235 681 2292 Virtus
703 2250 807 2292 comes
829 2235 1036 2307 zagrabiensis
1059 2241 1089 2291 et
1112 2235 1297 2291 castellanus
1320 2233 1359 2290 de
1387 2233 1527 2291 Medwed

263 2341 435 2400 amiciciam
453 2345 591 2415 paratam
617 2356 688 2398 curn
712 2340 834 2397 honore.
851 2339 965 2397 Dicunt
988 2339 1078 2396 nobis
1094 2339 1218 2409 iudices,
1239 2339 1330 2395 iurati
1347 2343 1377 2397 et
1393 2338 1529 2396 universi

263 2447 346 2504 cives
362 2447 475 2504 montis
491 2445 674 2504 Grechensis
696 2446 785 2518 gravi
808 2461 880 2503 curn
908 2446 1057 2519 querella,
1081 2445 1165 2517 quod
1188 2444 1306 2502 domini
1330 2444 1368 2501 de
1391 2444 1529 2517 capitulo

263 2553 391 2610 ecclesie
413 2552 628 2624 zagrabiensis‚
660 2551 737 2609 feria
768 2558 878 2624 quarta
909 2551 1052 2625 proxima
1082 2557 1153 2625 post
1182 2556 1306 2608 octavas
1336 2550 1405 2608 festi
1437 2567 1529 2625 pasce

263 2657 381 2716 domini
404 2674 484 2715 nunc
507 2657 650 2731 proxime
674 2658 828 2731 preterita,
853 2658 954 2715 missis
977 2671 1083 2714 eorum
1114 2656 1320 2730 complicibus
1343 2663 1372 2713 et
1396 2656 1528 2713 familia·

263 2764 359 2833 ribus,
383 2778 474 2820 manu
496 2768 615 2820 armata
639 2770 669 2821 et
701 2764 888 2836 potenciaria
919 2765 1012 2820 simul
1044 2779 1114 2819 curn
1147 2763 1323 2819 hominibus
1355 2763 1467 2819 Mathei
1499 2769 1529 2818 et

265 2869 387 2927 Andree
410 2869 706 2940 archydiaconorum
732 2869 761 2926 in
785 2871 913 2927 ecclesia
944 2869 1091 2942 predicta,
1123 2867 1290 2941 quemdam
1322 2844 1527 2925 habitatorem

262 2978 402 3047 ipsorum
426 2975 549 3032 nomine
573 2974 751 3047 Georgium,
768 2982 913 3045 sutorem,
933 2977 962 3032 in
985 2976 1035 3032 via
1063 2975 1189 3048 publica
1209 2975 1421 3047 reperientem,
1445 2973 1529 3030 clara

263 3083 340 3150 luce,
363 3081 530 3139 crudeliter
552 3088 581 3137 et
606 3082 740 3138 letaliter
770 3083 968 3138 ulnerassent
991 3088 1021 3138 et
1053 3082 1095 3138 sic
1126 3082 1310 3137 ulneratum
1342 3081 1528 3136 semivivum

264 3188 470 3259 reliquissent,
495 3187 546 3259 qui
572 3187 695 3244 tandem
720 3187 796 3245 feria
821 3188 913 3244 tercia
941 3188 1083 3260 proxima
1116 3193 1184 3243 ante
1216 3185 1327 3242 testum
1361 3186 1442 3242 beati
1469 3184 1529 3242 Ge·

264 3293 342 3365 orgii
371 3292 506 3349 martiris
537 3309 618 3349 nunc
641 3294 783 3365 proxime
811 3299 985 3361 venturum,
1018 3293 1100 3348 viarn
1124 3293 1265 3349 universe
1288 3292 1388 3347 carnis
1411 3299 1456 3347 est
1484 3291 1528 3347 in·

263 3415 394 3472 gressus,
423 3398 519 3455 nullis
542 3400 643 3472 culpis
666 3401 729 3456 suis
753 3400 946 3470 exigentibus
975 3398 1141 3471 aliquibus,
1166 3399 1218 3454 lite
1251 3404 1352 3454 tamen
1377 3396 1528 3470 pendente

264 3506 343 3562 inter
368 3504 522 3579 predictos
545 3505 628 3562 cives
652 3511 681 3561 et
705 3505 875 3578 capitulum
900 3514 1088 3562 annotatum.
1105 3503 1205 3577 Super
1222 3519 1284 3575 quo
1300 3512 1435 3560 vestram
1452 3503 1529 3559 ami-

264 3612 372 3668 ciciam
405 3611 600 3684 presentibus
631 3611 764 3684 petimus
796 3616 981 3676 reverenter,
1012 3615 1162 3683 quatenus
1199 3625 1294 3666 unum
1317 3609 1365 3665 vel
1390 3608 1468 3665 duos
1491 3624 1529 3664 ex

264 3718 355 3775 vobis
385 3717 600 3774 transmittatis
630 3718 683 3788 qui
715 3716 755 3772 ab
786 3717 929 3773 omnibus
960 3732 978 3773 a
1009 3716 1123 3788 quibus
1154 3716 1264 3773 decens
1288 3722 1317 3771 et
1340 3721 1528 3788 oportunum

265 3823 357 3881 fuerit
391 3825 498 3897 palam
533 3829 563 3880 et
597 3824 698 3880 oculte
731 3821 944 3894 investigando
975 3824 1050 3879 sciat
1080 3832 1110 3879 et
1141 3824 1274 3895 inquirat
1305 3821 1343 3878 de
1371 3820 1530 3894 premissis

265 3930 478 3987 omnimodam
502 3931 672 3996 veritatem,
697 3933 726 3986 et
746 3935 816 4002 post
839 3929 895 3985 hec
919 3928 1065 4000 quicquid
1090 3927 1200 3986 exinde
1223 3928 1313 3985 vobis
1329 3928 1443 3984 veritas
1459 3943 1529 3984 con·

265 4037 383 4106 stiterit,
407 4035 534 4093 domino
556 4042 661 4093 nostro
685 4036 750 4107 regi
773 4034 907 4092 fideliter
923 4035 1106 4091 rescribatis.
1131 4034 1247 4091 Datum
1271 4033 1428 4105 Zagrabie‚
1454 4032 1529 4089 feria

266 4143 373 4214 quinta
407 4143 550 4214 proxima
581 4149 651 4199 ante
681 4141 855 4215 predictum
886 4139 999 4197 festum
1028 4141 1109 4198 beati
1132 4140 1259 4212 Georgii
1282 4139 1426 4209 martiris,
1450 4153 1530 4196 anno

267 4248 384 4306 domini
407 4249 576 4306 millesimo
600 4247 799 4306 CCCLXXX.

355 4368 429 4432 Joan.
448 4366 615 4432 Kukuljevid.
635 4365 722 4416 Arkiv
741 4382 770 4415 za
789 4366 892 4431 poviest
909 4367 1040 4431 jugoslav.
1060 4367 1076 4414 l.
1097 4364 1144 4415 111.
1165 4381 1188 4430 p.
1207 4366 1247 4416 88.
