3488 5242
603 321 676 378 Doc.
700 331 768 397 272.
791 330 859 397 273.
883 353 926 362 -
947 320 1004 378 An.
1028 329 1114 398 1377.
1432 324 1491 398 263

230 521 364 579 fideliter
396 522 579 578 rescribatis.
610 521 727 579 Datum
757 522 788 579 in
818 522 897 579 villa
925 520 1041 579 Boklar
1071 529 1188 592 vocata,
1218 528 1329 595 quarto
1351 522 1401 579 die
1425 520 1494 579 festi

230 626 313 683 beati
336 626 484 700 Stephani
506 627 595 698 regis.
624 629 715 684 Anno
738 626 856 684 domini
880 626 1074 684 MCCCLXX
1097 629 1238 701 septimo,

316 760 339 809 E
357 759 455 810 litteris
473 759 619 810 missilibus
637 767 662 811 et
676 760 853 824 inquisitoriis
865 761 938 812 Petri
952 762 1052 812 Chirkc
1066 762 1193 821 vicebani‚
1207 778 1246 812 an.
1260 764 1360 821 eodem,
1375 768 1403 812 ut
1417 761 1492 811 infra.

819 1012 903 1079 272.

334 1156 410 1203 Anno
434 1160 508 1212 1377,
527 1163 567 1211 3ο.
588 1153 752 1218 septembris.
773 1153 862 1204 Crisii.

232 1282 391 1339 Emissnrii
410 1283 559 1338 comitatus
581 1283 723 1339 crisiensis
740 1290 864 1355 peracta
880 1283 1061 1355 inquisitione
1075 1283 1109 1339 dc
1125 1284 1240 1339 nunriis
1255 1302 1274 1339 n
1288 1285 1412 1356 captiui)
1427 1285 1494 1341 cini-

461 1390 518 1446 laii
545 1389 703 1447 Grechensi
723 1389 823 1460 illotis,
846 1390 911 1462 regi
930 1389 1076 1446 Lndonico
1099 1389 1253 1463 lenificant.

318 1533 519 1590 Scrcnissimn
537 1532 669 1606 principi
686 1532 812 1589 domino
828 1532 993 1603 Lodouico,
1013 1531 1063 1589 dei
1078 1532 1181 1604 gracia
1196 1532 1310 1589 illustri
1327 1534 1392 1603 regi
1408 1533 1492 1590 Hun-

230 1641 323 1712 garie,
348 1639 482 1709 Polonie,
505 1638 666 1695 Dalmacie
682 1644 745 1708 etc,
760 1637 886 1695 domino
910 1639 1049 1712 ipsorum
1073 1653 1230 1710 gener0s0,
1247 1639 1354 1696 Petrus
1370 1639 1494 1710 Chyrhe

231 1746 398 1802 vicebanus
422 1751 451 1801 et
475 1759 576 1801 comes
602 1745 755 1802 crisiensis
787 1759 822 1800 ac
845 1743 961 1801 iudices
984 1744 1138 1801 nobilium
1169 1744 1307 1802 eiusdem
1330 1745 1494 1801 comitatus

231 1850 415 1907 famulatum
440 1849 580 1907 debitum
605 1866 676 1907 cum
699 1856 849 1923 perpetua
872 1849 1029 1907 fidelitate.
1046 1850 1157 1907 Vestra
1176 1852 1297 1908 noverit
1313 1849 1494 1922 magnitudo

229 1972 284 2013 nos
308 1957 425 2013 litteras
450 1955 574 2013 domine
598 1962 701 2013 nostre
725 1957 836 2028 regine,
861 1956 976 2013 honore
999 1971 1062 2027 quo
1087 1955 1198 2028 decuit,
1222 1957 1374 2029 recepisse
1390 1957 1421 2013 in
1436 1957 1493 2013 hec

229 2064 341 2121 verba:
366 2057 439 2141 (vid.
465 2080 508 2119 nr.
535 2077 605 2132 271,
637 2077 716 2119 anno
751 2077 842 2134 1377,
877 2077 923 2135 23.
955 2054 1106 2138 Augusti).
1137 2062 1200 2119 Nos
1224 2063 1317 2134 igitur
1340 2062 1494 2119 mandatis

230 2168 311 2227 dicte
334 2169 459 2226 domine
483 2175 585 2225 nostre
606 2169 712 2240 regine
733 2168 920 2239 obedientes,
945 2175 979 2224 ut
1003 2175 1151 2236 tenemur,
1176 2168 1253 2224 duos
1276 2184 1313 2224 ex
1330 2168 1419 2224 nobis
1435 2169 1492 2225 sci·

229 2275 300 2332 licet
323 2273 477 2332 iudicibus
501 2274 662 2346 nobilium,
687 2273 833 2332 videlicet
856 2273 990 2343 Petrum,
1015 2273 1115 2330 filium
1141 2272 1258 2330 Nicolai
1275 2278 1304 2330 et
1320 2273 1494 2343 Nicolaum,

230 2381 331 2438 filiurn
355 2381 519 2451 Dominici,
544 2379 583 2436 ad
608 2380 759 2453 premissa
788 2378 946 2436 rescienda
977 2379 1220 2447 transmisimus;
1248 2379 1376 2435 demum
1399 2379 1493 2436 iidem

229 2487 338 2545 exinde
362 2487 400 2544 ad
427 2501 483 2543 nos
515 2487 633 2544 reversi
662 2485 752 2542 nobis
784 2484 977 2542 concorditer
1007 2485 1186 2556 retulerunt,
1219 2485 1304 2558 quod
1335 2486 1393 2559 ipsi
1418 2485 1494 2542 feria

230 2598 340 2667 quarta
363 2594 508 2667 proxima
531 2599 600 2649 ante
624 2591 736 2648 festum
768 2592 849 2649 beati
882 2592 996 2649 Mathei
1027 2592 1168 2664 apostoli,
1200 2592 1342 2665 proxime
1366 2591 1494 2665 preteri-

230 2705 306 2770 tum,
329 2700 360 2757 in
384 2699 532 2756 comitatu
563 2699 753 2771 zagrabiensi
784 2704 813 2754 et
844 2699 874 2755 in
906 2697 1044 2772 predicta
1072 2699 1195 2755 civitate
1218 2697 1364 2755 Grecensi
1388 2713 1495 2772 proce·

231 2805 341 2877 dendo,
365 2806 405 2862 ab
429 2806 575 2862 omnibus
599 2805 712 2877 quibus
736 2805 886 2862 decuisset
914 2812 943 2862 et
975 2807 1119 2876 licuisset,
1142 2805 1287 2862 videlicet
1322 2806 1442 2862 clericis
1465 2810 1495 2862 et

231 2913 336 2984 laycis,
361 2911 467 2985 palam
492 2917 521 2967 et
545 2911 663 2968 occulte
680 2910 902 2983 investigando,
918 2912 1055 2984 exceptis
1072 2911 1160 2968 factis
1181 2917 1331 2968 unctumo
1353 2915 1494 2984 tempore

231 3020 425 3093 perpetratis
449 3034 504 3091 per
528 3019 631 3075 omnia
654 3019 697 3075 sic
720 3018 888 3088 scivissent,
909 3024 1002 3090 prout
1024 3023 1111 3074 tenor
1133 3023 1163 3074 et
1187 3018 1376 3075 continencia
1399 3017 1494 3074 dicta-

231 3142 301 3182 rum
328 3126 502 3182 litterarum
525 3123 643 3197 pretate
666 3124 790 3182 domine
815 3130 916 3181 nostre
932 3125 1037 3196 regine
1054 3124 1222 3180 contineret
1245 3130 1275 3180 et
1298 3123 1493 3196 exprimeret.

228 3231 344 3288 Datum
369 3229 468 3301 Crisii,
491 3231 625 3288 secundo
651 3230 700 3287 die
724 3231 793 3288 festi
820 3231 902 3288 beati
926 3230 1093 3302 Mychaclis
1117 3229 1303 3302 archangeli.
1326 3231 1416 3285 Anno
1440 3228 1494 3285 do·

232 3337 308 3394 mini
332 3336 526 3393 MCCCLXX
550 3337 691 3409 septimo,

318 3472 470 3538 Originalia
496 3475 549 3522 duo
575 3472 723 3522 consimilia
748 3473 775 3522 in
800 3473 897 3523 charta.
923 3475 947 3522 A
972 3479 1048 3538 tergo
1073 3472 1216 3521 cuiuslibet
1241 3469 1353 3534 vestigia
1380 3471 1494 3518 duorum

228 3561 388 3626 sigillorum.
408 3562 496 3611 Unum
516 3576 564 3626 par
584 3560 611 3610 in
630 3560 729 3611 archiv.
749 3561 795 3611 lib.
816 3577 870 3626 reg.
885 3561 933 3611 civ.
950 3561 1063 3626 zagrab,
1077 3559 1150 3610 aliud
1171 3575 1234 3610 vero
1254 3558 1280 3607 in
1300 3556 1398 3607 archiv.
1412 3557 1493 3608 Acad.

229 3650 323 3700 Scient.
345 3650 413 3700 Slav.
434 3649 526 3699 merid.

725 3818 733 3839 ‘
818 3828 903 3895 273.

336 3975 411 4021 Anno
434 3978 507 4029 1377,
526 3985 550 4033 9.
570 3969 694 4020 octobris.
713 3969 866 4035 Zagrabiae.

233 4101 375 4157 lt'i'colnns
406 4100 513 4167 Verius,
543 4115 639 4168 conces,
670 4098 787 4172 angrnb.
804 4098 951 4174 jndicibus
973 4098 1108 4155 nobiliinn
1136 4099 1257 4155 niisdem
1284 4101 1441 4169 comitatus,
1463 4108 1497 4158 ui

230 4207 264 4262 de
286 4207 409 4280 nefariis
431 4205 598 4280 quibusdam
622 4205 730 4262 aclibus
744 4206 865 4279 capituli
877 4205 992 4278 zagrnb.
1009 4212 1109 4261 contra
1124 4205 1197 4262 cives
1219 4203 1401 4276 Grechensis,
1416 4207 1493 4264 inoc-

726 4310 836 4383 stigent,
852 4310 1004 4383 praecipit.

319 4454 402 4511 Viris
425 4453 585 4510 nobilibus
609 4459 639 4510 et
662 4453 805 4522 honestis,
837 4451 990 4510 iudicibus
1023 4451 1176 4509 nobilium
1205 4453 1369 4509 comitatus
1391 4468 1495 4525 zagra-

232 4561 354 4630 biensis,
378 4559 486 4615 amicis
509 4559 580 4628 suis,
606 4559 753 4631 magister
774 4557 922 4616 Nicolaus
950 4557 988 4614 de
1019 4557 1140 4628 VertuS,
1163 4572 1266 4615 comes
1289 4559 1495 4630 zagrabiensis

231 4672 260 4723 et
284 4665 468 4722 castellanus
491 4664 530 4721 de
555 4663 695 4735 Medued,
720 4664 893 4721 amiciciam
918 4670 1058 4737 paratam
1081 4662 1187 4720 debito
1210 4678 1281 4720 cum
1297 4663 1420 4721 honore.
1441 4664 1495 4721 Di·

232 4776 304 4827 cunt
328 4768 418 4826 nobis
444 4768 626 4826 Franciscus
649 4768 750 4839 iudex,
767 4769 858 4826 iurati
881 4774 911 4825 et
934 4769 1069 4827 universi
1085 4769 1168 4826 cives
1184 4768 1297 4826 montis
1312 4768 1495 4828 Grechensis
