3488 5242
618 320 691 376 Dec.
716 314 880 396 184185.
910 352 944 359 -
969 319 1025 376 An.
1051 332 1137 396 1343·
1287 271 1291 280 ¹
1449 324 1507 396 163

245 519 451 575 concessimus
489 517 608 574 litteras
646 522 765 573 nostras
804 516 1015 589 privilegiales
1055 515 1180 572 maioris
1215 516 1312 588 sigilli
1346 517 1444 579 nostri
1461 523 1509 575 ·.et

244 624 409 680 authentici
442 623 624 679 munimime
654 622 823 679 roboratas.
849 625 959 677 Actum
983 634 1063 677 anno
1086 620 1127 677 ab
1151 621 1361 679 incarnacione
1388 621 1506 681 domini

245 729 413 786 millesimo
437 728 650 785 tercentesimo
674 727 910 800 quadragesimo
936 726 1037 793 terci0,
1062 727 1157 783 tercio
1173 725 1242 783 idus
1262 728 1374 785 mensis
1391 728 1506 788 marcii

243 835 358 907 Datum
375 850 432 907 per
456 849 564 891 manus
587 833 710 891 discreti
728 834 787 891 viri
802 833 944 904 magistri
959 832 1107 914 Johannis
1124 831 1246 889 lectoris
1264 833 1391 890 ecclesie
1407 840 1510 890 nostre

243 939 401 997 antedicte.
426 939 580 996 Districtis
605 939 679 996 viris
704 939 851 1011 magistro
875 937 971 994 Paulo
995 943 1127 1006 cantore,
1152 937 1278 994 domino
1301 937 1436 1010 Georgio
1459 955 1510 1003 cu„-

244 1045 338 1115 stode‚
378 1046 527 1118 magistro
560 1046 657 1113 Petro,
688 1044 850 1102 Orodiensi
881 1044 972 1113 dictu,
1003 1042 1119 1101 decano
1149 1043 1277 1101 ecclesie
1308 1049 1413 1102 nostro
1441 1061 1510 1118 pre·

242 1151 324 1208 dicto
359 1152 528 1223 ceterisque
552 1150 793 1223 quampluribus
815 1151 846 1207 in
864 1149 972 1206 eadem
996 1149 1131 1206 ecclesia·
1148 1156 1251 1216 nostra
1278 1150 1440 1207 nobiscum
1455 1151 1508 1210 ,iu-

243 1258 323 1329 giter
347 1257 404 1313 deo
429 1256 652 1313 famulantibus
676 1261 705 1312 et
729 1255 937 1312 existentibus.

333 1410 472 1475 Originale
487 1410 513 1460 in
526 1411 684 1460 membrana.
698 1409 825 1475 Sigillum
838 1411 916 1458 deest.
930 1408 967 1457 In.
979 1409 1048 1458 arch.
1063 1424 1119 1458 ven⁴
1131 1423 1186 1473 cap.
1198 1408 1302 1473 zagrab.
1316 1408 1377 1456 fasc.
1395 1418 1415 1456 1.
1431 1424 1469 1457 nr.
1484 1416 1508 1462 7.

832 1694 918 1759 184.

349 1838 424 1885 Anno
446 1845 520 1896 1343,
543 1845 580 1892 15.
601 1835 698 1885 martii.
718 1834 856 1884 Avinione.

327 1966 465 2039 Georgio
488 1966 634 2031 Grobine,
659 1966 805 2023 canonico
828 1966 1020 2038 zagrabiensi
1051 1980 1069 2021 a
1100 1965 1244 2038 pontifice
1268 1965 1428 2022 Clemente
1453 1965 1502 2022 Vl.

238 2072 395 2130 confertur
418 2073 612 2130 canonicatus
636 2073 726 2129 huius
749 2072 903 2129 ecclesiae.
1499 2054 1502 2060 ’

330 2229 361 2275 Α.
380 2225 503 2275 Theiner.
523 2226 592 2276 Mon.
613 2226 702 2291 Hung.
720 2225 780 2275 hist.
801 2224 821 2274 1.
839 2241 864 2290 p.
884 2226 943 2284 653.

831 2507 913 2573 185.

348 2670 422 2717 Anno
446 2678 519 2727 1343,
541 2677 580 2725 25.
601 2667 697 2716 martii.
718 2667 855 2716 Avinione.

269 2797 399 2871 jacobus
425 2797 567 2868 episcopm
594 2796 794 2853 clennmliensis
820 2796 862 2852 ad
881 2797 1022 2854 ecclesiam
1045 2797 1165 2875 augrnb.
1190 2797 1371 2872 transfcrner
1390 2805 1418 2854 et
1437 2795 1472 2852 de

713 2922 790 2959 neore
811 2904 1027 2965 contruendam

327 3064 471 3120 Clemens
496 3065 659 3137 episcopus
683 3080 791 3121 servus
815 3080 978 3123 servorum
1003 3066 1059 3123 dei.
1085 3067 1261 3124 Venerabili
1286 3065 1374 3125 fratri
1395 3066 1507 3123 Iacobo

239 3171 386 3244 episcopo
410 3171 598 3239 zagrabiensi
624 3171 756 3227 salutem
781 3176 810 3227 et
833 3152 1037 3243 apostolicam
1061 3172 1316 3230 benedictionem.
1343 3171 1444 3244 Quam
1469 3173 1507 3228 sit

239 3284 348 3333 onusta
372 3276 550 3348 dispendiis,
582 3292 677 3348 qnam
703 3277 795 3349 plena
819 3278 972 3349 periculis,
1001 3283 1176 3350 quantaque
1200 3277 1377 3335 discrimina
1401 3293 1506 3334 secum

239 3385 339 3440 trahat
383 3381 500 3440 diutina
532 3384 731 3439 ecclesiarum
765 3384 893 3449 vacati0,
928 3384 1046 3440 solicite
1078 3381 1330 3440 considerationis
1365 3381 1507 3459 indagine

240 3495 474 3562 perscrutantes,
499 3489 630 3545 libenter
654 3490 812 3560 operarias
835 3504 944 3546 manus
970 3490 1157 3562 apponimus
1180 3495 1210 3547 et
1234 3488 1372 3546 studium
1395 3488 1506 3549 efficax

240 3596 447 3667 impertimur,
470 3601 504 3652 ut
528 3594 662 3652 viduatis
685 3595 832 3664 ecclesiis,
861 3600 953 3668 prout
976 3610 1189 3668 personarum,
1213 3595 1354 3652 locorum
1377 3600 1407 3652 et
1431 3602 1506 3655 tem.-

241 3715 352 3772 porum
376 3701 509 3772 qualitas
533 3701 627 3770 exigit
649 3707 678 3757 et
702 3701 902 3759 ecclesiarum
924 3702 1062 3774 ipsarum
1088 3701 1206 3758 utilitas
1231 3700 1403 3774 persuadet,
1427 3716 1508 3781 nunc

240 3821 296 3879 per
311 3806 461 3877 simplicis
473 3806 660 3878 provisionis
673 3804 821 3875 officium,
835 3807 1021 3880 quandoque
1034 3821 1108 3865 vero
1121 3823 1177 3881 per
1189 3807 1396 3864 ministerium
1408 3812 1506 3872 trans,-

241 3912 364 3968 lationis
388 3911 553 3967 accomode
578 3917 716 3983 pastores
740 3911 939 3988 preficiantur
962 3913 1074 3985 ydonei
1097 3921 1126 3970 et
1150 3914 1283 3970 ministri
1307 3911 1431 3986 providi
1454 3911 1505 3992 de·

242 4025 395 4090 putentur,
426 4019 479 4089 qui
510 4019 656 4090 exemplo
683 4019 786 4091 operis
817 4025 847 4075 et
881 4019 1020 4076 doctrina
1044 4020 1133 4077 verbi
1154 4025 1219 4076 tam
1241 4020 1327 4091 gregi
1351 4019 1506 4081 dominico

240 4138 333 4194 quam
358 4123 494 4179 ecclesiis
518 4124 561 4178 eis
580 4123 753 4181 commissis
769 4140 893 4196 preesse
910 4112 1027 4196 iitiliter
1044 4126 1167 4182 valeant
1183 4132 1212 4182 et
1228 4123 1382 4198 prodesse.
1399 4123 1505 4197 Nuper

239 4229 392 4299 siquidem
423 4229 613 4300 zagrabiensi
645 4229 773 4286 ecclesia
803 4245 861 4302 pro
889 4246 926 4288 eo
950 4237 1085 4299 vacante,
1110 4230 1192 4303 quod
1217 4246 1272 4288 nos
1294 4230 1506 4295 venerabilem

239 4333 365 4391 fratrem
390 4342 530 4391 nostrum
555 4334 733 4391 ladislaum
757 4335 938 4408 episcopum
969 4337 1045 4393 olim
1079 4337 1312 4407 zagvabiensem
1336 4337 1365 4393 in
1389 4336 1505 4393 archie-

239 4440 400 4513 piscopum
434 4443 626 4497 colocensem
658 4441 800 4511 electum,
836 4441 907 4498 licet
939 4443 1107 4512 absentem,
1137 4458 1155 4499 a
1183 4443 1318 4513 vinculo,
1350 4457 1411 4515 quo
1446 4442 1506 4516 ipsi

238 4547 428 4616 zagrabiensi
451 4546 589 4613 ecclesie,
613 4546 661 4603 cui
686 4550 758 4602 tunc
781 4553 913 4620 preerat,
936 4548 1106 4618 tenebatur,
1124 4547 1162 4604 de
1179 4547 1310 4605 fratrum
1327 4553 1504 4609 nostrorum

238 4651 366 4708 consilio
389 4658 419 4707 et
442 4651 611 4725 apostolice
635 4652 794 4725 potestatis
816 4652 1008 4726 plenitudine
1024 4654 1229 4724 absolventes,
1246 4654 1349 4727 ipsum
1365 4652 1405 4710 ad
1421 4653 1505 4734 colo,-

238 4772 359 4814 censem
382 4758 551 4820 ecclesiam,
577 4766 648 4814 tunc
670 4764 839 4829 vacantem,
863 4757 1010 4815 duximus
1033 4758 1291 4829 transferendum,
1315 4757 1504 4831 preficiendo
