3488 5242
275 341 336 385 aao
690 326 763 384 Doc.
788 340 858 404 242.
882 360 924 369 -
948 326 1003 384 An.
1029 322 1116 404 1361.

272 528 345 580 nato
368 522 585 596 comparendo,
611 524 695 581 omni
720 525 787 595 iuri,
811 525 869 594 liti,
893 525 1017 596 accioni,
1048 524 1287 583 contradiccioni
1317 532 1347 583 et
1373 526 1538 584 cuiuslibet

273 629 401 685 materie
431 629 599 700 questionis
630 635 697 687 orte
727 631 778 688 vel
810 630 935 688 oriende
965 631 1123 689 occasione
1158 632 1360 705 possessionis
1395 637 1537 689 annotate

271 739 377 791 contra
410 734 493 791 cives
526 744 713 793 memoratos
744 752 973 809 recognoscens,
1006 736 1131 794 eosdem
1163 738 1246 794 cives
1276 738 1305 794 in
1346 738 1537 811 possessione

271 838 392 913 prelata
426 841 580 912 integrum
611 842 659 898 ins
690 842 814 913 habere,
845 860 900 900 nec
929 843 966 900 ad
998 844 1077 900 alios
1105 849 1209 916 preter
1239 844 1324 916 ipsos
1347 844 1430 900 solos
1455 845 1538 901 cives

271 945 366 1019 pleno
390 946 455 1003 iure
479 947 632 1019 pertinere
655 949 863 1006 renunciasset
880 964 957 1021 pure
972 958 1002 1006 et
1018 949 1211 1022 simpliciter,
1227 966 1262 1006 ac
1279 950 1310 1006 in
1326 957 1391 1006 toto
1407 948 1538 1007 eandem

273 1052 497 1125 possessionem
529 1052 657 1125 pacifice
687 1054 762 1126 ipsis
793 1055 915 1112 civibus
945 1054 1149 1127 relinquendo
1184 1054 1358 1128 possidere;
1392 1062 1421 1112 et
1454 1055 1537 1128 quod

272 1158 351 1229 Inus,
386 1174 490 1215 comes
525 1160 732 1231 zagrabiensis
766 1167 893 1234 accepto
927 1160 1045 1218 domini
1079 1160 1214 1218 ladislai
1251 1162 1333 1234 regis
1363 1166 1393 1218 et
1419 1161 1537 1218 domini

271 1264 419 1346 Johannis
453 1264 525 1321 bani
560 1265 658 1321 tocius
693 1264 863 1337 Sclauonie,
899 1266 1018 1324 domini
1047 1268 1103 1338 sui,
1138 1267 1284 1325 mandato
1314 1275 1344 1325 et
1382 1273 1537 1342 precepto,

271 1372 372 1444 ipsam
402 1376 517 1429 terram
548 1371 675 1428 Kobilia
707 1379 848 1430 vocatam
881 1388 952 1429 cum
978 1373 1166 1431 utilitatibus
1195 1374 1257 1430 suis
1287 1373 1448 1443 universis,
1479 1372 1538 1429 sub

272 1477 362 1534 metis
401 1478 544 1550 antiquis,
583 1484 723 1551 presente
768 1478 873 1549 Paulo,
912 1479 979 1536 filio
1021 1478 1113 1551 Boda,
1155 1479 1322 1553 prestaldo,
1362 1486 1433 1536 tunc
1479 1486 1539 1535 ter·

271 1584 361 1642 restri
406 1585 518 1641 comite
558 1585 714 1654 existente,
752 1586 811 1642 sub
853 1585 1027 1642 testimonio
1069 1585 1202 1643 hominis
1244 1585 1372 1659 capituli
1412 1584 1539 1641 ecclesie

271 1691 478 1762 zagrabiensis
511 1690 577 1747 iure
607 1697 759 1764 perpetuo
791 1691 912 1748 civibus
945 1690 983 1747 de
1010 1698 1114 1748 monte
1138 1689 1306 1748 Grechensi
1330 1691 1394 1748 sine
1418 1695 1537 1747 contra·

271 1795 409 1853 diceione
432 1797 587 1853 statuisset
609 1795 847 1869 possidendam;
869 1796 970 1854 adhuc
994 1795 1075 1853 idem
1101 1795 1245 1854 Nilroleth
1263 1803 1292 1853 et
1307 1797 1383 1878 Jaxe
1399 1795 1537 1853 eiusdem

272 1901 380 1959 Karoli
412 1902 494 1974 regis
525 1902 643 1959 litteras
672 1902 884 1975 privilegiales
907 1902 967 1958 sub
990 1918 1070 1959 anno
1092 1901 1208 1959 domini
1233 1901 1402 1958 MCCCXX
1426 1907 1537 1973 quarto

271 2013 436 2078 emanatas,
461 2013 598 2065 tenorem
622 2008 671 2065 sni
694 2009 851 2081 privilegii
886 2009 1012 2081 antiquo
1040 2024 1096 2065 suo
1119 2008 1224 2081 sigillo
1248 2008 1417 2080 consignati
1441 2013 1471 2064 et
1496 2014 1537 2064 te·

272 2129 378 2171 norem
402 2114 575 2171 litterarum
608 2113 851 2186 privilegialium
883 2112 999 2171 domini
1034 2113 1105 2171 Bele
1136 2115 1218 2187 regis
1250 2115 1281 2171 in
1312 2129 1392 2171 anno
1419 2113 1537 2170 domini

272 2219 411 2277 MCCLX
434 2227 521 2277 sexto
545 2220 687 2290 emanati,
713 2220 891 2278 libertatum
915 2221 1129 2294 prerogativas
1161 2220 1276 2278 eisdem
1302 2220 1476 2293 hospitibus
1500 2218 1538 2276 de

271 2325 373 2383 Grech
396 2340 562 2395 concessas,
590 2340 706 2382 necnon
738 2341 845 2383 cursus
875 2334 1029 2384 metarum
1061 2326 1208 2383 territorii
1239 2324 1377 2383 eiusdem
1405 2325 1537 2382 civitatis

271 2449 328 2507 per
352 2431 492 2490 ordinem
516 2433 712 2504 continentes,
736 2439 904 2491 asserentes
928 2433 1001 2490 dicti
1024 2432 1169 2490 Nilroleth
1193 2444 1224 2489 et
1246 2433 1322 2514 Jaxe
1346 2431 1448 2505 ipsum
1477 2428 1537 2487 ios·

271 2544 372 2597 satum
395 2545 425 2597 et
449 2545 563 2597 terram
587 2538 625 2596 ad
650 2554 744 2611 quam
768 2555 849 2611 aqua
872 2539 910 2595 de
934 2537 994 2595 fine
1018 2539 1116 2612 ipsius
1139 2537 1245 2594 fossati
1268 2537 1435 2594 cucurisset
1458 2536 1537 2592 inter

272 2653 370 2705 metas
394 2647 423 2704 in
448 2646 640 2719 preallegato
663 2645 829 2719 privilegio
853 2646 1016 2702 existentes
1039 2645 1200 2713 adiacere;
1224 2651 1363 2717 preterea
1387 2640 1537 2714 quasdam

271 2752 349 2810 duas
372 2752 491 2809 litteras
514 2751 642 2809 ecclesie
672 2751 879 2823 zagrabiensis
912 2756 1052 2824 patenter
1080 2748 1234 2808 coniectas
1263 2747 1363 2806 eidem
1390 2748 1538 2820 magistro

177 2883 182 2892 ·
271 2858 440 2916 Laurencio
464 2856 732 2927 demonstrassent,
755 2857 787 2914 in
818 2873 951 2930 quarum
981 2857 1070 2913 unius
1101 2861 1206 2912 tenore
1230 2860 1339 2927 quarta
1363 2852 1440 2910 feria
1465 2867 1535 2925 pro

272 2965 356 3022 xima
379 2968 450 3037 post
473 2969 597 3021 octavas
621 2960 691 3020 festi
714 2962 929 3021 Penthecostes
959 2964 1018 3020 sub
1049 2978 1129 3020 anno
1152 2960 1271 3018 domini
1295 2960 1378 3017 MCC
1403 2975 1536 3032 nonage-

271 3071 351 3128 simo
374 3074 460 3126 sexto
484 3074 625 3126 emanato
649 3069 859 3141 conspexisset
882 3069 1039 3138 contineri,
1063 3067 1146 3141 quod
1169 3067 1300 3136 Matheo,
1328 3065 1395 3122 filio
1413 3065 1537 3134 Detreh,

271 3176 311 3233 de
334 3191 445 3249 genere
469 3177 533 3232 Aca
556 3176 597 3232 ab
620 3190 680 3232 una
711 3181 808 3248 parte,
839 3175 913 3232 item
944 3174 1067 3232 Gilione
1098 3173 1208 3231 maiori
1240 3172 1325 3241 ville,
1356 3170 1538 3242 Symarhan,

274 3282 364 3339 Petro
388 3280 560 3351 Standalar,
582 3281 741 3352 Mychaele
766 3281 888 3338 Bisseno
904 3287 933 3338 et
954 3282 1103 3353 magistro
1120 3279 1273 3337 Climente
1297 3279 1418 3335 civibus
1445 3278 1538 3334 castri

274 3386 466 3458 Grechensis,
490 3403 548 3461 pro
572 3404 604 3445 se
627 3392 656 3444 et
681 3403 738 3460 pro
762 3392 826 3444 tota
848 3387 1068 3444 communitate
1092 3385 1230 3443 eiusdem
1250 3385 1312 3442 loci
1327 3389 1415 3458 parte
1439 3400 1476 3440 ex
1493 3384 1537 3440 al·

274 3504 339 3552 tera
363 3493 393 3551 in
416 3492 553 3551 eiusdem
577 3493 707 3567 capituli
739 3493 897 3567 presencia
925 3493 1105 3562 constitutis,
1137 3491 1219 3549 idem
1251 3491 1391 3547 Matheus
1420 3488 1537 3546 confes·

273 3617 326 3658 sus
349 3600 522 3670 exstitisset,
546 3599 629 3672 quod
653 3600 725 3656 licet
756 3600 822 3672 ipse
852 3615 946 3672 super
977 3603 1059 3656 terra
1088 3613 1142 3655 seu
1175 3596 1367 3670 possessione
1389 3593 1536 3651 Scuiblan

274 3713 382 3764 vocata
405 3706 553 3763 movisset
575 3706 740 3776 accionem,
757 3705 942 3777 requirendo
966 3711 996 3762 et
1019 3703 1186 3778 repetendo
1209 3701 1450 3767 eandemtitulo
1466 3716 1537 3775 pos·

274 3812 416 3870 sessionis
440 3828 494 3869 sue
517 3811 711 3882 hereditarie,
736 3816 837 3868 tamen
863 3819 990 3885 propter
1015 3812 1132 3868 bonum
1155 3810 1249 3883 paciS,
1273 3824 1368 3881 quam
1385 3823 1457 3865 cum
1480 3808 1537 3864 eis-

274 3919 346 3976 dem
370 3919 491 3975 civibus
507 3918 617 3975 maluit
641 3917 865 3975 inviolabiliter
896 3917 1062 3974 observare
1086 3915 1197 3974 cedens
1220 3921 1249 3972 et
1273 3914 1455 3972 renuncians
1480 3927 1537 3987 pro

273 4030 362 4099 parte
385 4039 440 4081 sua
463 4023 640 4080 huiusmodi
663 4023 711 4080 liti
734 4029 827 4095 atque
851 4024 910 4081 iuri
944 4039 1038 4096 super
1068 4023 1135 4095 ipsa
1166 4021 1358 4094 possessione
1384 4019 1538 4077 suscitatis

274 4130 403 4188 eandem
428 4130 652 4202 possessionem
676 4127 824 4186 Scuiblan
840 4129 1015 4202 reliquisset
1031 4135 1060 4185 et
1076 4127 1243 4184 dimisisset
1263 4123 1392 4199 prefatis
1416 4126 1537 4182 civibus

275 4243 367 4311 prout
390 4237 419 4292 in
443 4242 532 4293 antea
555 4236 653 4293 libere
677 4242 707 4292 et
729 4235 856 4308 pacifice
880 4234 1108 4309 possidendam.
1132 4233 1165 4290 In
1188 4232 1316 4289 alterius
1341 4247 1415 4288 vero
1432 4239 1537 4288 tenore

274 4345 305 4400 in
328 4343 445 4399 octavis
477 4341 547 4399 festi
576 4342 748 4415 Epiphanie
778 4341 897 4398 domini
928 4357 1007 4397 anno
1038 4340 1176 4397 eiusdem
1209 4338 1362 4395 MCCCXI
1389 4337 1537 4407 consecto,

274 4449 447 4521 reperisset.
471 4447 553 4520 quod
578 4448 689 4505 comite
712 4446 866 4517 Farlrasio,
883 4452 994 4520 nepote
1010 4446 1131 4503 comitis
1147 4444 1275 4502 Gardun
1299 4460 1336 4500 ex
1361 4458 1421 4500 una
1448 4450 1536 4515 parte

274 4559 304 4610 et
327 4552 500 4611 Pechmano
524 4553 635 4611 maiori
658 4552 735 4610 ville
758 4567 816 4626 pro
839 4568 871 4609 se
902 4561 931 4610 et
962 4553 1083 4610 civibus
1107 4551 1145 4608 de
1176 4557 1281 4608 monte
1304 4548 1406 4607 Grech
1431 4565 1468 4605 ex
1491 4549 1537 4606 al·

275 4664 340 4714 tera
362 4675 466 4717 coram
490 4658 601 4716 eodem
624 4659 761 4732 capitulo
784 4658 964 4728 constitutis,
996 4657 1079 4715 idem
1106 4656 1270 4714 Farkasius
1306 4654 1463 4713 confessus
1486 4670 1538 4712 ex·

275 4762 410 4835 stitisset,
433 4763 517 4838 quod
541 4765 613 4822 licet
635 4764 702 4838 ipse
725 4779 820 4837 super
842 4763 977 4836 quadam
1000 4763 1193 4838 possessione
1215 4761 1338 4820 Cobilia
1364 4767 1482 4831 vocata,
1506 4761 1538 4818 in
