3488 5242
657 312 730 369 Duc.
754 322 820 388 137.
845 345 887 352 —
909 311 965 368 An.
989 319 1075 387 1327.
1432 327 1492 385 119

232 512 373 569 stolicam
406 511 510 568 sedem
542 512 657 568 habere
682 526 850 581 recursum,
881 508 1047 585 providere
1077 510 1138 568 sibi
1169 525 1263 584 super
1286 510 1345 567 hoc
1367 512 1497 583 patema

232 618 392 690 diligentia
422 617 628 689 dignaremur.
664 616 728 674 Nos
759 618 852 689 igitur
887 616 1037 674 adversus
1070 623 1279 690 occupatores,
1316 615 1498 686 detentores,

232 730 472 797 presumptores,
507 724 720 781 molestatores
753 731 781 781 et
809 724 1003 781 iniuriatores
1027 722 1205 780 huiusmodi
1227 723 1283 780 illo
1307 724 1446 779 volentes
1470 722 1498 779 ei

232 828 369 886 remedio
393 830 566 899 subvenire,
595 846 651 904 per
676 830 759 902 quod
791 831 929 903 ipsorum
958 837 1172 902 compescatur
1196 830 1352 886 temeritas
1376 834 1405 885 et
1428 829 1498 885 aliis

232 935 333 992 aditus
357 936 569 993 committendi
594 937 709 994 similia
733 936 941 1009 precludatur,
967 935 1148 993 fraternitati
1173 941 1274 992 vestre
1298 951 1354 1008 per
1376 939 1500 1008 aposto·

233 1043 292 1098 lica
315 1042 429 1113 scripta
461 1040 653 1111 mandamuS,
683 1048 833 1114 quatenus
863 1058 919 1098 vos
943 1041 994 1098 vel
1018 1041 1080 1098 duo
1103 1049 1156 1098 aut
1179 1058 1257 1098 unus
1280 1047 1418 1098 vestrum
1443 1055 1499 1114 per

232 1162 288 1203 vos
312 1148 364 1203 vel
387 1148 484 1204 alium
509 1162 561 1203 seu
584 1148 670 1217 alios,
703 1149 796 1204 etiam
821 1148 846 1204 si
869 1147 930 1204 sint
954 1154 1041 1204 extra
1065 1147 1142 1217 loca,
1166 1148 1334 1220 inquibus
1359 1147 1499 1220 deputati

232 1255 304 1311 estis
335 1262 566 1310 conservatores
597 1261 627 1310 et
657 1253 780 1322 iudices,
812 1253 933 1327 prefato
964 1253 1071 1324 electu,
1095 1252 1196 1326 quoad
1221 1254 1341 1323 vixerit,
1365 1252 1499 1312 efficacis

233 1359 418 1417 defensionis
447 1359 584 1432 presidio
614 1361 797 1429 assistentes,
825 1375 884 1418 nou
917 1360 1104 1432 permittatis
1128 1374 1198 1416 eum
1222 1374 1317 1433 super
1339 1361 1499 1432 premissis

232 1467 272 1521 ab
296 1464 412 1521 eisdem
438 1466 489 1521 vel
514 1467 763 1539 quibuscumque
786 1467 856 1524 aliis
879 1467 1127 1539 occupatoribus
1158 1465 1378 1536 detentoribus,
1402 1466 1518 1522 mole·'

232 1571 409 1640 statoribus,
433 1572 704 1644 presumptoribus
728 1571 864 1629 indebite
888 1572 1056 1641 molestari,
1081 1572 1132 1628 vel
1155 1572 1216 1629 sibi
1239 1572 1422 1643 gravamina
1445 1587 1499 1629 seu

233 1676 369 1749 dampna
392 1676 443 1732 vel
468 1677 594 1733 iniurias
617 1677 756 1748 irrogari,
790 1676 899 1735 facturi
923 1676 1006 1734 dicto
1029 1678 1136 1748 electo,
1161 1693 1232 1734 curn
1255 1677 1296 1734 ab
1319 1692 1357 1734 eo
1379 1678 1431 1734 vel
1455 1678 1500 1735 vi·

234 1783 323 1839 cariis
346 1783 409 1839 suis
433 1783 484 1837 vel
508 1797 616 1839 eorum
648 1783 754 1855 aliquo
786 1783 904 1840 fueritis
926 1783 1075 1856 requisiti,
1099 1782 1138 1840 de
1162 1782 1252 1840 dictis
1275 1789 1304 1840 et
1338 1784 1407 1840 aliis
1430 1799 1501 1857 per·

234 1889 315 1944 sonis
352 1888 545 1959 quibuslibet
579 1904 672 1962 super
707 1890 897 1946 restitutione
932 1888 1085 1946 dictorum
1120 1896 1300 1959 castrorum,
1342 1890 1500 1961 villarum,

234 1993 391 2061 casalium,
416 1999 578 2064 terrarum,
596 1996 834 2079 possessionum,
851 1994 1068 2063 vassallorum,
1085 1995 1256 2063 hominurn,
1273 1996 1396 2065 iurium,
1412 1995 1502 2053 iuris-

234 2098 402 2156 dictionum
427 2115 461 2155 ac
486 2100 641 2157 bonorum
665 2101 830 2157 mobilium
854 2106 883 2158 et
906 2101 1150 2170 immobiliuum,
1174 2100 1353 2158 reddituum
1377 2115 1501 2175 quoque

235 2212 264 2261 et
289 2210 505 2276 proventuum,
530 2222 676 2263 censuum
700 2213 729 2263 et
753 2207 887 2263 aliorum
907 2220 1176 2279 quorumcumque
1193 2207 1348 2264 bonorum
1363 2221 1501 2278 suorum,

235 2326 289 2368 nec
313 2325 374 2368 non
398 2310 436 2367 de
467 2311 661 2383 quibuslibet
692 2313 852 2383 molestiis,
880 2312 1000 2368 iniuriis
1022 2317 1115 2384 atque
1137 2311 1283 2385 dampnis
1306 2313 1502 2386 presentibus

235 2425 264 2474 et
289 2416 409 2486 futuris,
438 2417 467 2473 in
504 2417 568 2474 illis
600 2417 753 2486 videlicet,
785 2433 845 2491 que
869 2417 1047 2475 iudicialem
1069 2419 1232 2490 requirunt
1254 2418 1440 2491 indaginem,
1464 2419 1502 2476 de

235 2523 330 2596 plano
361 2524 425 2579 sine
458 2524 589 2596 strepitu
620 2530 648 2580 et
680 2523 781 2596 figura
812 2523 925 2591 iudicii,
960 2525 990 2580 in
1022 2524 1092 2580 aliis
1121 2538 1205 2593 vero,
1241 2529 1335 2597 prout
1369 2524 1502 2598 qualitas

235 2629 376 2701 ipsorum
408 2630 552 2700 exegerit,
575 2629 690 2686 iustitie
714 2630 994 2701 complementum:
1018 2635 1220 2703 occupatores
1242 2645 1295 2687 seu
1319 2630 1502 2702 detentores,

235 2734 449 2791 molestatores
472 2750 524 2791 seu
556 2741 788 2808 presumptores
811 2741 841 2792 et
864 2735 1058 2792 iniuriatores
1080 2735 1268 2806 huiusmodi,
1291 2752 1409 2795 necnon
1432 2751 1503 2795 con·

235 2839 416 2897 tradictores
440 2842 597 2913 quoslibet
621 2849 651 2897 et
673 2841 817 2911 rebelles,
840 2841 1060 2913 cuiuscumque
1081 2840 1247 2914 dignitatis,
1263 2848 1370 2914 statuS,
1385 2843 1503 2901 ordinis

237 2945 287 3002 vel
311 2945 493 3004 conditionis
516 2947 680 3015 extiterint,
700 2945 960 3019 quandocumque
983 2952 1012 3003 et
1029 2947 1305 3020 quotienscumque
1321 2948 1502 3022 expedierit,

238 3067 293 3124 per
316 3067 476 3109 censuram
502 3053 748 3120 ecclesiasticam,
773 3052 983 3126 appellatione
1008 3054 1188 3126 postposita,
1208 3053 1443 3127 compescendo}
1459 3056 1504 3112 in·

238 3166 347 3215 vocato
371 3158 409 3214 ad
434 3160 500 3219 hoc.
524 3159 550 3215 si
574 3172 652 3231 opus
685 3156 784 3227 luerit,
815 3159 933 3215 auxilio
963 3159 1084 3216 brachii
1107 3159 1262 3216 secularis.
1289 3158 1355 3216 Non
1379 3159 1504 3218 obstan·

237 3265 319 3320 tibus
351 3262 449 3321 felicis
478 3264 700 3321 recordationis
734 3263 879 3322 Bonilacii
907 3279 988 3338 pape
1011 3264 1120 3334 octavi,
1144 3264 1372 3338 predecessoris
1394 3267 1501 3336 nostri,

240 3371 269 3426 in
295 3370 408 3441 quibus
432 3377 567 3440 cavetur,
598 3386 636 3427 ne
663 3371 776 3443 aliquis
802 3376 888 3427 extra
915 3386 1003 3427 suam
1031 3370 1187 3427 civitatem
1211 3378 1241 3428 et
1264 3370 1412 3428 diocesim
1436 3365 1504 3448 (etc.

238 3482 270 3531 ut
292 3490 386 3546 supra
410 3477 440 3532 in
472 3475 537 3532 doc.
566 3491 634 3544 102,
659 3491 726 3548 pag.
753 3475 889 3544 87-88.
914 3470 1022 3552 usque)
1046 3482 1228 3551 perpetuata
1250 3477 1426 3549 legitimum
1452 3493 1504 3534 ex·

239 3581 355 3638 titisset.
381 3580 604 3639 Constitutione
629 3581 766 3654 predicta
783 3598 877 3655 super
897 3582 1175 3652 conservatoribus
1191 3587 1221 3639 et
1237 3583 1298 3639 alia
1314 3582 1455 3655 qualibet
1471 3584 1501 3641 in

239 3688 425 3743 contrarium
443 3686 525 3743 edita
548 3702 606 3744 non
631 3689 780 3758 obstante,
802 3689 997 3761 presentibus
1017 3694 1088 3763 post
1108 3689 1353 3761 quinquennium
1375 3689 1504 3746 minime

236 3791 386 3848 valituris.
411 3792 526 3849 Datum
551 3794 710 3862 Avinione,
735 3810 762 3850 v.
786 3794 846 3851 kal.
869 3793 1008 3869 januarii.
1036 3796 1126 3852 Anno
1148 3793 1321 3851 undecimo.

325 3909 365 3956 Ex
380 3923 426 3957 rex
442 3910 510 3973 orig.
525 3913 573 3959 Au.
587 3911 636 3959 XI.
652 3926 716 3960 com.
730 3927 770 3976 ep.
785 3922 843 3971 513.
857 3916 887 3962 Α.
902 3912 1024 3962 Theiner.
1038 3912 1108 3962 Mon.
1122 3912 1210 3977 Hung.
1230 3910 1290 3961 hist.
1312 3913 1365 3961 vol.
1377 3911 1396 3962 1.
1409 3928 1433 3977 p.
1446 3923 1503 3977 509.

829 4125 910 4193 137.

346 4263 422 4309 Anno
445 4268 517 4318 1327,
538 4270 578 4319 30.
599 4261 695 4310 martii.
715 4262 868 4328 Zagrabiae.

238 4385 399 4459 Dionysius
413 4388 530 4443 clericus
552 4395 581 4443 et
601 4389 716 4445 dotrina
735 4389 877 4448 Srebema
893 4393 926 4448 de
937 4393 1164 4466 possessionibus
1179 4393 1315 4450 Petrovci
1326 4400 1355 4450 et
1367 4393 1507 4468 Hraslja,

738 4497 839 4555 ineunt
858 4499 1005 4556 cambriam.

328 4634 390 4692 Nos
415 4635 522 4694 Puuek
551 4653 655 4697 comes
686 4642 901 4714 zagrabiensis.
934 4642 1153 4716 significamus
1184 4648 1289 4701 tenore
1313 4644 1506 4717 presencium

241 4741 354 4813 quibus
378 4741 503 4814 expedit
526 4744 686 4816 universis,
710 4747 793 4819 quod
815 4747 966 4806 discretus
988 4756 1018 4806 et
1041 4749 1187 4807 honestus
1202 4749 1252 4807 vir
1264 4748 1433 4821 Dyonisius
1447 4749 1510 4806 cle·
