3488 5242
642 351 715 407 Doc.
732 363 806 426 341.
834 381 871 391 —
897 348 953 405 An.
977 362 1067 424 ¹39⁰·
1430 365 1490 422 317

227 549 363 620 positum
387 549 488 605 extitit
512 548 671 617 maiestati,
696 546 854 619 quomodo
875 561 931 602 vos
955 545 1143 603 sedecimam
1166 553 1285 619 partem
1304 547 1447 602 vinorum
1464 551 1493 602 et

227 652 353 725 frugum
377 660 447 727 post
470 654 682 726 recepcionem
710 652 902 709 decimarum
934 656 1107 708 vestrarum
1131 650 1170 708 de
1193 651 1273 708 vinis
1297 657 1326 707 et
1350 649 1493 722 frugibus

226 759 256 816 in
281 760 442 816 territoriis
467 759 649 816 eorumdem
674 760 788 816 civium
819 758 1074 831 provenientibus
1105 773 1163 830 pro
1190 757 1280 814 vobis
1304 757 1441 829 recipere
1464 762 1494 812 et

227 866 308 936 exigi
334 864 434 923 facere
461 866 635 923 niteremini
666 866 768 923 minus
792 866 878 934 iuste,
911 879 1005 936 quam
1035 864 1114 920 alias
1145 863 1239 920 iidem
1270 864 1353 920 cives
1381 877 1438 936 pro
1461 878 1493 918 se

227 972 406 1043 exegissent.
431 971 572 1044 Cumque
596 971 634 1029 de
657 970 835 1029 huiusmodi
858 972 924 1028 iure
947 986 1003 1044 per
1034 976 1175 1027 nostrum
1202 968 1329 1026 fidelem
1353 968 1494 1040 magnifi-

227 1092 297 1133 cum
329 1078 433 1133 virum
465 1076 626 1133 dominum
659 1076 885 1134 Theodericum
918 1075 1032 1146 Bubek‚
1062 1076 1148 1148 regni
1185 1074 1347 1133 Sclauonie
1379 1077 1494 1131 banum

227 1181 482 1240 certitudinaliter
512 1184 646 1239 velimus
677 1182 807 1252 edoceri,
840 1183 1003 1254 eidemque
1034 1182 1281 1238 commiserimus
1324 1187 1356 1237 ut
1387 1181 1425 1237 de
1449 1196 1494 1250 eu,

228 1295 334 1345 utrum
357 1304 412 1345 vos
437 1289 552 1345 dictam
582 1288 734 1345 sedecime
765 1289 955 1345 solucionem
987 1304 1025 1344 an
1057 1286 1169 1360 prefati
1201 1288 1284 1344 cives
1308 1288 1430 1358 exigere
1454 1287 1494 1343 ab

228 1395 354 1466 antiquo
378 1401 610 1464 consueverunt,
635 1395 675 1450 ab
699 1395 844 1450 omnibus
876 1410 1008 1466 quorum
1042 1395 1166 1450 interest
1198 1408 1316 1450 meram
1346 1393 1422 1450 scire
1445 1392 1495 1449 de·

229 1499 299 1556 beat
322 1501 494 1569 veritatem,
526 1516 561 1556 ac
592 1499 721 1556 eandem
752 1501 842 1557 nobis
872 1499 1071 1557 rescribendo
1104 1500 1253 1569 intimare,
1285 1500 1437 1571 vobisque
1466 1504 1495 1555 et

229 1605 357 1677 prefatis
381 1607 502 1663 civibus
526 1622 597 1662 cum
621 1606 781 1663 autenticis
813 1606 1012 1663 munimentis
1043 1605 1220 1662 huiusmodi
1254 1605 1495 1662 iurisdictionem

230 1712 435 1783 probantibus
459 1727 564 1768 coram
587 1713 677 1769 nobis
701 1728 736 1769 ac
759 1712 888 1785 prelatis
912 1720 941 1768 et
965 1713 1134 1769 baronibus
1157 1712 1270 1769 nostris
1294 1711 1494 1784 comparendi

231 1818 395 1874 terminum
420 1817 530 1874 debeat
560 1818 723 1890 assignare.
755 1817 910 1875 Fidelitati
942 1818 1036 1890 igitur
1071 1824 1171 1874 vestre
1204 1818 1304 1874 firmis
1333 1818 1443 1874 damus
1467 1819 1497 1874 in

230 1922 391 1993 mandatis,
415 1929 566 1996 quatenus
589 1923 693 1981 medio
717 1932 857 1997 tempore
889 1939 1050 1996 quousque
1083 1940 1152 1980 cum
1189 1924 1278 1981 dictis
1305 1925 1425 1981 civibus
1448 1939 1497 1980 co·

229 2042 297 2085 ram
321 2030 410 2087 nobis
427 2046 462 2086 ac
479 2030 605 2102 prelatis
629 2036 658 2086 et
682 2030 851 2087 baronibus
868 2031 981 2087 nostris
1005 2046 1076 2087 cum
1100 2029 1299 2087 munimentis
1316 2029 1495 2087 huiusmodi

229 2134 473 2192 iurisdiccionem
500 2137 706 2210 probantibus
735 2137 980 2209 comparueritis
997 2136 1094 2192 dictos
1120 2136 1203 2192 cives
1226 2151 1422 2208 nequaquam
1446 2135 1498 2192 de·

230 2239 328 2297 beatis
351 2241 381 2298 in
406 2243 471 2298 iure
495 2242 635 2315 ipsorum
662 2242 823 2314 impedire,
859 2242 1003 2315 ipsosque
1035 2241 1138 2298 medio
1172 2247 1310 2314 tempore
1342 2243 1382 2299 ab
1406 2243 1500 2298 inter-

231 2345 314 2403 dicto
335 2349 540 2404 ecclesiastico
564 2349 734 2405 absolvatis
759 2355 788 2404 et
812 2347 896 2404 aliud
921 2364 980 2404 non
1013 2347 1130 2405 facturi.
1162 2347 1278 2404 Datum
1302 2349 1331 2404 in
1358 2347 1496 2417 Mohach,

231 2450 385 2510 dominica
410 2455 552 2526 proxima
576 2461 645 2511 ante
669 2453 781 2511 festum
805 2454 887 2511 beati
920 2455 1033 2510 Mathei
1065 2455 1198 2526 apostoli
1231 2460 1259 2511 et
1291 2453 1499 2525 ewangeliste.

231 2562 320 2616 Anno
345 2559 460 2616 domini
486 2560 711 2618 MCCCLXXX
732 2576 820 2618 nond.

318 2695 458 2760 Originale
479 2695 504 2744 in
519 2696 616 2751 charta,
644 2696 670 2745 in
690 2711 741 2759 qua
761 2710 914 2759 oppressum
928 2695 1008 2759 sigill.
1023 2711 1076 2759 reg.
1088 2695 1181 2744 minus.
1195 2695 1224 2744 In
1235 2695 1305 2744 arch.
1320 2695 1368 2744 civ.
1381 2696 1485 2759 zagrab.

829 2962 914 3027 341.

337 3103 413 3151 Anno
436 3110 509 3162 1390.
530 3102 553 3149 ό.
573 3101 694 3167 Augusti.
717 3102 870 3167 Zagrabiae.

253 3229 391 3286 Detricus
413 3230 512 3286 Bubek
536 3231 636 3299 banus,
658 3231 732 3286 cibes
762 3230 936 3288 Grechenscs
960 3233 1024 3305 regi
1043 3250 1174 3289 annuum
1195 3250 1306 3289 censum
1329 3245 1372 3308 40
1396 3251 1474 3289 mar-

669 3355 768 3393 carum
791 3339 915 3400 solvisse.
939 3340 1061 3395 nuntiat.

327 3480 390 3537 Nos
413 3481 555 3537 Detricus
579 3480 693 3551 Bubek‚
724 3482 810 3553 regni
842 3481 1003 3539 Sclauonie
1035 3484 1140 3540 banus.
1173 3484 1320 3540 Memorie
1344 3500 1500 3542 commen·

233 3585 343 3643 damus
367 3603 424 3660 per
447 3597 612 3660 presentes,
637 3587 719 3660 quod
745 3588 837 3644 iudex
857 3597 887 3645 et
911 3589 1010 3652 iurati,
1031 3591 1114 3646 cives
1134 3606 1185 3645 seu
1203 3591 1340 3662 hospites
1367 3591 1499 3647 civitatis

233 3693 346 3748 montis
375 3691 536 3750 Grecensis
558 3692 596 3749 de
620 3693 779 3765 Zagrabya
803 3696 962 3752 solverunt
978 3697 1066 3753 nobis
1089 3704 1119 3752 et
1138 3695 1175 3751 ad
1193 3711 1347 3752 cameram
1365 3704 1499 3753 nostram

234 3798 271 3853 de
295 3799 424 3855 collecta
446 3799 552 3870 regali,
577 3815 671 3871 quam
695 3799 795 3856 eidem
823 3800 950 3858 domino
982 3807 1087 3859 nostro
1120 3803 1184 3874 regi
1208 3817 1287 3858 anno
1311 3803 1340 3859 in
1365 3803 1499 3875 presenti

233 3904 263 3959 in
287 3902 364 3959 festo
388 3904 627 3960 circumcisionis
650 3905 767 3961 domini
791 3922 871 3962 nunc
894 3913 1024 3963 venturo
1048 3923 1104 3980 pro
1128 3922 1209 3964 novo
1238 3923 1325 3976 anno,
1342 3908 1501 3979 wlgariter

233 4010 327 4066 Bewd
351 4011 433 4068 dicto
460 4010 581 4066 solvere
605 4010 791 4082 debuissent,
816 4011 1019 4085 quadraginta
1036 4030 1155 4071 marcas
1179 4013 1375 4071 denariorum
1401 4014 1500 4071 Budes

234 4117 403 4185 dictorum;
439 4133 532 4188 super
561 4117 802 4189 quibusquidem
834 4118 1037 4190 quadraginta
1075 4121 1186 4176 marcis
1210 4119 1335 4176 eosdem
1367 4119 1501 4176 iudicem

233 4232 262 4279 et
286 4224 409 4292 iuratos,
433 4223 515 4279 cives
539 4239 591 4279 seu
616 4224 752 4296 hospites
777 4223 970 4281 reddidimus
1002 4233 1031 4281 et
1052 4226 1273 4293 commisimus,
1298 4240 1405 4296 ymmo
1434 4226 1501 4283 red·

234 4329 337 4386 dimus
360 4336 389 4384 et
413 4329 623 4385 commitimus
644 4330 764 4400 quietos
787 4337 815 4385 et
841 4330 1002 4401 expeditos
1027 4332 1219 4403 presencium
1243 4332 1416 4388 testimonio
1439 4347 1502 4388 me-

235 4436 344 4492 diante.
370 4435 483 4491 Datum
508 4434 657 4506 Zagrabie
681 4435 827 4507 predicta,
856 4436 986 4493 sabbato
1019 4438 1162 4510 proximo
1190 4443 1258 4494 ante
1283 4437 1396 4494 festum
1419 4438 1501 4495 beati

235 4542 393 4597 Laurencii
416 4541 558 4597 martiris.
584 4543 672 4597 Anno
694 4541 811 4599 domini
836 4541 945 4598 MCCC
968 4544 1176 4614 nonagesimo

324 4676 463 4741 Originale
486 4676 510 4725 in
536 4676 632 4724 charta.
659 4675 784 4741 Sigillum
811 4675 969 4724 minusclum
994 4675 1157 4740 impressum.
1185 4676 1215 4725 ln
1237 4676 1346 4727 archivo
1373 4677 1419 4728 lib.
1445 4694 1499 4745 reg.

235 4765 306 4814 civit.
327 4764 430 4831 zagrab.
