3488 5242
667 324 741 381 Doc.
759 335 832 400 335.
860 356 896 364 -
923 319 1096 399 An.1389.

248 523 360 580 nostris
392 522 593 593 claritatibus,
624 527 659 579 ut
689 520 846 594 prefertur
866 519 962 591 factis,
986 521 1158 592 dampnum
1184 521 1248 594 pati
1271 520 1416 593 aliquale,
1440 520 1515 577 fide-

248 627 328 685 litati
361 628 455 700 igitur
484 634 595 699 vestre,
632 628 748 684 iteratis
783 627 904 684 vicibus
939 627 1149 683 commitimus
1184 626 1336 699 vobisque
1371 626 1516 683 seriosius

249 734 438 807 precipimus
461 739 491 790 et
513 733 707 804 mandamus,
732 739 882 805 quatenus
907 732 1006 789 dictos
1030 731 1173 789 dominos
1195 732 1369 806 capitulum
1389 733 1516 789 ecclesie

248 840 456 911 zagrabiensis
480 854 625 897 amouere
648 839 760 910 velitis,
784 845 818 895 ut
841 838 938 895 dictas
961 845 1083 895 centum
1108 853 1227 895 marcas
1251 838 1376 909 eisdem,
1398 844 1431 896 ut
1447 855 1516 912 pre·

250 946 384 1004 mittitur
407 946 577 1019 impositas,
601 944 730 1018 prefatis
753 944 866 1002 nostris
889 945 1011 1000 civibus
1034 942 1073 1000 de
1088 944 1240 1015 Zagrabia
1255 945 1435 1018 persolvant
1452 945 1516 1002 sine

249 1051 456 1108 diminucione
488 1051 627 1123 aliquali,
660 1051 799 1123 alioquin
822 1049 947 1107 eosdem
971 1048 1009 1106 ad
1033 1050 1223 1106 solucionem
1248 1050 1401 1107 dictarum
1425 1066 1517 1122 pecu-

248 1158 371 1214 niarum
402 1173 459 1230 per
489 1157 671 1228 gravamina
702 1161 846 1213 consveta
878 1155 1075 1228 compellatis
1106 1161 1136 1211 et
1167 1156 1350 1227 astringatis.
1382 1157 1414 1213 ln
1444 1172 1517 1213 casu

250 1269 363 1334 autem,
395 1278 458 1335 quo
490 1277 545 1318 vos
569 1261 693 1319 easdem
723 1268 846 1318 centum
877 1276 996 1317 marcas
1026 1277 1044 1318 a
1074 1259 1219 1334 sepefatis
1247 1262 1384 1335 capitulo
1406 1263 1517 1334 exigis·

249 1369 330 1440 setis,
355 1373 466 1426 extunc
489 1369 573 1441 ipsas
595 1369 764 1441 prenotatis
787 1368 899 1425 nostris
923 1368 1044 1424 civibus
1067 1373 1096 1424 et
1119 1368 1296 1441 hospitibus
1313 1368 1351 1425 de
1367 1368 1517 1441 Zagrabia

174 1522 177 1533 .
251 1473 326 1532 dare
349 1483 379 1531 et
402 1475 558 1546 assignare
589 1474 727 1531 debeatis
758 1489 829 1530 curn
860 1474 987 1542 effectu;
1019 1479 1049 1530 et
1079 1472 1165 1530 aliud
1196 1488 1254 1546 pro
1283 1480 1387 1530 nostra
1414 1473 1516 1546 gracia

248 1595 309 1636 non
333 1578 451 1636 facturi.
476 1580 634 1637 Presentes
657 1595 733 1636 vero
756 1579 781 1636 si
801 1592 891 1635 secus
908 1577 1041 1635 feceritis
1057 1578 1145 1635 reddi
1161 1579 1305 1635 iubemus
1321 1579 1515 1652 presentanti.

248 1685 364 1742 Datum
392 1685 562 1756 Waradini,
594 1685 751 1742 dominica
780 1685 924 1757 proxima
953 1692 1023 1741 ante
1040 1684 1154 1741 festum
1177 1684 1404 1758 purificaciouis
1429 1685 1517 1742 beate

250 1792 354 1861 Marie,
376 1791 505 1863 virginis
528 1791 671 1864 gloriose.
696 1793 786 1849 Anno
810 1790 928 1847 domini
952 1789 1176 1847 MCCCLXXX
1198 1806 1286 1848 non0.

341 1927 480 1994 Originale
499 1928 526 1977 iu
545 1928 644 1986 charta,
668 1927 694 1977 in
714 1943 767 1991 qua
785 1943 940 1993 appressum
967 1933 1006 1976 est
1024 1927 1144 1992 sigillum
1162 1927 1248 1977 minus
1267 1927 1345 1993 regis.
1366 1927 1397 1977 Iu
1416 1928 1516 1978 archiv.

252 2016 269 2065 l.
288 2031 309 2065 r.
329 2016 378 2066 civ.
398 2018 503 2083 zagrab.

839 2212 926 2278 335.

354 2373 431 2422 Auno
454 2372 527 2435 1389,
547 2380 587 2431 31.
606 2370 728 2436 januarii.
749 2369 886 2420 Varadini.

252 2498 452 2572 Segimundus
474 2500 651 2572 Hungarioe
672 2508 720 2556 etc.
744 2518 807 2567 rex,
831 2498 971 2555 hadulac
994 2498 1133 2565 Luscum,
1157 2498 1242 2571 regni
1260 2496 1418 2554 Slovom'oe
1434 2497 1517 2567 bano,

247 2620 317 2684 300
340 2622 454 2662 ntarcas
478 2614 536 2677 pro
567 2606 697 2679 expensis
726 2606 815 2678 regiis
844 2604 952 2661 ciuibus
986 2602 1207 2672 Greclzensibus,
1237 2611 1270 2659 ut
1291 2603 1328 2659 ab
1356 2604 1457 2661 abbate
1485 2603 1520 2660 de

445 2710 476 2767 Τ
472 2711 580 2784 paska
603 2711 717 2785 eiusque
737 2709 933 2784 iobagionibus
959 2707 1169 2778 resarciantur,
1184 2709 1337 2783 praecipit.

1195 2843 1332 2888 Deliberacio
1346 2844 1463 2888 baronum.

340 2962 556 3035 Sigismundus
579 2962 628 3020 dei
651 2964 755 3035 gracia
778 2979 833 3020 rex
856 2964 1022 3037 Hungarie,
1047 2965 1217 3034 Dalmacie,
1244 2962 1371 3019 Croacie
1394 2965 1457 3030 etc,
1482 2978 1518 3018 ac

251 3069 390 3126 marchio
414 3067 731 3140 Brandemburgensis
755 3073 809 3126 etc.
834 3069 932 3127 Fideli
956 3087 1012 3128 suo
1037 3070 1202 3143 magnifico
1228 3070 1294 3125 viro
1311 3068 1437 3125 domino
1462 3068 1517 3124 la-

253 3176 353 3232 dislao
377 3175 414 3232 de
437 3176 604 3245 Lossonch,
628 3177 714 3247 regni
738 3175 900 3233 Sclauonie
925 3178 1013 3247 bano,
1038 3178 1170 3234 salutem
1201 3182 1231 3232 et
1259 3175 1404 3246 graciam.
1434 3175 1518 3231 Licet

251 3281 328 3338 alias
351 3279 533 3352 magnificus
557 3282 605 3338 vir
629 3281 772 3343 dominus
808 3281 902 3353 AkuS,
927 3283 1049 3356 pridem
1078 3283 1221 3339 similiter
1246 3281 1331 3351 regni
1355 3278 1517 3337 Sclauonie

252 3386 358 3456 banus,
382 3386 563 3458 religiosum
586 3388 711 3444 virum.
731 3389 923 3446 ..abbatem
947 3389 985 3445 de
1008 3389 1168 3462 Topolcha
1191 3394 1221 3444 et
1245 3403 1315 3443 suos
1338 3387 1518 3458 iobagiones

251 3495 373 3552 racione
396 3508 601 3566 expensarum
625 3509 704 3551 anno
728 3496 895 3567 plusquam
920 3497 1068 3568 preterito
1093 3511 1148 3567 per
1171 3509 1227 3550 nos
1243 3501 1272 3551 et
1289 3493 1517 3550 serenissimam

252 3599 412 3657 dominam
434 3599 564 3661 Mariam
588 3600 736 3671 reginam,
760 3607 933 3658 consortem
956 3608 1094 3658 nostram
1111 3601 1303 3657 carissimam
1320 3600 1350 3656 in
1367 3598 1518 3671 Zagrabia

253 3705 404 3762 laetarum
427 3705 459 3761 in
482 3705 624 3762 trecentis
649 3707 760 3763 marcis
778 3706 900 3764 duxerit
915 3706 1091 3775 taxandum,
1119 3707 1370 3777 commiseritque
1387 3710 1420 3761 ut
1438 3705 1518 3762 dicte

252 3818 384 3868 trecente
408 3826 510 3867 marce
536 3810 732 3883 perdicium
756 3811 918 3869 dominum
947 3814 1094 3869 abbatem
1126 3811 1265 3884 providis
1289 3811 1372 3881 viris,
1396 3811 1518 3867 civibus

253 3922 284 3974 et
306 3916 481 3989 hospitibus
504 3916 543 3973 de
566 3916 646 3975 dicta
671 3917 830 3989 Zagrabia,
848 3919 901 3990 qui
918 3919 1001 3992 ipsas
1018 3934 1168 3991 expensas
1191 3932 1249 3990 pro
1273 3923 1377 3974 nostra
1392 3923 1421 3973 et
1438 3917 1518 3974 dicte

253 4023 377 4080 domine
401 4022 497 4079 Marie
527 4023 739 4080 maiestatibus
780 4025 915 4097 propriis
946 4041 1054 4081 eorum
1085 4025 1263 4096 sumptibus
1286 4023 1393 4080 fecisse
1416 4023 1518 4080 dinos-

252 4137 372 4199 cuntur,
407 4127 474 4184 dari
505 4127 662 4185 debuisset
693 4136 722 4186 et
753 4130 892 4202 persolvi
922 4131 1020 4201 vobis,
1052 4130 1135 4203 quod
1167 4130 1236 4186 aliis
1269 4130 1378 4186 litteris
1405 4131 1518 4186 nostris

253 4235 444 4292 commisisse
474 4236 648 4305 recolimus,
680 4242 713 4292 ut
743 4235 874 4293 eundern
906 4236 1066 4293 dominum
1098 4237 1244 4293 abbatem
1273 4251 1307 4292 ac
1340 4236 1518 4306 iobagiones

253 4339 350 4413 ipsius
373 4340 413 4397 ad
436 4341 663 4398 restitucionem
688 4341 841 4398 dictarum
866 4347 1071 4399 trecentarum
1096 4357 1270 4399 marcarum
1294 4341 1383 4398 dictis
1404 4343 1517 4398 nostris

254 4445 375 4503 civibus
398 4445 571 4503 faciendam
596 4449 786 4521 compellere
810 4447 970 4505 deberetis.
995 4448 1112 4505 Tamen
1132 4449 1245 4505 iterum
1264 4454 1368 4503 nostre
1386 4446 1518 4504 refertur

255 4552 415 4622 maiestati,
440 4553 598 4625 quomodo
621 4569 678 4610 vos
701 4555 848 4612 hactenus
864 4554 933 4611 aliis
949 4554 1084 4625 negociis
1101 4553 1280 4626 prepeditus
1303 4552 1343 4608 ad
1367 4553 1518 4625 premissa

255 4656 412 4716 intendere
435 4673 496 4715 non
519 4659 703 4728 valuissetis,
727 4660 769 4716 sic
793 4660 876 4732 quod
907 4659 1060 4717 dictarum
1091 4660 1292 4732 pecuniarum
1321 4658 1439 4715 solucio
1461 4673 1518 4731 per

255 4762 373 4821 dictum
396 4762 558 4822 dominum
581 4765 728 4824 abbatem
751 4771 782 4823 et
804 4780 876 4823 suos
899 4765 1078 4837 iobagiones
1101 4765 1202 4822 adhuc
1225 4768 1307 4821 extet
1335 4768 1520 4836 prorogata;
