3488 5242
586 331 739 409 Excerpta
761 350 776 387 c
796 331 906 387 coaevis
928 326 1117 401 scriptoribus.

830 523 865 589 6.

320 667 395 713 rlnno
420 670 492 720 1387,
512 680 598 714 mense
617 664 698 727 Jtrlio.

243 794 357 861 Maria,
381 795 457 865 regis
481 792 659 866 Sigismuudi
679 811 764 861 uxor,
787 812 801 848 c
823 792 981 849 carceribus
1005 782 1174 858 librugr'ndr'
1195 786 1325 847 liberata,
1350 783 1462 853 Zagru-

736 899 810 955 biaru
833 898 953 954 ducitur.

304 1061 368 1117 Rex
393 1062 496 1134 itaque
522 1057 762 1134 (Sigismundus)
785 1067 877 1134 atque
900 1074 1029 1132 regnum
1053 1057 1105 1113 diu
1139 1053 1292 1111 laboravit
1316 1067 1373 1125 pro
1397 1051 1476 1119 regis
1527 1095 1529 1098 ,

215 1166 330 1223 Mariae
353 1166 534 1224 liberatione
558 1167 609 1223 sed
635 1169 739 1225 omnia
753 1165 889 1224 remedia
903 1165 1023 1238 penitus
1040 1169 1125 1219 crant
1137 1158 1283 1226 invalida,
1296 1157 1352 1213 nisi
1370 1155 1476 1212 fuisset

214 1271 386 1343 benignitas
410 1271 590 1346 ducalisque
609 1274 805 1332 venetiarum
829 1246 973 1346 potentia,
998 1283 1077 1341 quae
1100 1267 1185 1324 misit
1212 1263 1348 1321 nobilem
1374 1262 1474 1318 virum

214 1377 363 1458 Joannem
388 1377 567 1449 barbarico,
591 1379 794 1451 capitaneum,
818 1393 888 1434 cum
913 1374 1010 1447 galeis
1034 1373 1151 1447 optime
1174 1369 1309 1436 armatis,
1333 1368 1386 1441 qui
1407 1366 1476 1422 dili-

215 1482 391 1553 gentissime
413 1497 474 1561 non
496 1483 598 1540 solum
622 1485 856 1541 attentissimam
881 1479 1053 1539 custodiam
1070 1477 1258 1536 maritimam
1274 1474 1424 1541 adhibuit,
1440 1489 1476 1527 ne

214 1588 283 1660 ipsa
305 1604 359 1644 rex
383 1588 479 1645 Maria
497 1590 753 1660 transveheretur,
770 1604 879 1647 verum
896 1588 988 1646 etiam
1012 1591 1153 1661 potenter
1168 1580 1353 1641 descendens
1371 1581 1407 1656 in,
1419 1586 1477 1636 ter·-

215 1708 289 1762 ram,
306 1693 383 1751 adeo
403 1696 592 1768 expugnavit
608 1702 637 1753 et
653 1696 784 1753 arctavit
799 1696 901 1768 ipsum
920 1694 1057 1767 priorem
1075 1693 1224 1758 Auranae,
1240 1687 1323 1760 quod
1341 1703 1395 1758 per
1412 1686 1474 1742 vim

214 1799 314 1870 coegit
330 1814 399 1856 eum
417 1800 455 1856 ad
481 1801 703 1858 restituendum
728 1802 836 1874 ipsam,
861 1815 953 1873 quam
971 1815 1064 1873 super
1087 1796 1184 1869 galeis
1201 1794 1289 1851 duxit
1311 1791 1442 1863 Segnam
1459 1807 1477 1846 a

214 1905 389 1961 carceribus
408 1915 437 1962 et
461 1913 560 1964 morte
577 1907 754 1980 turpissima
773 1907 935 1988 liberatam
947 1924 953 1974 ;
965 1906 1032 1979 ipsa
1046 1917 1120 1960 vero
1132 1903 1162 1959 in
1175 1901 1297 1972 signum
1312 1904 1477 1971 perpetuae

216 2010 372 2068 charitatis
385 2013 511 2069 omnino
525 2012 623 2070 voluit
636 2013 767 2070 eundem
776 2013 926 2095 Joaunem
936 2011 1115 2079 Barbadico‚
1125 2015 1334 2081 capetaueum
1348 2004 1400 2077 qui
1413 2011 1477 2060 tam

217 2121 341 2173 strenue
366 2117 563 2176 laboraverat
586 2134 645 2192 pro
666 2118 774 2175 eadem
798 2119 925 2176 militari
949 2117 1072 2189 cingulo
1096 2114 1248 2184 insignire.
1273 2112 1477 2185 lpsequoque

214 2228 398 2295 capetaueus
422 2240 453 2281 se
477 2224 663 2282 transferens
686 2240 757 2281 cum
785 2225 881 2296 galeis
903 2223 942 2281 ad
974 2228 1109 2280 castrum
1141 2219 1313 2278 Scardonae
1343 2234 1400 2291 per
1431 2235 1477 2275 re·

213 2329 312 2386 belles
336 2345 466 2388 coronae
499 2337 693 2404 occupatum,
718 2331 861 2404 quamvis
892 2329 1133 2403 inexpugnabile
1165 2326 1243 2384 foret
1274 2335 1303 2383 et
1334 2325 1476 2393 gentibus

214 2437 321 2494 multis
345 2437 496 2507 fulcitum,
520 2438 621 2512 ipsum
646 2439 779 2495 obtinuit
803 2454 859 2511 per
882 2439 947 2495 vim
960 2436 1045 2504 belli,
1059 2432 1243 2506 assignando
1255 2433 1358 2507 ipsum
1374 2433 1477 2502 regiae

213 2549 242 2600 et
267 2544 394 2615 reginali
421 2545 580 2602 maiestati.
604 2545 732 2602 Ducalis
755 2545 937 2603 excellentia
949 2544 986 2601 ad
1004 2543 1101 2602 dictas
1117 2543 1292 2599 maiestates
1304 2557 1358 2598 sex
1371 2540 1477 2597 amba·

213 2649 357 2706 seiatores
379 2651 553 2722 sollemnes,
581 2651 697 2709 scilicet
713 2652 834 2711 nobiles
850 2652 950 2709 viros:
968 2649 1163 2708 Leonardum
1176 2647 1322 2704 Dandulo
1335 2646 1476 2704 militem.

215 2765 446 2829 procuratorem
470 2774 491 2815 s.
517 2759 619 2828 Marci,
643 2759 796 2841 Jacobum
822 2758 987 2831 Delphino,
1020 2757 1160 2826 militem,
1193 2753 1322 2811 Paulum
1355 2755 1476 2809 Mauro-

214 2879 298 2932 ceno‚
323 2863 447 2920 Petrum
472 2864 653 2935 Bragadino,
677 2865 831 2923 Marinum
856 2864 1024 2938 Maripetro
1048 2871 1077 2920 et
1100 2862 1276 2934 Remigium
1293 2858 1476 2933 Superantio

213 2969 250 3025 ad
276 2970 553 3041 congratulandum
578 2971 616 3027 de
637 2971 767 3043 reginali
784 2971 966 3028 liberatione
983 2970 1167 3037 transmisit;
1186 2983 1247 3040 qua
1264 2967 1390 3040 quidem
1406 2982 1476 3023 con·

213 3076 419 3145 gratulatione
442 3076 492 3134 die
514 3078 603 3159 Jovis
627 3093 673 3152 19.
697 3076 773 3153 junii
801 3077 890 3150 1387.
908 3076 995 3145 facta,
1013 3083 1042 3134 et
1058 3076 1237 3148 dignissime
1252 3081 1385 3147 accepta,
1403 3090 1478 3144 quu-

216 3189 286 3238 tuor
310 3199 348 3239 cx
371 3184 414 3240 eis
437 3183 522 3240 iuxta
546 3182 686 3240 ordinem
710 3183 816 3241 datum
842 3184 985 3241 Venetias
1012 3189 1217 3251 revertuntur,
1248 3181 1478 3238 remanentibus

216 3287 339 3345 duobus
363 3306 399 3346 ex
421 3290 473 3361 eis,
497 3290 613 3348 scilicet
636 3290 796 3347 Leonardo
819 3288 964 3346 Dandulo
988 3296 1017 3347 et
1040 3289 1137 3346 Paulo
1161 3290 1344 3345 Mauroceno
1367 3285 1405 3342 ad
1430 3301 1479 3342 so-

215 3393 359 3451 ciandum
376 3396 547 3467 rcgiualem
564 3397 754 3453 maiestatem
771 3395 923 3469 usquead
940 3397 1170 3453 serenissimum
1187 3394 1348 3451 dominum
1364 3407 1477 3462 regem.

213 3499 317 3557 Primo
339 3502 434 3574 igitur
456 3503 530 3584 Julii
555 3503 771 3575 subsequentis
793 3504 948 3561 sociarunt
971 3518 1039 3559 eam
1063 3518 1161 3575 usque
1187 3502 1399 3573 Ysagabriam.
1423 3501 1476 3556 ubi

212 3607 394 3665 invenerunt
418 3608 579 3666 dominum
603 3625 709 3681 regem
728 3615 758 3667 et
781 3609 912 3667 eundem
940 3610 1178 3666 Panthaleonem
1202 3608 1313 3677 Barbo,
1336 3608 1478 3677 militem,

215 3713 268 3785 qui
293 3720 438 3771 venerant
462 3715 588 3772 obviam
613 3716 742 3787 reginali
766 3716 927 3774 maiestati.
951 3715 1115 3773 Celebrata
1142 3731 1265 3788 quoque
1294 3714 1337 3771 ibi
1368 3729 1479 3785 magna

216 3819 432 3893 sollemnitate,
457 3823 522 3894 ipse
546 3821 690 3880 dominus
713 3839 768 3880 rex
791 3824 854 3880 iam
878 3822 995 3880 dictum
1019 3821 1178 3879 dominum
1203 3821 1479 3878 Paulum'lvlauro-

216 3941 290 3982 ceno
307 3927 345 3983 ad
363 3929 512 3986 honorem
529 3929 658 3986 militiae
674 3929 863 3998 sublimavit,
887 3929 1092 4002 subsequente
1121 3930 1206 4001 regia
1229 3935 1258 3986 et
1278 3928 1408 4000 reginali
1428 3945 1479 3985 ex-

211 4032 364 4104 cellentia,
383 4035 502 4107 ipsique
517 4042 577 4093 tres
591 4036 829 4094 ambasciatores
844 4035 961 4094 scilicet
987 4035 1163 4093 Leonartlus
1186 4035 1340 4102 Dandulo
1366 4034 1479 4091 Paulus

216 4141 400 4197 Mauroceno
424 4149 452 4199 et
476 4141 622 4201 Pantaleo
645 4142 754 4212 Burbu,
779 4144 903 4214 milites,
926 4143 1045 4200 Budam
1062 4158 1130 4199 cum
1158 4144 1271 4199 eximia
1285 4142 1399 4198 laetitia
1412 4158 1480 4214 per·

221 4255 369 4304 venerunt
393 4248 430 4304 de
454 4256 533 4306 statu
558 4256 587 4306 et
611 4251 713 4322 quiete
737 4251 822 4322 regni
845 4250 1069 4322 sapientissime
1097 4249 1301 4322 providentes.

302 4383 448 4443 (acesinus,
468 4387 539 4450 apud
560 4384 687 4448 Joaunem
716 4385 793 4436 Lucii
818 4387 850 4435 de
872 4400 953 4449 regno
981 4386 1131 4436 Dalmatiae
1155 4398 1179 4436 et
1208 4388 1330 4437 t'roatiae
1359 4386 1421 4436 libr.
1448 4390 1480 4441 V.

211 4471 274 4522 edit.
299 4474 445 4526 Amstelod.
464 4491 490 4540 p.
512 4483 623 4536 25304.

754 4617 982 4646 αφ’-υ
