3488 5242
267 339 329 383 200
692 319 765 378 Dec.
787 333 855 396 223.
881 351 918 361 -
944 318 1002 377 Aa
1026 330 1111 396 1351.

264 514 308 564 hic
328 513 423 572 refero,
443 513 492 564 ita:
514 512 580 578 (vid.
600 512 662 562 libr.
682 513 808 562 Statutor.
823 517 890 576 part.
904 511 937 561 11.
958 518 1037 577 eaput
1056 511 1087 561 11.
1101 512 1174 578 Joan.
1195 510 1303 561 Tkaleic'
1315 512 1332 559 l.
1351 509 1418 560 c.11.
1432 525 1457 574 p.
1471 509 1527 575 65.)

265 604 353 666 „quod
374 601 474 667 singuli
496 616 529 650 ex
550 600 633 658 nobis,
656 615 707 649 non
732 599 854 664 impediti
874 600 1081 657 racionabiliter,
1105 600 1216 649 debeant
1235 599 1306 648 omni
1325 599 1368 648 die
1388 599 1421 647 ad
1441 597 1528 647 omnia

265 690 355 741 divina
368 688 457 739 officia
470 688 607 739 ordinaria
621 695 647 738 et
660 689 738 738 horas
751 686 924 752 perficiendas
937 688 963 737 in
974 687 1084 737 ecclesia
1097 687 1191 737 maiori
1206 703 1264 737 curn
1278 686 1373 736 effectu
1386 685 1528 736 convenire

262 793 311 843 per
327 793 354 827 se
373 778 416 826 vel
435 791 483 841 per
508 775 583 833 alios,
603 776 716 839 adque,
741 780 854 839 propter
878 774 1006 824 beneficia
1031 790 1083 838 que
1106 774 1279 840 percepimus,
1303 773 1528 838 contemplacione

263 865 346 930 ipsius
365 864 474 914 ecclesie
504 863 664 929 obligamur,
690 862 858 920 constituens,
886 863 957 926 quod
983 863 1116 913 annuatim
1142 861 1305 927 infrascripti
1335 859 1527 918 ebdomadarii,

262 953 309 1017 qui
334 953 431 1003 debent
448 968 502 1002 esse
521 952 547 1002 in
572 950 732 1002 sacerdotali
757 950 851 1000 ordine
870 966 902 999 ex
929 951 1020 1001 debito
1040 966 1133 1016 perse
1153 953 1194 1000 vel
1215 966 1263 1016 per
1282 965 1343 1000 suos
1368 950 1527 1013 quandoque

263 1043 380 1110 ydoneos
399 1041 556 1093 substitutos
575 1041 667 1091 missas
686 1039 769 1097 chori,
789 1055 840 1103 que
859 1055 952 1104 magne
966 1039 1043 1088 misse
1062 1039 1194 1097 dicuntur,
1215 1038 1361 1088 comuniter
1375 1037 1402 1087 in
1416 1036 1529 1086 ecelesia

263 1130 358 1180 maiori
378 1135 483 1180 cantare
502 1137 638 1180 teneantur
658 1129 728 1179 omni
748 1128 799 1186 die,
819 1127 944 1192 quociens
964 1127 1081 1179 occurrit
1101 1128 1127 1177 in
1146 1128 1240 1177 ordine
1260 1127 1387 1177 iterando.
1409 1127 1449 1175 Ex
1468 1125 1527 1189 qui·

262 1220 312 1269 bus
330 1219 444 1283 primam
463 1219 635 1268 ebdomadam
656 1217 712 1283 ipse
731 1215 853 1266 dominus
871 1215 1011 1281 episeopus
1031 1231 1145 1271 servare,
1159 1222 1188 1265 ut
1207 1215 1364 1281 predicitur,
1384 1214 1527 1279 obligetur,

263 1308 403 1358 secundam
425 1307 603 1372 zagrabiensis
626 1304 784 1371 prepositus,
808 1304 916 1354 terciam
937 1306 1028 1362 lector,
1057 1311 1179 1367 quartam
1204 1310 1303 1362 cantor,
1325 1304 1444 1366 quintam
1469 1317 1527 1367 pre·

263 1395 365 1461 positus
384 1395 549 1453 chasmensis,
567 1401 667 1444 sextam
692 1392 894 1443 archidiaconus
913 1392 1084 1450 kathedralis,
1101 1393 1239 1458 septimam
1260 1392 1461 1442 archidiaconus
1480 1392 1526 1440 du·

263 1482 377 1534 bicensis
403 1489 429 1533 et
457 1490 577 1533 octavam
598 1481 800 1532 archidiaconus
823 1481 855 1529 dc
878 1480 1032 1530 Kamarcha.
1055 1481 1159 1530 Horum
1182 1486 1269 1530 autem
1291 1480 1457 1545 singulorum
1480 1495 1528 1545 per

263 1573 368 1623 easdem
382 1573 541 1622 ebdomadas
559 1570 673 1638 dyaconi
692 1571 823 1620 existunt:
842 1568 931 1635 primi,
950 1569 1051 1619 scilieet
1064 1569 1164 1618 domini
1181 1569 1307 1634 episcopi,
1326 1568 1528 1618 archidiaconus

263 1663 296 1711 de
315 1660 450 1720 Guerche;
467 1660 582 1718 secundi,
602 1659 702 1709 scilieet
716 1657 846 1723 prepositi
859 1657 1044 1723 zagrabiensis,
1058 1657 1259 1707 archidiaconus
1273 1659 1306 1707 de
1324 1657 1454 1714 Kemluk;
1475 1663 1526 1707 ter-

266 1750 310 1809 cii,
329 1749 429 1800 scilicet
447 1748 563 1807 lectoris,
581 1747 782 1798 archidiaconus
794 1748 827 1795 de
840 1745 942 1804 Vaska;
957 1745 1058 1809 quarti,
1075 1746 1176 1795 scilicet
1195 1746 1317 1804 cantoris,
1327 1745 1529 1795 archidiaconus

262 1839 434 1896 chasmensis;
452 1838 547 1902 quinti,
566 1836 668 1887 scilicet
686 1835 817 1901 prepositi
836 1833 1000 1894 chasmensis,
1021 1834 1223 1884 archidiaconus
1242 1836 1274 1883 de
1298 1834 1429 1892 Bekehin;
1449 1833 1524 1891 sexti,

267 1927 368 1977 scilicet
386 1926 566 1977 archidiaconi
586 1923 757 1982 kathedralis,
776 1922 978 1974 archidiaconus
1000 1924 1031 1972 de
1044 1923 1174 1981 Warosd;
1196 1922 1309 1988 septimi,
1323 1923 1424 1973 scilicet
1443 1922 1527 1971 archi·

265 2015 370 2067 diaconi
393 2014 550 2074 dubicensis,
569 2013 771 2063 archidiaconus
793 2014 825 2061 de
847 2011 982 2069 Vrbouch,
1006 2018 1032 2061 et
1054 2011 1149 2069 octavi,
1172 2011 1273 2061 scilicet
1295 2010 1475 2061 archidiaconi
1496 2011 1529 2059 de

266 2103 423 2161 Kamarcha,
453 2108 546 2152 custos.
579 2103 682 2151 Horum
710 2100 876 2165 singulorum
900 2099 1063 2166 subdyaconi
1093 2098 1209 2149 existunt
1242 2101 1274 2149 ad
1307 2101 1446 2149 cantandas
1474 2099 1528 2163 epi-

265 2192 346 2241 stolas
365 2206 412 2256 per
432 2191 535 2240 easdem
554 2190 713 2239 ebdomadas
741 2187 858 2238 canonici
879 2187 1020 2252 simplices
1044 2188 1160 2237 seniores
1188 2188 1337 2238 iunioribus
1364 2188 1528 2252 proponendi

263 2279 291 2329 in
309 2278 402 2329 ordine
423 2284 503 2344 prout
521 2278 547 2327 in
566 2277 684 2343 capitulo
704 2291 781 2327 voces
799 2281 942 2326 noscuntur
961 2275 1059 2325 habere
1078 2278 1110 2325 de
1130 2276 1195 2325 iure.
1216 2277 1248 2326 Et
1269 2276 1402 2339 quoniam,
1424 2283 1452 2325 ut
1470 2277 1528 2339 plu-

262 2368 360 2417 rimum
379 2366 522 2417 residentes
547 2365 664 2416 canonici
693 2365 826 2430 simplices
849 2364 1000 2414 huiusmodi
1026 2366 1097 2414 ultra
1123 2380 1262 2414 numerum
1287 2364 1438 2429 predictum
1458 2363 1529 2432 inve-

263 2455 379 2512 niuntur,
393 2456 426 2504 de
444 2454 622 2504 divisionibus
641 2454 734 2504 talium
746 2453 792 2517 qui
812 2452 1007 2518 superfuerunt,
1021 2468 1070 2518 pro
1084 2452 1204 2516 qualibet
1223 2468 1315 2502 corum
1335 2453 1482 2502 ebdomada
1502 2453 1528 2502 in

263 2543 356 2593 ordine
375 2548 528 2592 occurrente
553 2541 717 2606 recipiantur
742 2546 795 2591 tres
819 2539 923 2589 denarii
948 2555 1007 2589 cum
1029 2539 1124 2597 medio,
1151 2555 1210 2589 cum
1228 2540 1324 2603 quibus
1352 2541 1526 2604 suppleantur

265 2628 382 2679 defectus
402 2630 428 2679 in
447 2628 693 2687 cantandismissis,
713 2627 865 2693 evangeliis
884 2634 909 2678 et
929 2628 1057 2692 epistolis,
1071 2644 1122 2692 que
1144 2630 1303 2692 quandoque
1323 2635 1434 2694 propter
1454 2643 1525 2678 casu-

266 2718 321 2767 ales
339 2716 500 2783 fragilitates
519 2717 654 2767 hominum
674 2722 864 2767 consveverunt
883 2731 1031 2773 occurrere,
1058 2724 1082 2765 et
1108 2733 1155 2765 nee
1180 2717 1282 2766 mirum.
1310 2718 1435 2766 Preterea
1459 2716 1529 2766 idem

265 2811 342 2870 pater
360 2805 483 2862 instituit,
496 2806 569 2868 quod
582 2805 742 2868 quicumque
756 2804 850 2853 diebus
863 2803 1002 2853 dominicis
1016 2810 1041 2854 et
1055 2803 1156 2854 festivis
1178 2805 1370 2870 sollempnibus
1389 2805 1415 2855 in
1435 2820 1529 2855 novem

264 2892 419 2950 leccionum,
443 2894 485 2943 vel
505 2892 557 2942 hiis
581 2891 815 2957 equipollentibus,
840 2893 934 2941 saltem
959 2893 992 2941 ad
1018 2892 1096 2941 horas
1120 2893 1242 2942 matutini
1262 2900 1287 2942 et
1310 2907 1480 2956 vesperarum
1499 2909 1530 2942 ac

265 2981 342 3031 misse
361 2978 478 3030 officium
497 2995 549 3030 non
568 2980 671 3031 veniret
686 2979 871 3045 personaliter,
890 2979 912 3029 si
928 2996 979 3029 non
996 2979 1085 3038 fuerit,
1105 2990 1134 3030 ut
1153 2981 1310 3046 predicitur,
1325 2981 1468 3045 impeditus
1488 2996 1528 3031 ra-

266 3068 443 3127 cionabiliter,
463 3070 505 3119 vel
524 3068 668 3134 impeditus
688 3084 735 3133 per
758 3084 834 3117 suum
852 3067 981 3118 vicarium
1001 3067 1056 3118 sive
1080 3068 1206 3118 clericum
1225 3068 1277 3118 hiis
1295 3085 1347 3119 non
1368 3069 1528 3128 interfuerit,

263 3163 289 3207 et
308 3157 419 3221 insuper
439 3157 509 3207 omni
529 3157 623 3207 dicad
644 3157 720 3207 misse
739 3156 857 3207 officium
876 3163 901 3207 et
920 3158 984 3206 hore
999 3173 1176 3222 vesperarum,
1194 3157 1318 3208 videlieet
1333 3175 1381 3223 per
1403 3159 1529 3209 clericum

263 3245 403 3296 habentem
429 3245 557 3310 periciam
576 3247 603 3295 in
623 3247 704 3295 choro
729 3245 850 3295 cantandi
871 3252 896 3296 et
921 3246 1027 3310 legendi
1046 3262 1096 3311 pro
1121 3246 1263 3297 cuiuslibet
1289 3247 1353 3296 hore
1373 3249 1414 3296 vel
1445 3246 1528 3296 officii

263 3349 296 3384 ex
316 3334 444 3399 predictis
463 3334 611 3393 omissione,
630 3334 756 3399 puniatur
770 3335 796 3384 in
809 3335 896 3384 media
910 3351 1030 3385 mensura
1050 3335 1113 3393 vini,
1126 3351 1177 3399 que
1191 3342 1229 3386 est
1251 3352 1313 3401 pars
1325 3342 1418 3386 octava
1438 3336 1528 3386 eubuli

264 3424 307 3472 vel
327 3422 384 3472 eius
402 3424 493 3472 valore
519 3425 551 3472 de
576 3422 753 3472 divisionibus
778 3423 986 3481 occurrentibus,
1005 3422 1026 3472 si
1054 3423 1145 3473 vinum
1170 3426 1204 3474 ad
1229 3425 1382 3490 porcionem
1408 3425 1473 3474 talis
1501 3423 1527 3474 in

233 3534 238 3541 ¹
266 3510 371 3561 comuni
391 3511 500 3561 cellario
519 3527 571 3561 non
590 3517 700 3568 extaret,
719 3526 770 3574 que
789 3517 881 3561 exacta
899 3511 1062 3576 pauperibus
1081 3513 1254 3577 largiantur.“

855 3795 941 3859 223.

369 3955 445 4001 Anno
467 3961 541 4017 1351,
562 3961 602 4009 23.
623 3952 744 4016 Augusti.
764 3952 917 4017 Zagrabiae.

289 4079 396 4137 Petrus
418 4097 510 4138 comes
532 4079 648 4151 aogrrrb.
680 4079 920 4153 consternationem
943 4083 1096 4137 sentcntiae
1118 4081 1278 4139 Lirnrentit'
1298 4085 1445 4138 tiroarmia'
1465 4084 1499 4139 de

511 4185 700 4257 possessiobus
722 4185 840 4261 Kobilsiz
863 4194 891 4242 et
913 4185 1056 4262 Svt'bls'an,
1080 4189 1281 4244 transsammit

353 4329 416 4385 Nos
440 4330 585 4402 magister
616 4330 732 4400 Petrus,
763 4346 866 4388 comes
898 4332 1105 4403 zagrabiensis
1135 4338 1164 4387 et
1195 4332 1380 4388 castellanus
1413 4332 1451 4388 de
1475 4332 1529 4388 Za-

266 4435 384 4491 mobor.
408 4432 626 4506 significamus
653 4437 847 4509 presencium
864 4453 920 4510 per
936 4446 1073 4494 tenorem
1095 4438 1209 4510 quibus
1225 4438 1349 4512 expedit
1379 4440 1529 4496 memorie

265 4539 524 4611 commendantes,
549 4540 632 4612 quod
656 4557 735 4598 anno
759 4540 876 4600 domini
901 4543 1010 4600 MCCC
1034 4544 1292 4616 quinquagesimo
1316 4545 1426 4618 prime,
1454 4545 1530 4603 feria

267 4643 360 4700 tercia
382 4646 526 4719 proxima
549 4653 619 4719 post
642 4646 755 4704 festum
779 4648 949 4706 beatissimi
976 4648 1123 4723 Stephani
1156 4651 1246 4722 regis,
1269 4650 1413 4731 jacobus,
1438 4650 1529 4708 iudex

265 4747 400 4808 civitatis
422 4749 583 4810 Grecensis
606 4767 642 4810 ac
665 4751 844 4825 Nicolettus‚
862 4752 1036 4828 Stephanus
1059 4761 1089 4812 et
1110 4755 1197 4837 jaira,
1214 4754 1346 4813 condam
1368 4755 1483 4814 iudices
1499 4762 1529 4813 et
