<?xml version="1.0" encoding="UTF-8"?>
<!DOCTYPE html PUBLIC "-//W3C//DTD XHTML 1.0 Transitional//EN"
    "http://www.w3.org/TR/xhtml1/DTD/xhtml1-transitional.dtd">
<html xmlns="http://www.w3.org/1999/xhtml" xml:lang="en" lang="en">
 <head>
  <title>
</title>
<meta http-equiv="Content-Type" content="text/html;charset=utf-8" />
  <meta name='ocr-system' content='tesseract 3.04.00' />
  <meta name='ocr-capabilities' content='ocr_page ocr_carea ocr_par ocr_line ocrx_word'/>
</head>
<body>
  <div class='ocr_page' id='page_1' title='image "./monumentahistor11laszgoog_0591.png"; bbox 0 0 3488 5242; ppageno 0'>
   <div class='ocr_carea' id='block_1_1' title="bbox 250 325 1091 403">
    <p class='ocr_par' dir='ltr' id='par_1_1' title="bbox 250 325 1091 403">
     <span class='ocr_line' id='line_1_1' title="bbox 250 325 1091 403; baseline -0.002 -18"><span class='ocrx_word' id='word_1_1' title='bbox 250 341 312 400; x_wconf 80' lang='lat'>350</span> <span class='ocrx_word' id='word_1_2' title='bbox 660 325 735 384; x_wconf 84' lang='lat' dir='ltr'>Doc.</span> <span class='ocrx_word' id='word_1_3' title='bbox 753 335 828 402; x_wconf 75' lang='lat'>370.</span> <span class='ocrx_word' id='word_1_4' title='bbox 855 359 891 370; x_wconf 91' lang='lat'><em>-</em></span> <span class='ocrx_word' id='word_1_5' title='bbox 918 327 975 384; x_wconf 82' lang='lat' dir='ltr'>An.</span> <span class='ocrx_word' id='word_1_6' title='bbox 1001 340 1091 403; x_wconf 68' lang='lat'><em>1394.</em></span> 
     </span>
    </p>
   </div>
   <div class='ocr_carea' id='block_1_2' title="bbox 247 523 1528 1868">
    <p class='ocr_par' dir='ltr' id='par_1_2' title="bbox 247 523 1528 1868">
     <span class='ocr_line' id='line_1_2' title="bbox 247 523 1513 604; baseline 0.001 -25"><span class='ocrx_word' id='word_1_7' title='bbox 247 524 388 604; x_wconf 77' lang='lat' dir='ltr'>johanni,</span> <span class='ocrx_word' id='word_1_8' title='bbox 410 525 516 581; x_wconf 89' lang='lat' dir='ltr'>comiti</span> <span class='ocrx_word' id='word_1_9' title='bbox 540 524 638 596; x_wconf 89' lang='lat' dir='ltr'>Vegle</span> <span class='ocrx_word' id='word_1_10' title='bbox 662 533 692 580; x_wconf 91' lang='lat' dir='ltr'>et</span> <span class='ocrx_word' id='word_1_11' title='bbox 717 523 877 580; x_wconf 87' lang='lat' dir='ltr'>Modrusse</span> <span class='ocrx_word' id='word_1_12' title='bbox 899 540 935 580; x_wconf 93' lang='lat' dir='ltr'>ac</span> <span class='ocrx_word' id='word_1_13' title='bbox 951 539 1116 596; x_wconf 89' lang='lat' dir='ltr'>regnorum</span> <span class='ocrx_word' id='word_1_14' title='bbox 1141 530 1318 582; x_wconf 88' lang='lat' dir='ltr'>nostrorum</span> <span class='ocrx_word' id='word_1_15' title='bbox 1342 525 1513 592; x_wconf 85' lang='lat' dir='ltr'>Dalmacie,</span> 
     </span>
     <span class='ocr_line' id='line_1_3' title="bbox 248 628 1528 702; baseline 0.001 -17"><span class='ocrx_word' id='word_1_16' title='bbox 248 628 375 686; x_wconf 88' lang='lat' dir='ltr'>Croacie</span> <span class='ocrx_word' id='word_1_17' title='bbox 398 635 428 687; x_wconf 93' lang='lat' dir='ltr'>et</span> <span class='ocrx_word' id='word_1_18' title='bbox 451 629 613 686; x_wconf 90' lang='lat' dir='ltr'>Sclauonie</span> <span class='ocrx_word' id='word_1_19' title='bbox 638 630 719 686; x_wconf 91' lang='lat' dir='ltr'>bano</span> <span class='ocrx_word' id='word_1_20' title='bbox 742 631 792 685; x_wconf 92' lang='lat' dir='ltr'>vel</span> <span class='ocrx_word' id='word_1_21' title='bbox 822 631 887 686; x_wconf 90' lang='lat' dir='ltr'>eius</span> <span class='ocrx_word' id='word_1_22' title='bbox 903 630 1061 700; x_wconf 88' lang='lat' dir='ltr'>viceban0‚</span> <span class='ocrx_word' id='word_1_23' title='bbox 1078 630 1210 690; x_wconf 89' lang='lat' dir='ltr'>salutem</span> <span class='ocrx_word' id='word_1_24' title='bbox 1226 636 1256 687; x_wconf 89' lang='lat' dir='ltr'>et</span> <span class='ocrx_word' id='word_1_25' title='bbox 1271 632 1415 702; x_wconf 85' lang='lat' dir='ltr'>graciam.</span> <span class='ocrx_word' id='word_1_26' title='bbox 1434 630 1528 686; x_wconf 93' lang='lat' dir='ltr'>Cum-</span> 
     </span>
     <span class='ocr_line' id='line_1_4' title="bbox 248 735 1509 809; baseline -0.001 -17"><span class='ocrx_word' id='word_1_27' title='bbox 248 751 303 792; x_wconf 91' lang='lat' dir='ltr'>nos</span> <span class='ocrx_word' id='word_1_28' title='bbox 335 735 486 808; x_wconf 86' lang='lat' dir='ltr'>quasdam</span> <span class='ocrx_word' id='word_1_29' title='bbox 510 735 587 792; x_wconf 86' lang='lat' dir='ltr'>duas</span> <span class='ocrx_word' id='word_1_30' title='bbox 611 737 818 809; x_wconf 90' lang='lat' dir='ltr'>possessiones</span> <span class='ocrx_word' id='word_1_31' title='bbox 842 744 960 794; x_wconf 78' lang='lat' dir='ltr'>nostras</span> <span class='ocrx_word' id='word_1_32' title='bbox 985 736 1148 793; x_wconf 89' lang='lat' dir='ltr'>Petrouina</span> <span class='ocrx_word' id='word_1_33' title='bbox 1167 742 1197 793; x_wconf 89' lang='lat' dir='ltr'>et</span> <span class='ocrx_word' id='word_1_34' title='bbox 1214 738 1352 794; x_wconf 88' lang='lat' dir='ltr'>llrascha</span> <span class='ocrx_word' id='word_1_35' title='bbox 1376 744 1509 805; x_wconf 88' lang='lat' dir='ltr'>vocatas,</span> 
     </span>
     <span class='ocr_line' id='line_1_5' title="bbox 248 841 1516 914; baseline 0.002 -17"><span class='ocrx_word' id='word_1_36' title='bbox 248 841 278 898; x_wconf 91' lang='lat' dir='ltr'>in</span> <span class='ocrx_word' id='word_1_37' title='bbox 302 842 448 898; x_wconf 92' lang='lat' dir='ltr'>comitatu</span> <span class='ocrx_word' id='word_1_38' title='bbox 473 843 664 913; x_wconf 86' lang='lat' dir='ltr'>zagrabiensi</span> <span class='ocrx_word' id='word_1_39' title='bbox 689 843 818 911; x_wconf 88' lang='lat' dir='ltr'>habitas,</span> <span class='ocrx_word' id='word_1_40' title='bbox 842 844 919 899; x_wconf 91' lang='lat' dir='ltr'>alias</span> <span class='ocrx_word' id='word_1_41' title='bbox 942 842 981 898; x_wconf 92' lang='lat' dir='ltr'>ad</span> <span class='ocrx_word' id='word_1_42' title='bbox 1005 850 1138 899; x_wconf 86' lang='lat' dir='ltr'>castrum</span> <span class='ocrx_word' id='word_1_43' title='bbox 1162 849 1301 900; x_wconf 88' lang='lat' dir='ltr'>nostrum</span> <span class='ocrx_word' id='word_1_44' title='bbox 1326 842 1428 914; x_wconf 89' lang='lat' dir='ltr'>Selyn,</span> <span class='ocrx_word' id='word_1_45' title='bbox 1454 843 1516 899; x_wconf 91' lang='lat' dir='ltr'>alio</span> 
     </span>
     <span class='ocr_line' id='line_1_6' title="bbox 247 946 1514 1020; baseline 0.001 -17"><span class='ocrx_word' id='word_1_46' title='bbox 247 947 372 1004; x_wconf 89' lang='lat' dir='ltr'>nomine</span> <span class='ocrx_word' id='word_1_47' title='bbox 396 946 533 1004; x_wconf 87' lang='lat' dir='ltr'>Chichan</span> <span class='ocrx_word' id='word_1_48' title='bbox 559 956 711 1016; x_wconf 90' lang='lat' dir='ltr'>vocatum,</span> <span class='ocrx_word' id='word_1_49' title='bbox 737 948 932 1020; x_wconf 87' lang='lat' dir='ltr'>pertinentes,</span> <span class='ocrx_word' id='word_1_50' title='bbox 964 963 982 1003; x_wconf 93' lang='lat' dir='ltr'>a</span> <span class='ocrx_word' id='word_1_51' title='bbox 1014 947 1133 1019; x_wconf 83' lang='lat' dir='ltr'>prelato</span> <span class='ocrx_word' id='word_1_52' title='bbox 1157 956 1257 1005; x_wconf 89' lang='lat' dir='ltr'>castro</span> <span class='ocrx_word' id='word_1_53' title='bbox 1281 949 1449 1005; x_wconf 83' lang='lat' dir='ltr'>eximentes</span> <span class='ocrx_word' id='word_1_54' title='bbox 1475 948 1514 1004; x_wconf 89' lang='lat' dir='ltr'>de</span> 
     </span>
     <span class='ocr_line' id='line_1_7' title="bbox 248 1052 1515 1134; baseline 0.001 -26"><span class='ocrx_word' id='word_1_55' title='bbox 248 1054 391 1110; x_wconf 90' lang='lat' dir='ltr'>manibus</span> <span class='ocrx_word' id='word_1_56' title='bbox 413 1055 524 1110; x_wconf 89' lang='lat' dir='ltr'>nostris</span> <span class='ocrx_word' id='word_1_57' title='bbox 548 1055 649 1125; x_wconf 71' lang='lat' dir='ltr'>regiis</span> <span class='ocrx_word' id='word_1_58' title='bbox 672 1069 751 1110; x_wconf 91' lang='lat' dir='ltr'>nove</span> <span class='ocrx_word' id='word_1_59' title='bbox 775 1060 877 1110; x_wconf 89' lang='lat' dir='ltr'>nostre</span> <span class='ocrx_word' id='word_1_60' title='bbox 900 1052 1076 1110; x_wconf 85' lang='lat' dir='ltr'>donacionis</span> <span class='ocrx_word' id='word_1_61' title='bbox 1100 1054 1191 1110; x_wconf 92' lang='lat' dir='ltr'>titulo</span> <span class='ocrx_word' id='word_1_62' title='bbox 1214 1070 1249 1110; x_wconf 91' lang='lat' dir='ltr'>ae</span> <span class='ocrx_word' id='word_1_63' title='bbox 1272 1056 1356 1110; x_wconf 91' lang='lat' dir='ltr'>omni</span> <span class='ocrx_word' id='word_1_64' title='bbox 1387 1068 1423 1109; x_wconf 92' lang='lat' dir='ltr'>eo</span> <span class='ocrx_word' id='word_1_65' title='bbox 1440 1054 1515 1134; x_wconf 61' lang='lat' dir='ltr'>iure,</span> 
     </span>
     <span class='ocr_line' id='line_1_8' title="bbox 247 1160 1515 1237; baseline -0.001 -22"><span class='ocrx_word' id='word_1_66' title='bbox 247 1174 310 1231; x_wconf 92' lang='lat' dir='ltr'>quo</span> <span class='ocrx_word' id='word_1_67' title='bbox 333 1166 437 1216; x_wconf 89' lang='lat' dir='ltr'>nostre</span> <span class='ocrx_word' id='word_1_68' title='bbox 460 1160 517 1215; x_wconf 90' lang='lat' dir='ltr'>rite</span> <span class='ocrx_word' id='word_1_69' title='bbox 548 1160 730 1216; x_wconf 91' lang='lat' dir='ltr'>incumbunt</span> <span class='ocrx_word' id='word_1_70' title='bbox 761 1160 933 1228; x_wconf 88' lang='lat' dir='ltr'>collacioni‚</span> <span class='ocrx_word' id='word_1_71' title='bbox 964 1174 1034 1216; x_wconf 93' lang='lat' dir='ltr'>cum</span> <span class='ocrx_word' id='word_1_72' title='bbox 1065 1160 1216 1216; x_wconf 86' lang='lat' dir='ltr'>universis</span> <span class='ocrx_word' id='word_1_73' title='bbox 1248 1175 1354 1216; x_wconf 88' lang='lat' dir='ltr'>earum</span> <span class='ocrx_word' id='word_1_74' title='bbox 1385 1160 1515 1237; x_wconf 72' lang='lat' dir='ltr'>iuribus,</span> 
     </span>
     <span class='ocr_line' id='line_1_9' title="bbox 247 1265 1516 1338; baseline 0.001 -18"><span class='ocrx_word' id='word_1_75' title='bbox 247 1265 432 1322; x_wconf 78' lang='lat' dir='ltr'>utilitatibus</span> <span class='ocrx_word' id='word_1_76' title='bbox 456 1273 486 1322; x_wconf 91' lang='lat' dir='ltr'>et</span> <span class='ocrx_word' id='word_1_77' title='bbox 509 1266 702 1338; x_wconf 87' lang='lat' dir='ltr'>quibuslibet</span> <span class='ocrx_word' id='word_1_78' title='bbox 728 1266 932 1338; x_wconf 81' lang='lat' dir='ltr'>proventibus</span> <span class='ocrx_word' id='word_1_79' title='bbox 962 1272 1065 1322; x_wconf 90' lang='lat' dir='ltr'>nostre</span> <span class='ocrx_word' id='word_1_80' title='bbox 1096 1267 1248 1323; x_wconf 84' lang='lat' dir='ltr'>maiestati</span> <span class='ocrx_word' id='word_1_81' title='bbox 1272 1267 1436 1338; x_wconf 89' lang='lat' dir='ltr'>provenire</span> <span class='ocrx_word' id='word_1_82' title='bbox 1459 1265 1516 1321; x_wconf 90' lang='lat' dir='ltr'>de-</span> 
     </span>
     <span class='ocr_line' id='line_1_10' title="bbox 247 1370 1516 1440; baseline 0.001 -14"><span class='ocrx_word' id='word_1_83' title='bbox 247 1370 365 1440; x_wconf 79' lang='lat' dir='ltr'>bendiS,</span> <span class='ocrx_word' id='word_1_84' title='bbox 389 1370 534 1428; x_wconf 84' lang='lat' dir='ltr'>fidelibus</span> <span class='ocrx_word' id='word_1_85' title='bbox 557 1372 669 1428; x_wconf 91' lang='lat' dir='ltr'>nostris</span> <span class='ocrx_word' id='word_1_86' title='bbox 693 1371 794 1439; x_wconf 89' lang='lat' dir='ltr'>iudici,</span> <span class='ocrx_word' id='word_1_87' title='bbox 819 1373 926 1429; x_wconf 90' lang='lat' dir='ltr'>iuratis</span> <span class='ocrx_word' id='word_1_88' title='bbox 948 1387 984 1428; x_wconf 93' lang='lat' dir='ltr'>ac</span> <span class='ocrx_word' id='word_1_89' title='bbox 1007 1373 1158 1429; x_wconf 90' lang='lat' dir='ltr'>universis</span> <span class='ocrx_word' id='word_1_90' title='bbox 1183 1373 1303 1429; x_wconf 90' lang='lat' dir='ltr'>civibus</span> <span class='ocrx_word' id='word_1_91' title='bbox 1326 1373 1439 1428; x_wconf 86' lang='lat' dir='ltr'>nostris</span> <span class='ocrx_word' id='word_1_92' title='bbox 1474 1373 1516 1428; x_wconf 91' lang='lat' dir='ltr'>ci-</span> 
     </span>
     <span class='ocr_line' id='line_1_11' title="bbox 247 1476 1508 1549; baseline 0.002 -19"><span class='ocrx_word' id='word_1_93' title='bbox 247 1476 350 1532; x_wconf 90' lang='lat' dir='ltr'>vitatis</span> <span class='ocrx_word' id='word_1_94' title='bbox 370 1477 484 1533; x_wconf 91' lang='lat' dir='ltr'>montis</span> <span class='ocrx_word' id='word_1_95' title='bbox 507 1476 691 1534; x_wconf 90' lang='lat' dir='ltr'>Grechensis</span> <span class='ocrx_word' id='word_1_96' title='bbox 714 1476 753 1532; x_wconf 91' lang='lat' dir='ltr'>de</span> <span class='ocrx_word' id='word_1_97' title='bbox 776 1476 935 1548; x_wconf 89' lang='lat' dir='ltr'>Zagrabia‚</span> <span class='ocrx_word' id='word_1_98' title='bbox 960 1492 1017 1549; x_wconf 92' lang='lat' dir='ltr'>pro</span> <span class='ocrx_word' id='word_1_99' title='bbox 1041 1477 1180 1549; x_wconf 91' lang='lat' dir='ltr'>ipsorum</span> <span class='ocrx_word' id='word_1_100' title='bbox 1208 1476 1354 1533; x_wconf 87' lang='lat' dir='ltr'>fidelibus</span> <span class='ocrx_word' id='word_1_101' title='bbox 1370 1477 1508 1533; x_wconf 88' lang='lat' dir='ltr'>serviciis</span> 
     </span>
     <span class='ocr_line' id='line_1_12' title="bbox 248 1581 1511 1655; baseline -0.001 -17"><span class='ocrx_word' id='word_1_102' title='bbox 248 1581 314 1638; x_wconf 90' lang='lat' dir='ltr'>iure</span> <span class='ocrx_word' id='word_1_103' title='bbox 338 1583 466 1655; x_wconf 91' lang='lat' dir='ltr'>proprio</span> <span class='ocrx_word' id='word_1_104' title='bbox 490 1583 732 1640; x_wconf 84' lang='lat' dir='ltr'>contullerimus</span> <span class='ocrx_word' id='word_1_105' title='bbox 767 1582 839 1639; x_wconf 92' lang='lat' dir='ltr'>Ideo</span> <span class='ocrx_word' id='word_1_106' title='bbox 862 1581 1004 1638; x_wconf 89' lang='lat' dir='ltr'>fidelitati</span> <span class='ocrx_word' id='word_1_107' title='bbox 1032 1587 1133 1638; x_wconf 84' lang='lat' dir='ltr'>vestre</span> <span class='ocrx_word' id='word_1_108' title='bbox 1156 1581 1289 1638; x_wconf 90' lang='lat' dir='ltr'>firmiter</span> <span class='ocrx_word' id='word_1_109' title='bbox 1312 1581 1511 1655; x_wconf 87' lang='lat' dir='ltr'>precipiendo</span> 
     </span>
     <span class='ocr_line' id='line_1_13' title="bbox 248 1687 1515 1761; baseline -0.002 -17"><span class='ocrx_word' id='word_1_110' title='bbox 248 1687 440 1760; x_wconf 69' lang='lat' dir='ltr'>mandamus</span> <span class='ocrx_word' id='word_1_111' title='bbox 464 1695 615 1761; x_wconf 88' lang='lat' dir='ltr'>quatenus</span> <span class='ocrx_word' id='word_1_112' title='bbox 640 1688 775 1761; x_wconf 84' lang='lat' dir='ltr'>prelatos</span> <span class='ocrx_word' id='word_1_113' title='bbox 806 1689 889 1745; x_wconf 90' lang='lat' dir='ltr'>cives</span> <span class='ocrx_word' id='word_1_114' title='bbox 920 1695 1041 1745; x_wconf 90' lang='lat' dir='ltr'>nostros</span> <span class='ocrx_word' id='word_1_115' title='bbox 1073 1704 1108 1745; x_wconf 92' lang='lat' dir='ltr'>ac</span> <span class='ocrx_word' id='word_1_116' title='bbox 1138 1703 1245 1745; x_wconf 91' lang='lat' dir='ltr'>eorum</span> <span class='ocrx_word' id='word_1_117' title='bbox 1278 1688 1456 1758; x_wconf 86' lang='lat' dir='ltr'>iobagiones</span> <span class='ocrx_word' id='word_1_118' title='bbox 1484 1687 1515 1743; x_wconf 92' lang='lat' dir='ltr'>in</span> 
     </span>
     <span class='ocr_line' id='line_1_14' title="bbox 248 1792 1511 1868; baseline -0.002 -17"><span class='ocrx_word' id='word_1_119' title='bbox 248 1793 395 1868; x_wconf 88' lang='lat' dir='ltr'>predictis</span> <span class='ocrx_word' id='word_1_120' title='bbox 417 1795 663 1868; x_wconf 87' lang='lat' dir='ltr'>possessionibus</span> <span class='ocrx_word' id='word_1_121' title='bbox 693 1800 919 1851; x_wconf 85' lang='lat' dir='ltr'>commorantes</span> <span class='ocrx_word' id='word_1_122' title='bbox 950 1795 980 1851; x_wconf 93' lang='lat' dir='ltr'>in</span> <span class='ocrx_word' id='word_1_123' title='bbox 1011 1794 1100 1851; x_wconf 92' lang='lat' dir='ltr'>nullo</span> <span class='ocrx_word' id='word_1_124' title='bbox 1132 1792 1270 1866; x_wconf 89' lang='lat' dir='ltr'>inpedire</span> <span class='ocrx_word' id='word_1_125' title='bbox 1302 1799 1331 1850; x_wconf 92' lang='lat' dir='ltr'>et</span> <span class='ocrx_word' id='word_1_126' title='bbox 1362 1808 1511 1864; x_wconf 84' lang='lat' dir='ltr'>agravare</span> 
     </span>
    </p>
   </div>
   <div class='ocr_carea' id='block_1_3' title="bbox 157 1889 1513 1973">
    <p class='ocr_par' dir='ltr' id='par_1_3' title="bbox 157 1889 1513 1973">
     <span class='ocr_line' id='line_1_15' title="bbox 157 1889 1513 1973; baseline -0.003 -16"><span class='ocrx_word' id='word_1_127' title='bbox 157 1889 164 1901; x_wconf 78' lang='grc'><strong>’</strong></span> <span class='ocrx_word' id='word_1_128' title='bbox 248 1916 303 1957; x_wconf 90' lang='lat' dir='ltr'>nec</span> <span class='ocrx_word' id='word_1_129' title='bbox 327 1901 447 1972; x_wconf 88' lang='lat' dir='ltr'>aliquas</span> <span class='ocrx_word' id='word_1_130' title='bbox 471 1901 644 1958; x_wconf 90' lang='lat' dir='ltr'>soluciones</span> <span class='ocrx_word' id='word_1_131' title='bbox 667 1901 707 1957; x_wconf 92' lang='lat' dir='ltr'>ab</span> <span class='ocrx_word' id='word_1_132' title='bbox 731 1901 805 1973; x_wconf 87' lang='lat' dir='ltr'>ipsis</span> <span class='ocrx_word' id='word_1_133' title='bbox 829 1900 973 1973; x_wconf 84' lang='lat' dir='ltr'>recipere,</span> <span class='ocrx_word' id='word_1_134' title='bbox 998 1899 1051 1955; x_wconf 92' lang='lat' dir='ltr'>sed</span> <span class='ocrx_word' id='word_1_135' title='bbox 1083 1899 1208 1955; x_wconf 90' lang='lat' dir='ltr'>eosdem</span> <span class='ocrx_word' id='word_1_136' title='bbox 1240 1897 1377 1955; x_wconf 93' lang='lat' dir='ltr'>adinstar</span> <span class='ocrx_word' id='word_1_137' title='bbox 1399 1905 1513 1953; x_wconf 88' lang='lat' dir='ltr'>cetera·</span> 
     </span>
    </p>
   </div>
   <div class='ocr_carea' id='block_1_4' title="bbox 246 2004 1513 2510">
    <p class='ocr_par' dir='ltr' id='par_1_4' title="bbox 246 2004 1513 2510">
     <span class='ocr_line' id='line_1_16' title="bbox 248 2004 1513 2079; baseline -0.002 -17"><span class='ocrx_word' id='word_1_138' title='bbox 248 2022 318 2062; x_wconf 93' lang='lat' dir='ltr'>rum</span> <span class='ocrx_word' id='word_1_139' title='bbox 350 2006 578 2079; x_wconf 89' lang='lat' dir='ltr'>possessionum</span> <span class='ocrx_word' id='word_1_140' title='bbox 611 2021 718 2063; x_wconf 92' lang='lat' dir='ltr'>eorum</span> <span class='ocrx_word' id='word_1_141' title='bbox 750 2007 780 2062; x_wconf 90' lang='lat' dir='ltr'>in</span> <span class='ocrx_word' id='word_1_142' title='bbox 812 2005 949 2062; x_wconf 92' lang='lat' dir='ltr'>dominio</span> <span class='ocrx_word' id='word_1_143' title='bbox 979 2004 1158 2061; x_wconf 90' lang='lat' dir='ltr'>earumdem</span> <span class='ocrx_word' id='word_1_144' title='bbox 1190 2020 1299 2061; x_wconf 90' lang='lat' dir='ltr'>manus</span> <span class='ocrx_word' id='word_1_145' title='bbox 1330 2010 1448 2060; x_wconf 89' lang='lat' dir='ltr'>vestras</span> <span class='ocrx_word' id='word_1_146' title='bbox 1472 2004 1513 2059; x_wconf 93' lang='lat' dir='ltr'>ab</span> 
     </span>
     <span class='ocr_line' id='line_1_17' title="bbox 248 2110 1512 2183; baseline -0.003 -14"><span class='ocrx_word' id='word_1_147' title='bbox 248 2111 318 2169; x_wconf 90' lang='lat' dir='ltr'>inde</span> <span class='ocrx_word' id='word_1_148' title='bbox 351 2111 536 2169; x_wconf 87' lang='lat' dir='ltr'>ratrahendo</span> <span class='ocrx_word' id='word_1_149' title='bbox 560 2128 595 2168; x_wconf 92' lang='lat' dir='ltr'>ac</span> <span class='ocrx_word' id='word_1_150' title='bbox 618 2119 725 2169; x_wconf 91' lang='lat' dir='ltr'>contra</span> <span class='ocrx_word' id='word_1_151' title='bbox 754 2112 910 2183; x_wconf 90' lang='lat' dir='ltr'>quoslibet</span> <span class='ocrx_word' id='word_1_152' title='bbox 941 2110 1122 2183; x_wconf 88' lang='lat' dir='ltr'>indempnes</span> <span class='ocrx_word' id='word_1_153' title='bbox 1152 2127 1186 2166; x_wconf 92' lang='lat' dir='ltr'>ac</span> <span class='ocrx_word' id='word_1_154' title='bbox 1214 2111 1319 2166; x_wconf 90' lang='lat' dir='ltr'>illesos</span> <span class='ocrx_word' id='word_1_155' title='bbox 1343 2115 1512 2182; x_wconf 86' lang='lat' dir='ltr'>protegere,</span> 
     </span>
     <span class='ocr_line' id='line_1_18' title="bbox 248 2214 1508 2288; baseline -0.003 -14"><span class='ocrx_word' id='word_1_156' title='bbox 248 2233 430 2274; x_wconf 87' lang='lat' dir='ltr'>conservare</span> <span class='ocrx_word' id='word_1_157' title='bbox 453 2227 483 2274; x_wconf 87' lang='lat' dir='ltr'>et</span> <span class='ocrx_word' id='word_1_158' title='bbox 507 2224 704 2275; x_wconf 90' lang='lat' dir='ltr'>manutenere</span> <span class='ocrx_word' id='word_1_159' title='bbox 727 2217 865 2274; x_wconf 88' lang='lat' dir='ltr'>debeatis</span> <span class='ocrx_word' id='word_1_160' title='bbox 888 2217 1056 2274; x_wconf 88' lang='lat' dir='ltr'>maiestatis</span> <span class='ocrx_word' id='word_1_161' title='bbox 1079 2223 1182 2273; x_wconf 88' lang='lat' dir='ltr'>nostre</span> <span class='ocrx_word' id='word_1_162' title='bbox 1205 2217 1235 2272; x_wconf 91' lang='lat' dir='ltr'>in</span> <span class='ocrx_word' id='word_1_163' title='bbox 1260 2230 1406 2288; x_wconf 83' lang='lat' dir='ltr'>persona:</span> <span class='ocrx_word' id='word_1_164' title='bbox 1423 2214 1508 2271; x_wconf 92' lang='lat' dir='ltr'>aliud</span> 
     </span>
     <span class='ocr_line' id='line_1_19' title="bbox 248 2320 1510 2394; baseline -0.003 -15"><span class='ocrx_word' id='word_1_165' title='bbox 248 2322 348 2380; x_wconf 85' lang='lat' dir='ltr'>facere</span> <span class='ocrx_word' id='word_1_166' title='bbox 371 2339 431 2380; x_wconf 93' lang='lat' dir='ltr'>non</span> <span class='ocrx_word' id='word_1_167' title='bbox 455 2324 566 2380; x_wconf 91' lang='lat' dir='ltr'>ausuri.</span> <span class='ocrx_word' id='word_1_168' title='bbox 592 2324 707 2380; x_wconf 87' lang='lat' dir='ltr'>Datum</span> <span class='ocrx_word' id='word_1_169' title='bbox 730 2323 823 2394; x_wconf 86' lang='lat' dir='ltr'>Bude,</span> <span class='ocrx_word' id='word_1_170' title='bbox 847 2325 877 2380; x_wconf 95' lang='lat' dir='ltr'>in</span> <span class='ocrx_word' id='word_1_171' title='bbox 902 2323 1009 2394; x_wconf 88' lang='lat' dir='ltr'>vigilia</span> <span class='ocrx_word' id='word_1_172' title='bbox 1033 2322 1101 2378; x_wconf 86' lang='lat' dir='ltr'>festi</span> <span class='ocrx_word' id='word_1_173' title='bbox 1128 2324 1287 2378; x_wconf 89' lang='lat' dir='ltr'>beatorum</span> <span class='ocrx_word' id='word_1_174' title='bbox 1312 2320 1455 2392; x_wconf 87' lang='lat' dir='ltr'>Symonis</span> <span class='ocrx_word' id='word_1_175' title='bbox 1480 2325 1510 2375; x_wconf 90' lang='lat' dir='ltr'>et</span> 
     </span>
     <span class='ocr_line' id='line_1_20' title="bbox 246 2427 1320 2510; baseline -0.002 -25"><span class='ocrx_word' id='word_1_176' title='bbox 246 2428 334 2510; x_wconf 87' lang='lat' dir='ltr'>Jude,</span> <span class='ocrx_word' id='word_1_177' title='bbox 358 2428 581 2501; x_wconf 90' lang='lat' dir='ltr'>apostolorum.</span> <span class='ocrx_word' id='word_1_178' title='bbox 607 2432 696 2485; x_wconf 89' lang='lat' dir='ltr'>Anno</span> <span class='ocrx_word' id='word_1_179' title='bbox 718 2429 836 2485; x_wconf 91' lang='lat' dir='ltr'>domini</span> <span class='ocrx_word' id='word_1_180' title='bbox 863 2427 972 2485; x_wconf 86' lang='lat' dir='ltr'>MCCC</span> <span class='ocrx_word' id='word_1_181' title='bbox 996 2429 1195 2500; x_wconf 87' lang='lat' dir='ltr'>nonagesimo</span> <span class='ocrx_word' id='word_1_182' title='bbox 1219 2428 1320 2484; x_wconf 75' lang='lat' dir='ltr'>tercio,</span> 
     </span>
    </p>
   </div>
   <div class='ocr_carea' id='block_1_5' title="bbox 246 2596 1514 3103">
    <p class='ocr_par' dir='ltr' id='par_1_5' title="bbox 246 2596 1514 3103">
     <span class='ocr_line' id='line_1_21' title="bbox 337 2596 1514 2664; baseline -0.003 -17"><span class='ocrx_word' id='word_1_183' title='bbox 337 2598 477 2664; x_wconf 88' lang='lat' dir='ltr'>Originale</span> <span class='ocrx_word' id='word_1_184' title='bbox 503 2599 529 2647; x_wconf 92' lang='lat' dir='ltr'>in</span> <span class='ocrx_word' id='word_1_185' title='bbox 555 2598 653 2647; x_wconf 88' lang='lat' dir='ltr'>charta.</span> <span class='ocrx_word' id='word_1_186' title='bbox 682 2598 807 2664; x_wconf 84' lang='lat' dir='ltr'>Sigillum</span> <span class='ocrx_word' id='word_1_187' title='bbox 833 2599 904 2664; x_wconf 84' lang='lat' dir='ltr'>regis</span> <span class='ocrx_word' id='word_1_188' title='bbox 935 2598 1098 2662; x_wconf 89' lang='lat' dir='ltr'>impressum,</span> <span class='ocrx_word' id='word_1_189' title='bbox 1124 2599 1234 2662; x_wconf 85' lang='lat' dir='ltr'>pulchre</span> <span class='ocrx_word' id='word_1_190' title='bbox 1265 2601 1453 2645; x_wconf 90' lang='lat' dir='ltr'>conservatum.</span> <span class='ocrx_word' id='word_1_191' title='bbox 1484 2596 1514 2644; x_wconf 89' lang='lat' dir='ltr'>lu</span> 
     </span>
     <span class='ocr_line' id='line_1_22' title="bbox 248 2683 1510 2752; baseline -0.004 -15"><span class='ocrx_word' id='word_1_192' title='bbox 248 2688 357 2737; x_wconf 89' lang='lat' dir='ltr'>archivo</span> <span class='ocrx_word' id='word_1_193' title='bbox 376 2687 421 2736; x_wconf 92' lang='lat' dir='ltr'>lib.</span> <span class='ocrx_word' id='word_1_194' title='bbox 443 2702 497 2751; x_wconf 80' lang='lat' dir='ltr'>reg.</span> <span class='ocrx_word' id='word_1_195' title='bbox 517 2687 588 2735; x_wconf 89' lang='lat' dir='ltr'>civit.</span> <span class='ocrx_word' id='word_1_196' title='bbox 614 2687 718 2752; x_wconf 85' lang='lat' dir='ltr'>zagrab.</span> <span class='ocrx_word' id='word_1_197' title='bbox 746 2716 778 2724; x_wconf 87' lang='lat'><em>-</em></span> <span class='ocrx_word' id='word_1_198' title='bbox 805 2688 896 2735; x_wconf 82' lang='lat' dir='ltr'>Exstat</span> <span class='ocrx_word' id='word_1_199' title='bbox 920 2687 1000 2734; x_wconf 88' lang='lat' dir='ltr'>eciam</span> <span class='ocrx_word' id='word_1_200' title='bbox 1020 2686 1093 2734; x_wconf 87' lang='lat' dir='ltr'>aliud</span> <span class='ocrx_word' id='word_1_201' title='bbox 1117 2686 1142 2734; x_wconf 92' lang='lat' dir='ltr'>in</span> <span class='ocrx_word' id='word_1_202' title='bbox 1162 2692 1325 2748; x_wconf 87' lang='lat' dir='ltr'>transumpto</span> <span class='ocrx_word' id='word_1_203' title='bbox 1346 2683 1456 2748; x_wconf 86' lang='lat' dir='ltr'>capituli</span> <span class='ocrx_word' id='word_1_204' title='bbox 1471 2699 1510 2732; x_wconf 86' lang='lat' dir='ltr'>za·</span> 
     </span>
     <span class='ocr_line' id='line_1_23' title="bbox 246 2772 1511 2842; baseline -0.004 -18"><span class='ocrx_word' id='word_1_205' title='bbox 246 2776 401 2842; x_wconf 87' lang='lat' dir='ltr'>grabiensis,</span> <span class='ocrx_word' id='word_1_206' title='bbox 429 2775 491 2824; x_wconf 90' lang='lat' dir='ltr'>huic</span> <span class='ocrx_word' id='word_1_207' title='bbox 519 2790 566 2840; x_wconf 87' lang='lat' dir='ltr'>per</span> <span class='ocrx_word' id='word_1_208' title='bbox 593 2775 681 2824; x_wconf 88' lang='lat' dir='ltr'>omnia</span> <span class='ocrx_word' id='word_1_209' title='bbox 708 2774 843 2825; x_wconf 86' lang='lat' dir='ltr'>consimile</span> <span class='ocrx_word' id='word_1_210' title='bbox 870 2775 916 2823; x_wconf 92' lang='lat' dir='ltr'>tali</span> <span class='ocrx_word' id='word_1_211' title='bbox 943 2783 1030 2823; x_wconf 90' lang='lat' dir='ltr'>autem</span> <span class='ocrx_word' id='word_1_212' title='bbox 1059 2772 1218 2829; x_wconf 85' lang='lat' dir='ltr'>discrimine,</span> <span class='ocrx_word' id='word_1_213' title='bbox 1240 2773 1311 2835; x_wconf 90' lang='lat' dir='ltr'>quod</span> <span class='ocrx_word' id='word_1_214' title='bbox 1333 2780 1391 2836; x_wconf 87' lang='lat' dir='ltr'>post</span> <span class='ocrx_word' id='word_1_215' title='bbox 1418 2773 1511 2821; x_wconf 87' lang='lat' dir='ltr'>verba:</span> 
     </span>
     <span class='ocr_line' id='line_1_24' title="bbox 250 2860 1510 2925; baseline -0.003 -13"><span class='ocrx_word' id='word_1_216' title='bbox 250 2863 339 2920; x_wconf 87' lang='lat' dir='ltr'>„aliud</span> <span class='ocrx_word' id='word_1_217' title='bbox 359 2862 444 2912; x_wconf 85' lang='lat' dir='ltr'>iacere</span> <span class='ocrx_word' id='word_1_218' title='bbox 463 2879 513 2912; x_wconf 92' lang='lat' dir='ltr'>non</span> <span class='ocrx_word' id='word_1_219' title='bbox 533 2862 647 2918; x_wconf 76' lang='lat' dir='ltr'>ausuri“‚</span> <span class='ocrx_word' id='word_1_220' title='bbox 667 2862 787 2911; x_wconf 90' lang='lat' dir='ltr'>additum</span> <span class='ocrx_word' id='word_1_221' title='bbox 807 2869 852 2917; x_wconf 83' lang='lat' dir='ltr'>est,</span> <span class='ocrx_word' id='word_1_222' title='bbox 872 2872 897 2911; x_wconf 92' lang='lat' dir='ltr'>et</span> <span class='ocrx_word' id='word_1_223' title='bbox 916 2863 1036 2925; x_wconf 88' lang='lat' dir='ltr'>sequitur</span> <span class='ocrx_word' id='word_1_224' title='bbox 1056 2862 1106 2910; x_wconf 86' lang='lat' dir='ltr'>ita:</span> <span class='ocrx_word' id='word_1_225' title='bbox 1127 2863 1176 2919; x_wconf 79' lang='lat' dir='ltr'>„Et</span> <span class='ocrx_word' id='word_1_226' title='bbox 1189 2862 1239 2910; x_wconf 92' lang='lat' dir='ltr'>hoc</span> <span class='ocrx_word' id='word_1_227' title='bbox 1259 2861 1327 2910; x_wconf 90' lang='lat' dir='ltr'>idem</span> <span class='ocrx_word' id='word_1_228' title='bbox 1347 2860 1510 2924; x_wconf 80' lang='lat' dir='ltr'>iniungimus</span> 
     </span>
     <span class='ocr_line' id='line_1_25' title="bbox 248 2948 1513 3014; baseline -0.004 -14"><span class='ocrx_word' id='word_1_229' title='bbox 248 2950 345 3001; x_wconf 84' lang='lat' dir='ltr'>suturis</span> <span class='ocrx_word' id='word_1_230' title='bbox 365 2951 439 3001; x_wconf 88' lang='lat' dir='ltr'>banis</span> <span class='ocrx_word' id='word_1_231' title='bbox 458 2958 483 2999; x_wconf 91' lang='lat' dir='ltr'>et</span> <span class='ocrx_word' id='word_1_232' title='bbox 502 2951 643 3007; x_wconf 87' lang='lat' dir='ltr'>vicebanis,</span> <span class='ocrx_word' id='word_1_233' title='bbox 670 2952 761 3013; x_wconf 76' lang='lat' dir='ltr'>daptes</span> <span class='ocrx_word' id='word_1_234' title='bbox 787 2950 850 3014; x_wconf 91' lang='lat' dir='ltr'>ipsis</span> <span class='ocrx_word' id='word_1_235' title='bbox 876 2951 1007 3000; x_wconf 83' lang='lat' dir='ltr'>similibus</span> <span class='ocrx_word' id='word_1_236' title='bbox 1030 2951 1079 2999; x_wconf 90' lang='lat' dir='ltr'>sub</span> <span class='ocrx_word' id='word_1_237' title='bbox 1099 2949 1237 3014; x_wconf 85' lang='lat' dir='ltr'>preceptis.</span> <span class='ocrx_word' id='word_1_238' title='bbox 1263 2950 1360 2998; x_wconf 89' lang='lat' dir='ltr'>Datum</span> <span class='ocrx_word' id='word_1_239' title='bbox 1384 2948 1464 3002; x_wconf 87' lang='lat' dir='ltr'>Budc,</span> <span class='ocrx_word' id='word_1_240' title='bbox 1487 2948 1513 2996; x_wconf 93' lang='lat' dir='ltr'>in</span> 
     </span>
     <span class='ocr_line' id='line_1_26' title="bbox 248 3035 1512 3103; baseline -0.005 -13"><span class='ocrx_word' id='word_1_241' title='bbox 248 3040 314 3090; x_wconf 84' lang='lat' dir='ltr'>sesto</span> <span class='ocrx_word' id='word_1_242' title='bbox 328 3041 465 3089; x_wconf 88' lang='lat' dir='ltr'>beatorum</span> <span class='ocrx_word' id='word_1_243' title='bbox 479 3039 592 3089; x_wconf 91' lang='lat' dir='ltr'>Simonis</span> <span class='ocrx_word' id='word_1_244' title='bbox 606 3044 631 3087; x_wconf 85' lang='lat' dir='ltr'>et</span> <span class='ocrx_word' id='word_1_245' title='bbox 640 3040 707 3103; x_wconf 91' lang='lat' dir='ltr'>Jude</span> <span class='ocrx_word' id='word_1_246' title='bbox 718 3041 907 3103; x_wconf 90' lang='lat' dir='ltr'>apostolorum.</span> <span class='ocrx_word' id='word_1_247' title='bbox 918 3041 994 3087; x_wconf 81' lang='lat' dir='ltr'>Anno</span> <span class='ocrx_word' id='word_1_248' title='bbox 1005 3037 1106 3088; x_wconf 90' lang='lat' dir='ltr'>domini</span> <span class='ocrx_word' id='word_1_249' title='bbox 1118 3036 1211 3086; x_wconf 86' lang='lat' dir='ltr'>MCCC</span> <span class='ocrx_word' id='word_1_250' title='bbox 1223 3035 1391 3101; x_wconf 87' lang='lat' dir='ltr'>nonagesimo</span> <span class='ocrx_word' id='word_1_251' title='bbox 1405 3035 1512 3084; x_wconf 80' lang='lat' dir='ltr'>tercio.“</span> 
     </span>
    </p>
   </div>
   <div class='ocr_carea' id='block_1_6' title="bbox 834 3341 923 3408">
    <p class='ocr_par' dir='ltr' id='par_1_6' title="bbox 834 3341 923 3408">
     <span class='ocr_line' id='line_1_27' title="bbox 834 3341 923 3408; baseline 0 -3"><span class='ocrx_word' id='word_1_252' title='bbox 834 3341 923 3408; x_wconf 85' lang='lat'><strong>370.</strong></span> 
     </span>
    </p>
   </div>
   <div class='ocr_carea' id='block_1_7' title="bbox 353 3516 918 3582">
    <p class='ocr_par' dir='ltr' id='par_1_7' title="bbox 353 3516 918 3582">
     <span class='ocr_line' id='line_1_28' title="bbox 353 3516 918 3582; baseline -0.004 -15"><span class='ocrx_word' id='word_1_253' title='bbox 353 3520 429 3568; x_wconf 81' lang='lat' dir='ltr'>Anno</span> <span class='ocrx_word' id='word_1_254' title='bbox 452 3528 524 3580; x_wconf 69' lang='lat'>1394.</span> <span class='ocrx_word' id='word_1_255' title='bbox 549 3519 585 3568; x_wconf 91' lang='lat'>18.</span> <span class='ocrx_word' id='word_1_256' title='bbox 607 3516 742 3566; x_wconf 80' lang='lat' dir='ltr'>februarii.</span> <span class='ocrx_word' id='word_1_257' title='bbox 765 3517 918 3582; x_wconf 84' lang='lat' dir='ltr'>Zagrabiae.</span> 
     </span>
    </p>
   </div>
   <div class='ocr_carea' id='block_1_8' title="bbox 252 3659 1510 3735">
    <p class='ocr_par' dir='ltr' id='par_1_8' title="bbox 252 3659 1510 3735">
     <span class='ocr_line' id='line_1_29' title="bbox 252 3659 1510 3735; baseline -0.002 -17"><span class='ocrx_word' id='word_1_258' title='bbox 252 3663 377 3718; x_wconf 77' lang='lat' dir='ltr'>Thomas</span> <span class='ocrx_word' id='word_1_259' title='bbox 409 3664 568 3725; x_wconf 78' lang='lat' dir='ltr'>ut&#39;cebortus.</span> <span class='ocrx_word' id='word_1_260' title='bbox 595 3664 750 3735; x_wconf 77' lang='lat' dir='ltr'>capitulum</span> <span class='ocrx_word' id='word_1_261' title='bbox 778 3663 893 3734; x_wconf 79' lang='lat' dir='ltr'>zogmb.</span> <span class='ocrx_word' id='word_1_262' title='bbox 925 3672 958 3719; x_wconf 82' lang='lat' dir='ltr'>nt</span> <span class='ocrx_word' id='word_1_263' title='bbox 985 3671 1084 3718; x_wconf 77' lang='lat' dir='ltr'>corzlro</span> <span class='ocrx_word' id='word_1_264' title='bbox 1111 3662 1248 3727; x_wconf 79' lang='lat' dir='ltr'>Paulum,</span> <span class='ocrx_word' id='word_1_265' title='bbox 1263 3661 1362 3734; x_wconf 77' lang='lat' dir='ltr'>filium</span> <span class='ocrx_word' id='word_1_266' title='bbox 1383 3659 1510 3728; x_wconf 70' lang='lat' dir='ltr'>Musica,</span> 
     </span>
    </p>
   </div>
   <div class='ocr_carea' id='block_1_9' title="bbox 298 3749 1466 3842">
    <p class='ocr_par' dir='ltr' id='par_1_9' title="bbox 298 3749 1466 3842">
     <span class='ocr_line' id='line_1_30' title="bbox 298 3749 1466 3842; baseline -0.003 -18"><span class='ocrx_word' id='word_1_267' title='bbox 298 3771 351 3841; x_wconf 80' lang='lat' dir='ltr'>qui</span> <span class='ocrx_word' id='word_1_268' title='bbox 370 3770 519 3842; x_wconf 76' lang='lat' dir='ltr'>quenrrlam</span> <span class='ocrx_word' id='word_1_269' title='bbox 542 3769 689 3824; x_wconf 81' lang='lat' dir='ltr'>Anrlream</span> <span class='ocrx_word' id='word_1_270' title='bbox 714 3749 765 3824; x_wconf 69' lang='lat' dir='ltr'>Sz&#39;b</span> <span class='ocrx_word' id='word_1_271' title='bbox 787 3769 912 3841; x_wconf 71' lang='lat' dir='ltr'>arescendo</span> <span class='ocrx_word' id='word_1_272' title='bbox 935 3776 1129 3833; x_wconf 68' lang='lat' dir='ltr'>tractaverat,</span> <span class='ocrx_word' id='word_1_273' title='bbox 1149 3769 1341 3838; x_wconf 72' lang='lat' dir='ltr'>r‘nucstigaret,</span> <span class='ocrx_word' id='word_1_274' title='bbox 1358 3774 1466 3822; x_wconf 79' lang='lat' dir='ltr'>exorat.</span> 
     </span>
    </p>
   </div>
   <div class='ocr_carea' id='block_1_10' title="bbox 245 3929 1515 4848">
    <p class='ocr_par' dir='ltr' id='par_1_10' title="bbox 245 3929 1515 4848">
     <span class='ocr_line' id='line_1_31' title="bbox 336 3929 1515 4003; baseline -0.003 -16"><span class='ocrx_word' id='word_1_275' title='bbox 336 3932 451 3988; x_wconf 80' lang='lat' dir='ltr'>Amicis</span> <span class='ocrx_word' id='word_1_276' title='bbox 482 3933 545 3988; x_wconf 90' lang='lat' dir='ltr'>suis</span> <span class='ocrx_word' id='word_1_277' title='bbox 578 3931 762 3993; x_wconf 74' lang='lat' dir='ltr'>reverendis.</span> <span class='ocrx_word' id='word_1_278' title='bbox 794 3932 930 4003; x_wconf 88' lang='lat' dir='ltr'>capitulo</span> <span class='ocrx_word' id='word_1_279' title='bbox 961 3931 1087 3987; x_wconf 89' lang='lat' dir='ltr'>ecclesie</span> <span class='ocrx_word' id='word_1_280' title='bbox 1118 3930 1336 4000; x_wconf 74' lang='lat' dir='ltr'>zagrabiensis</span> <span class='ocrx_word' id='word_1_281' title='bbox 1369 3929 1515 3999; x_wconf 86' lang='lat' dir='ltr'>magister</span> 
     </span>
     <span class='ocr_line' id='line_1_32' title="bbox 246 4035 1512 4108; baseline -0.002 -16"><span class='ocrx_word' id='word_1_282' title='bbox 246 4038 390 4105; x_wconf 85' lang='lat' dir='ltr'>Thomas,</span> <span class='ocrx_word' id='word_1_283' title='bbox 415 4038 557 4106; x_wconf 90' lang='lat' dir='ltr'>vicarius,</span> <span class='ocrx_word' id='word_1_284' title='bbox 582 4038 747 4093; x_wconf 90' lang='lat' dir='ltr'>vicebanus</span> <span class='ocrx_word' id='word_1_285' title='bbox 771 4045 800 4092; x_wconf 92' lang='lat' dir='ltr'>et</span> <span class='ocrx_word' id='word_1_286' title='bbox 824 4053 926 4093; x_wconf 91' lang='lat' dir='ltr'>comes</span> <span class='ocrx_word' id='word_1_287' title='bbox 950 4037 1164 4108; x_wconf 78' lang='lat' dir='ltr'>zagrabiensis</span> <span class='ocrx_word' id='word_1_288' title='bbox 1181 4035 1352 4090; x_wconf 88' lang='lat' dir='ltr'>amiciciam</span> <span class='ocrx_word' id='word_1_289' title='bbox 1373 4041 1512 4106; x_wconf 90' lang='lat' dir='ltr'>paratam</span> 
     </span>
     <span class='ocr_line' id='line_1_33' title="bbox 246 4139 1510 4221; baseline -0.003 -24"><span class='ocrx_word' id='word_1_290' title='bbox 246 4158 316 4198; x_wconf 92' lang='lat' dir='ltr'>cum</span> <span class='ocrx_word' id='word_1_291' title='bbox 341 4143 463 4198; x_wconf 88' lang='lat' dir='ltr'>honore.</span> <span class='ocrx_word' id='word_1_292' title='bbox 490 4142 609 4198; x_wconf 85' lang='lat' dir='ltr'>Dicitur</span> <span class='ocrx_word' id='word_1_293' title='bbox 634 4143 722 4198; x_wconf 92' lang='lat' dir='ltr'>nobis</span> <span class='ocrx_word' id='word_1_294' title='bbox 747 4144 775 4197; x_wconf 93' lang='lat' dir='ltr'>in</span> <span class='ocrx_word' id='word_1_295' title='bbox 801 4143 940 4213; x_wconf 87' lang='lat' dir='ltr'>personis</span> <span class='ocrx_word' id='word_1_296' title='bbox 964 4140 1169 4214; x_wconf 87' lang='lat' dir='ltr'>providorum</span> <span class='ocrx_word' id='word_1_297' title='bbox 1194 4140 1333 4195; x_wconf 89' lang='lat' dir='ltr'>virorum</span> <span class='ocrx_word' id='word_1_298' title='bbox 1353 4139 1510 4221; x_wconf 87' lang='lat' dir='ltr'>Johannis,</span> 
     </span>
     <span class='ocr_line' id='line_1_34' title="bbox 246 4245 1511 4317; baseline -0.002 -14"><span class='ocrx_word' id='word_1_299' title='bbox 246 4246 304 4304; x_wconf 87' lang='lat' dir='ltr'>filii</span> <span class='ocrx_word' id='word_1_300' title='bbox 328 4247 424 4317; x_wconf 87' lang='lat' dir='ltr'>Pauli,</span> <span class='ocrx_word' id='word_1_301' title='bbox 448 4247 557 4304; x_wconf 91' lang='lat' dir='ltr'>iudicis</span> <span class='ocrx_word' id='word_1_302' title='bbox 580 4263 615 4303; x_wconf 89' lang='lat' dir='ltr'>ac</span> <span class='ocrx_word' id='word_1_303' title='bbox 638 4248 809 4304; x_wconf 90' lang='lat' dir='ltr'>iuratorum</span> <span class='ocrx_word' id='word_1_304' title='bbox 834 4253 862 4303; x_wconf 90' lang='lat' dir='ltr'>et</span> <span class='ocrx_word' id='word_1_305' title='bbox 888 4249 1100 4303; x_wconf 89' lang='lat' dir='ltr'>universorum</span> <span class='ocrx_word' id='word_1_306' title='bbox 1119 4247 1232 4301; x_wconf 88' lang='lat' dir='ltr'>civium</span> <span class='ocrx_word' id='word_1_307' title='bbox 1250 4246 1382 4301; x_wconf 89' lang='lat' dir='ltr'>civitatis</span> <span class='ocrx_word' id='word_1_308' title='bbox 1399 4245 1511 4301; x_wconf 86' lang='lat' dir='ltr'>montis</span> 
     </span>
     <span class='ocr_line' id='line_1_35' title="bbox 246 4347 1508 4425; baseline -0.002 -17"><span class='ocrx_word' id='word_1_309' title='bbox 246 4351 416 4420; x_wconf 74' lang='lat' dir='ltr'>GrecensiS,</span> <span class='ocrx_word' id='word_1_310' title='bbox 440 4353 598 4425; x_wconf 92' lang='lat' dir='ltr'>quomodo</span> <span class='ocrx_word' id='word_1_311' title='bbox 622 4353 742 4425; x_wconf 91' lang='lat' dir='ltr'>pridem</span> <span class='ocrx_word' id='word_1_312' title='bbox 768 4347 913 4425; x_wconf 81' lang='lat' dir='ltr'>magister</span> <span class='ocrx_word' id='word_1_313' title='bbox 937 4353 1059 4418; x_wconf 88' lang='lat' dir='ltr'>Paulus,</span> <span class='ocrx_word' id='word_1_314' title='bbox 1085 4352 1167 4407; x_wconf 83' lang='lat' dir='ltr'>filius</span> <span class='ocrx_word' id='word_1_315' title='bbox 1204 4352 1344 4407; x_wconf 87' lang='lat' dir='ltr'>llazthan</span> <span class='ocrx_word' id='word_1_316' title='bbox 1367 4349 1405 4406; x_wconf 93' lang='lat' dir='ltr'>de</span> <span class='ocrx_word' id='word_1_317' title='bbox 1430 4349 1508 4420; x_wconf 89' lang='lat' dir='ltr'>Chy-</span> 
     </span>
     <span class='ocr_line' id='line_1_36' title="bbox 245 4455 1510 4531; baseline -0.002 -18"><span class='ocrx_word' id='word_1_318' title='bbox 245 4459 331 4527; x_wconf 89' lang='lat' dir='ltr'>chan‚</span> <span class='ocrx_word' id='word_1_319' title='bbox 356 4459 522 4531; x_wconf 89' lang='lat' dir='ltr'>quemdam</span> <span class='ocrx_word' id='word_1_320' title='bbox 547 4460 648 4515; x_wconf 91' lang='lat' dir='ltr'>civem</span> <span class='ocrx_word' id='word_1_321' title='bbox 672 4459 821 4530; x_wconf 88' lang='lat' dir='ltr'>ipsorum,</span> <span class='ocrx_word' id='word_1_322' title='bbox 845 4459 989 4515; x_wconf 88' lang='lat' dir='ltr'>videlicet</span> <span class='ocrx_word' id='word_1_323' title='bbox 1012 4458 1112 4514; x_wconf 89' lang='lat' dir='ltr'>Endre</span> <span class='ocrx_word' id='word_1_324' title='bbox 1146 4456 1201 4513; x_wconf 87' lang='lat' dir='ltr'>Sib</span> <span class='ocrx_word' id='word_1_325' title='bbox 1225 4457 1351 4527; x_wconf 89' lang='lat' dir='ltr'>dictum,</span> <span class='ocrx_word' id='word_1_326' title='bbox 1376 4457 1406 4513; x_wconf 94' lang='lat' dir='ltr'>in</span> <span class='ocrx_word' id='word_1_327' title='bbox 1430 4455 1510 4513; x_wconf 90' lang='lat' dir='ltr'>dicta</span> 
     </span>
     <span class='ocr_line' id='line_1_37' title="bbox 247 4561 1511 4637; baseline -0.002 -18"><span class='ocrx_word' id='word_1_328' title='bbox 247 4562 393 4633; x_wconf 83' lang='lat' dir='ltr'>Chyehan</span> <span class='ocrx_word' id='word_1_329' title='bbox 417 4564 607 4637; x_wconf 90' lang='lat' dir='ltr'>reperiendo,</span> <span class='ocrx_word' id='word_1_330' title='bbox 631 4565 825 4636; x_wconf 89' lang='lat' dir='ltr'>captivasset,</span> <span class='ocrx_word' id='word_1_331' title='bbox 849 4570 1036 4636; x_wconf 84' lang='lat' dir='ltr'>captumque</span> <span class='ocrx_word' id='word_1_332' title='bbox 1061 4564 1090 4619; x_wconf 92' lang='lat' dir='ltr'>in</span> <span class='ocrx_word' id='word_1_333' title='bbox 1114 4564 1176 4619; x_wconf 88' lang='lat' dir='ltr'>suis</span> <span class='ocrx_word' id='word_1_334' title='bbox 1201 4562 1333 4619; x_wconf 89' lang='lat' dir='ltr'>vinculis</span> <span class='ocrx_word' id='word_1_335' title='bbox 1349 4563 1379 4618; x_wconf 93' lang='lat' dir='ltr'>in</span> <span class='ocrx_word' id='word_1_336' title='bbox 1396 4561 1511 4632; x_wconf 84' lang='lat' dir='ltr'>frigore</span> 
     </span>
     <span class='ocr_line' id='line_1_38' title="bbox 246 4668 1510 4740; baseline -0.001 -16"><span class='ocrx_word' id='word_1_337' title='bbox 246 4669 391 4725; x_wconf 89' lang='lat' dir='ltr'>tenuisset</span> <span class='ocrx_word' id='word_1_338' title='bbox 413 4677 443 4726; x_wconf 88' lang='lat' dir='ltr'>et</span> <span class='ocrx_word' id='word_1_339' title='bbox 466 4669 633 4726; x_wconf 91' lang='lat' dir='ltr'>crudeliter</span> <span class='ocrx_word' id='word_1_340' title='bbox 656 4671 836 4727; x_wconf 89' lang='lat' dir='ltr'>tormentari</span> <span class='ocrx_word' id='word_1_341' title='bbox 860 4670 988 4738; x_wconf 84' lang='lat' dir='ltr'>fecisset,</span> <span class='ocrx_word' id='word_1_342' title='bbox 1016 4676 1166 4740; x_wconf 87' lang='lat' dir='ltr'>quantum</span> <span class='ocrx_word' id='word_1_343' title='bbox 1190 4684 1244 4724; x_wconf 87' lang='lat' dir='ltr'>sue</span> <span class='ocrx_word' id='word_1_344' title='bbox 1268 4668 1434 4740; x_wconf 86' lang='lat' dir='ltr'>placuisset</span> <span class='ocrx_word' id='word_1_345' title='bbox 1458 4683 1510 4723; x_wconf 95' lang='lat' dir='ltr'>vo·</span> 
     </span>
     <span class='ocr_line' id='line_1_39' title="bbox 245 4773 1510 4848; baseline 0.001 -19"><span class='ocrx_word' id='word_1_346' title='bbox 245 4774 341 4843; x_wconf 89' lang='lat' dir='ltr'>lutati,</span> <span class='ocrx_word' id='word_1_347' title='bbox 373 4782 401 4831; x_wconf 92' lang='lat' dir='ltr'>et</span> <span class='ocrx_word' id='word_1_348' title='bbox 426 4774 549 4832; x_wconf 85' lang='lat' dir='ltr'>tandem</span> <span class='ocrx_word' id='word_1_349' title='bbox 568 4774 701 4832; x_wconf 89' lang='lat' dir='ltr'>eundem</span> <span class='ocrx_word' id='word_1_350' title='bbox 717 4776 817 4834; x_wconf 84' lang='lat' dir='ltr'>Endre</span> <span class='ocrx_word' id='word_1_351' title='bbox 840 4777 871 4832; x_wconf 93' lang='lat' dir='ltr'>in</span> <span class='ocrx_word' id='word_1_352' title='bbox 894 4776 999 4848; x_wconf 93' lang='lat' dir='ltr'>aliqua</span> <span class='ocrx_word' id='word_1_353' title='bbox 1016 4775 1185 4847; x_wconf 91' lang='lat' dir='ltr'>quantitate</span> <span class='ocrx_word' id='word_1_354' title='bbox 1203 4774 1331 4847; x_wconf 91' lang='lat' dir='ltr'>pecunie</span> <span class='ocrx_word' id='word_1_355' title='bbox 1347 4773 1510 4846; x_wconf 89' lang='lat' dir='ltr'>pactando,</span> 
     </span>
    </p>
   </div>
   <div class='ocr_carea' id='block_1_11' title="bbox 0 0 1748 5242">
    <p class='ocr_par' dir='ltr' id='par_1_11' title="bbox 0 0 1748 5242">
     <span class='ocr_line' id='line_1_40' title="bbox 0 0 1748 5242; baseline 0 0"><span class='ocrx_word' id='word_1_356' title='bbox 0 0 1748 5242; x_wconf 95' lang='lat' dir='ltr'> </span> 
     </span>
    </p>
   </div>
  </div>
 </body>
</html>
