3488 5242
654 354 727 411 Doc.
752 349 801 410 18.
829 388 864 396 -
890 355 946 412 An.
971 370 1059 433 1242.
1455 375 1491 430 ι’]

1065 463 1132 469 -.-...
1140 463 1490 471 ————-—--..-—--—--

224 555 353 611 consilio
376 555 491 611 civium
516 553 554 610 ad
579 554 637 611 hoc
661 552 833 627 deputatos,
856 554 1046 627 pauperibus
1068 560 1097 611 et
1121 556 1248 613 ecclesie
1264 554 1403 612 eiusdem
1419 557 1493 613 civi-

224 661 295 716 tatis
318 660 552 729 distribuantur,
577 660 670 717 tercia
694 675 769 717 vero
794 675 866 733 pars
887 659 926 716 ad
951 660 1117 717 utilitatem
1141 661 1274 718 civitatis
1305 666 1488 718 reservetur.

223 765 309 836 Item,
342 767 520 836 statuimus
553 765 636 838 quod
672 767 702 823 in
733 766 842 822 eadem
874 767 997 823 civitate
1028 766 1131 823 sorum
1162 767 1337 839 sollempne
1368 765 1491 824 duobus

224 871 333 929 diebus
358 873 386 929 in
411 871 594 940 ebdomada,
611 871 756 928 videlicet
775 871 825 928 die
848 871 932 928 Lune
956 878 986 929 et
1009 871 1058 928 dle
1073 872 1161 954 Jouis
1177 873 1360 941 celebretur,
1377 877 1407 929 et
1422 888 1492 946 pre·

224 985 307 1034 terea
331 977 433 1035 lorum
458 977 659 1034 cottidianum
690 977 815 1034 cottidie
845 978 1003 1035 habeatur.
1035 977 1227 1036 Universitas
1259 992 1334 1035 vero
1357 979 1498 1036 civitatis·

223 1084 400 1157 supradicte
422 1085 511 1141 nobis
536 1089 655 1141 tenetur
677 1083 715 1140 ad
738 1084 863 1141 servitia
893 1083 1097 1156 infrascripta.
1123 1082 1203 1140 Cum
1230 1084 1313 1140 enlm
1328 1099 1384 1141 rex
1407 1084 1493 1141 Hun-

222 1191 307 1262 garie
330 1190 559 1263 expeditionem
582 1189 622 1247 ad
645 1197 749 1264 partes
773 1190 944 1247 maritimas
975 1190 1025 1247 vel
1051 1190 1242 1248 Carinthiam
1265 1191 1317 1247 vel
1333 1191 1494 1248 Austriam

224 1295 324 1353 facere
349 1297 491 1364 voluerit,
516 1296 588 1353 dicti
613 1296 695 1352 cives
719 1295 824 1352 decem
848 1297 964 1353 milites
987 1297 1109 1354 mittere
1126 1301 1285 1354 teneantur
1301 1311 1370 1354 curn
1395 1297 1490 1354 armis

226 1402 414 1458 militaribus
438 1407 613 1475 apparatos.
641 1401 784 1458 Preterea
812 1401 938 1459 domino
969 1403 1035 1474 regi
1067 1401 1191 1474 quando
1221 1403 1325 1475 ipsum
1348 1403 1425 1459 illuc
1447 1404 1493 1461 ire

223 1509 394 1579 contigerit,
418 1507 531 1564 debent
556 1507 630 1564 dare
654 1522 711 1580 pro
734 1507 866 1580 prandio
890 1507 1055 1564 duodecim
1070 1507 1176 1576 boves,
1193 1508 1282 1564 mille
1297 1523 1400 1581 panes,
1418 1523 1492 1580 qua-

225 1623 294 1671 tuor
319 1615 453 1672 tunellas
477 1616 550 1672 vini.
573 1614 651 1671 Duci
676 1621 778 1671 autem
803 1616 896 1672 totius
918 1612 1089 1682 Sclauonie‚
1113 1614 1138 1671 si
1162 1614 1200 1670 sit
1230 1612 1268 1670 de
1292 1614 1381 1687 prole
1404 1615 1491 1687 regia

223 1718 421 1777 medietatem
445 1721 658 1793 predictorum
680 1719 754 1777 dare
779 1727 925 1777 tenentur.
957 1719 1040 1778 Bano
1071 1734 1146 1776 vero
1174 1733 1232 1793 pro
1255 1725 1395 1793 tempore
1419 1735 1490 1778 con·

223 1827 337 1895 stituto,
362 1843 417 1883 nec
441 1834 543 1883 tamen
568 1827 728 1895 viceban0,
752 1826 849 1883 nichil
872 1825 957 1883 aliud
977 1826 1108 1895 solvere,
1132 1826 1189 1882 nisi
1213 1826 1245 1883 in
1268 1826 1422 1899 principio
1446 1827 1490 1883 in·

224 1932 332 1988 troitus
355 1933 403 1989 sui
428 1933 569 2002 banatus,
593 1944 690 1990 unum
712 1933 835 2001 bovem,
857 1938 980 1990 centum
1003 1947 1108 2005 panes,
1125 1931 1279 1988 tunellam
1301 1946 1396 1988 unam
1420 1931 1485 1990 vini

222 2039 320 2094 semel
344 2038 493 2110 quamdiu
520 2039 680 2097 duraverit
702 2041 732 2096 in
757 2039 912 2097 banatum.
937 2037 1015 2097 Sane
1039 2039 1080 2095 ab
1103 2038 1248 2095 omnibus
1272 2038 1338 2096 istis
1354 2038 1489 2096 servitiis

223 2160 319 2216 usque
344 2146 590 2217 quinquennium
614 2155 703 2203 erunt
726 2147 817 2202 liberi
841 2153 871 2202 et
894 2146 1065 2214 immunes;
1090 2151 1243 2202 transacto
1273 2146 1490 2218 quinquennio,

222 2250 415 2307 tenebuntur.
440 2251 526 2320 ltem,
551 2251 644 2308 iidem
669 2253 752 2308 cives
776 2250 936 2308 voluntate
959 2257 1128 2325 spontanea
1144 2266 1238 2324 super
1260 2267 1292 2308 se
1315 2265 1490 2324 assumpse-

221 2362 301 2425 runt,
325 2357 408 2428 quod
433 2359 576 2430 expensis
600 2358 736 2431 propriis
759 2356 878 2414 dictum
902 2362 1041 2415 montem
1065 2355 1166 2415 Grech
1192 2371 1283 2414 muro
1308 2356 1491 2415 firmissimo

222 2463 456 2519 communirent.
481 2463 529 2520 Ad
555 2464 808 2521 sustentationem
833 2469 937 2519 autem
968 2463 1129 2536 hospitum
1162 2464 1192 2519 in
1222 2461 1363 2536 predicto
1386 2467 1491 2519 monte

222 2569 426 2626 habitantium
452 2569 596 2627 dedimus
620 2576 734 2626 terram
759 2569 840 2626 circa
863 2569 996 2627 eundem
1023 2579 1162 2627 montem
1189 2569 1300 2639 Grech,
1324 2576 1490 2627 statuentes

222 2689 289 2730 eam
314 2689 370 2747 per
394 2675 542 2731 dilectum
567 2691 602 2731 ac
624 2674 753 2732 fidelem
777 2683 918 2733 nostrum
941 2675 1116 2733 Dionlsium
1149 2677 1265 2732 hanum
1288 2677 1382 2733 totius
1405 2672 1489 2733 Scla-

222 2781 311 2837 uonie
336 2780 452 2837 eisdem
476 2781 652 2854 hospitibus
676 2782 734 2838 sub
758 2783 848 2839 certis
872 2781 962 2838 metis
986 2790 1016 2837 et
1039 2780 1190 2839 distinctis
1217 2787 1368 2854 perpetuo
1391 2780 1490 2853 possi·

222 2885 372 2955 dendam;
396 2888 482 2944 cuius
506 2893 587 2943 terre
610 2891 691 2944 mete
714 2887 758 2943 sic
782 2886 914 2943 vadunt:
940 2886 1043 2943 Prima
1066 2894 1149 2943 meta
1172 2887 1263 2943 estin
1280 2893 1371 2959 portu
1388 2883 1487 2957 Sawe,

223 2993 275 3063 qui
298 2992 483 3064 Kyralrewy
515 2992 634 3060 dicitur,
667 2993 752 3049 iuxta
783 3007 927 3064 magnam
963 2993 1055 3053 viam.
1085 3001 1115 3049 et
1146 3008 1201 3066 per
1232 2992 1362 3050 eandem
1391 2991 1489 3050 tendit

223 3114 318 3170 usque
342 3098 380 3155 ad
405 3101 509 3155 rivum
533 3100 586 3170 qui
609 3098 726 3169 Zoysca
748 3098 869 3168 dicitur,
892 3114 984 3170 quem
1005 3100 1110 3155 rivum
1134 3100 1241 3156 transit
1266 3115 1322 3172 per
1342 3105 1486 3172 pontem;

222 3204 333 3262 deinde
358 3221 413 3277 per
437 3205 565 3262 eandem
591 3206 674 3262 viam
707 3205 803 3262 tendit
831 3221 938 3262 versus
969 3206 1156 3277 aquilonem,
1188 3207 1338 3263 transiens
1358 3220 1486 3278 aquam,

222 3326 281 3382 que
305 3310 427 3368 Malaka
451 3311 570 3380 dicitur,
595 3321 625 3368 et
648 3313 789 3384 pervenit
812 3311 852 3368 ad
875 3312 1089 3381 monticulum,
1114 3313 1199 3368 iuxta
1215 3327 1309 3384 quern
1332 3318 1378 3368 est
1407 3318 1490 3368 meta

222 3423 329 3484 terrea,
355 3434 413 3489 que
437 3416 547 3474 dividit
572 3425 686 3473 terram
717 3417 907 3490 populorum
939 3419 1020 3489 regis
1043 3432 1061 3473 a
1085 3424 1171 3491 parte
1195 3418 1354 3486 orientali;
1377 3416 1490 3476 deinde

223 3524 372 3579 transiens
396 3523 549 3579 minorem
574 3522 737 3590 hlalalram,
769 3524 910 3595 pervenit
941 3522 981 3579 ad
1013 3537 1159 3594 magnam
1191 3523 1284 3592 riam,
1309 3537 1369 3594 que
1392 3523 1490 3594 vulgo

222 3626 357 3683 Ettewen
382 3627 502 3696 dicitur,
527 3644 583 3700 per
607 3644 701 3699 quam
727 3628 850 3686 veniens
873 3630 1015 3701 pervenit
1039 3627 1078 3684 ad
1102 3629 1207 3685 rivum
1223 3627 1429 3699 Cyrkuenich,
1445 3628 1490 3686 ibi

221 3741 266 3789 est
289 3749 375 3806 pons,
400 3735 470 3791 hinc
494 3736 636 3807 superius
660 3751 716 3807 per
739 3734 871 3792 eundern
895 3736 999 3792 rivum
1016 3737 1101 3792 iuxta
1116 3743 1254 3792 montem
1275 3734 1386 3805 Grech,
1403 3735 1489 3793 vadit

221 3839 336 3896 directe
370 3855 476 3896 versus
507 3841 685 3911 aquilonem
719 3842 867 3907 metatim
901 3840 1027 3898 tendens
1058 3840 1100 3897 ad
1131 3840 1257 3910 fontem,
1289 3843 1342 3913 qui
1377 3841 1489 3899 dicitur

221 3946 388 4017 Cubulkut‚
414 3949 497 4003 iuxta
521 3964 612 4019 quern
637 3955 682 4004 est
706 3957 787 4004 meta
813 3958 920 4016 terrea,
952 3964 970 4004 a
1000 3924 1063 4019 quo
1094 3949 1236 4021 superius
1268 3963 1324 4020 per
1349 3948 1488 4005 rivulum

221 4052 424 4124 Cyrkuenych
447 4069 552 4109 versus
576 4053 753 4125 aquilonem
778 4054 919 4127 pervenit
943 4053 981 4110 ad
1006 4054 1154 4122 rivulum,
1171 4055 1224 4126 qui
1241 4053 1353 4111 dicitur
1376 4053 1488 4126 Zopot·

222 4158 300 4228 hilca,
323 4160 394 4216 hinc
419 4161 567 4216 transiens
592 4159 796 4216 monticulum
821 4159 902 4216 cadit
925 4161 954 4216 in
979 4159 1134 4231 quandam
1161 4161 1286 4230 vallem,
1311 4176 1487 4233 perquam

220 4266 327 4321 transit
348 4267 376 4323 ln
395 4267 542 4329 rivulum,
557 4267 609 4336 qui
627 4265 739 4323 dicitur
756 4266 892 4338 Lomzlry
917 4266 1020 4338 poton,
1037 4265 1299 4324 deindeascendit
1316 4266 1353 4323 ad
1372 4273 1487 4324 metam

221 4373 349 4443 capituli
373 4372 587 4443 zagrabiensis‚
619 4373 716 4428 altera
746 4379 791 4428 est
822 4373 979 4445 hospitum
1010 4371 1049 4429 de
1079 4371 1190 4441 Grech,
1224 4372 1318 4430 tercia
1346 4369 1485 4431 filiorum

220 4475 350 4533 Dobcha
374 4477 412 4533 de
435 4493 545 4547 genere
571 4479 653 4548 :lga;
677 4476 788 4534 deinde
812 4477 954 4550 procedit
977 4477 1016 4534 ad
1039 4493 1185 4535 cacumen
1208 4477 1347 4536 eiusdem
1364 4479 1486 4547 montis,

222 4585 376 4641 vocabulo
402 4585 620 4653 hledwenicha,
645 4601 752 4641 versus
776 4583 975 4654 occidentem,
999 4591 1029 4641 et
1059 4585 1200 4658 pervenit
1224 4583 1264 4640 ad
1287 4589 1401 4641 metam
1425 4583 1486 4642 fill·

221 4705 310 4746 orum
343 4691 464 4755 Micula,
496 4707 556 4762 que
584 4690 766 4748 Plesiwicha
798 4689 919 4756 dicitur,
950 4691 1037 4747 iuxta
1067 4705 1161 4762 quem
1191 4696 1238 4747 est
1267 4695 1349 4746 meta
1377 4695 1485 4758 terrea,

220 4794 329 4852 deinde
353 4794 539 4852 transcendit
562 4811 580 4853 a
603 4797 761 4854 cacumine
793 4794 932 4854 eiusdem
962 4796 1077 4853 montis
1108 4810 1217 4853 versus
1247 4801 1369 4869 partem
1393 4795 1485 4853 meri·

1362 4909 1381 4963 2
