3480 5264
240 308 301 386 264
653 307 727 364 Doc.
751 316 820 383 273.
847 338 884 349 -
910 306 966 364 An.
991 315 1077 383 1377.

234 507 324 581 gravi
346 522 419 564 cum
442 505 577 579 querela,
608 504 691 577 quod
723 505 907 563 honorabile
937 504 1109 577 capitulum
1142 504 1269 562 ecclesie
1291 502 1500 576 zagrabiensis

235 617 341 670 contra
364 612 536 685 predictam
559 611 716 668 civitatem
741 610 947 683 conspirasset
970 609 1111 682 nequicia
1135 609 1335 682 precogitata,
1356 623 1391 665 ac
1410 609 1436 666 si
1452 625 1499 667 es·

235 724 302 776 sent
326 717 467 775 infideles
490 717 576 789 regni
599 723 629 773 et
652 717 735 789 regie
756 716 941 785 maiestatis;
965 707 1061 794 (nam)
1092 730 1172 772 anno
1203 715 1233 772 in
1263 717 1398 788 presenti
1421 722 1498 772 tem-

235 839 311 897 pore
333 823 489 881 vindemie
513 824 575 880 tale
598 828 745 880 statutum
770 827 800 880 et
823 822 958 879 edictum
981 822 1060 879 inter
1083 838 1115 878 se
1139 820 1339 892 ordinassent,
1372 868 1377 878 .
1401 867 1407 878 .
1432 867 1465 879 ..
1491 868 1497 880 .

235 929 435 1001 iobagionum
458 933 488 985 et
512 929 692 986 colonorum
717 962 740 986 .·
748 973 875 985 .....
903 927 1133 985 interdixissent
1163 973 1292 985 .....
1316 926 1354 985 ad
1378 926 1498 1001 predic·

235 1040 298 1091 tam
322 1034 529 1092 Grechensem
553 1034 718 1105 civitatem,
742 1040 834 1107 prout
856 1033 1040 1106 abantiquo
1058 1032 1164 1090 fuisset
1183 1038 1362 1090 consvetum
1386 1038 1416 1090 et
1439 1034 1498 1091 hoc

235 1141 293 1198 sub
327 1155 405 1213 pena
437 1140 543 1196 decem
576 1141 776 1197 marcharum
802 1140 998 1196 denariorum
1023 1138 1211 1209 indixissent,
1242 1140 1385 1210 dicentes,
1412 1139 1496 1213 quod

234 1246 311 1303 alias
335 1261 531 1318 quocumque
556 1246 672 1303 vellent
694 1246 825 1303 liberam
851 1246 998 1302 haberent
1022 1245 1215 1302 conducendi
1234 1244 1429 1315 facultatem;
1453 1247 1497 1303 in·

236 1351 371 1409 hibendo
395 1350 518 1408 eosdem
543 1351 678 1421 colonos,
703 1351 788 1424 quod
812 1350 917 1408 debita
941 1351 1126 1408 debentibus
1150 1351 1289 1408 eiusdem
1313 1351 1498 1411 Grechensis

235 1458 368 1516 civitatis
391 1474 462 1515 cum
486 1473 567 1515 novo
590 1459 661 1516 anni
684 1459 833 1531 presentis
850 1459 931 1528 vino,
947 1474 1046 1530 neque
1066 1473 1136 1515 curn
1153 1459 1284 1531 pecunia
1299 1474 1355 1532 per
1371 1458 1496 1516 eosdem

235 1566 317 1621 cives
341 1564 412 1621 data
435 1569 465 1621 et
487 1579 630 1621 concessa
653 1565 839 1638 persolvetis
863 1579 917 1621 nec
941 1563 1015 1621 dare
1040 1564 1169 1621 minime
1193 1565 1342 1622 teneretis.
1367 1564 1414 1622 De
1439 1566 1499 1623 hiis

234 1685 293 1727 non
318 1670 459 1740 contenti,
483 1670 669 1726 sedecimam
695 1670 757 1727 vini
781 1686 905 1743 semper
926 1675 1065 1743 tempore
1086 1669 1241 1727 vindemie
1259 1670 1403 1743 predicte,
1420 1670 1497 1728 Gre-

236 1775 338 1833 chensi
362 1776 478 1833 civitati
508 1776 549 1832 ab
579 1776 706 1848 antiquo
738 1777 980 1850 provenientem,
1004 1776 1078 1833 dare
1101 1783 1300 1845 recusassent,
1325 1777 1500 1849 quinimmo

234 1880 447 1938 fraudulenter
470 1882 571 1954 ipsam
602 1886 800 1955 usurpassent
833 1881 861 1939 in
893 1882 1009 1955 grande
1043 1882 1214 1955 dampnum
1243 1884 1340 1956 ipsius
1364 1884 1498 1941 civitatis

234 1993 264 2045 et
287 1988 444 2045 iacturam.
468 1988 513 2045 De
538 1987 684 2062 predictis
716 2004 774 2045 non
806 1987 1001 2059 sufficientes,
1026 1996 1136 2046 octavo
1161 1988 1210 2046 die
1235 1988 1304 2046 festi
1327 1990 1408 2046 beati
1433 1991 1499 2061 My-

234 2093 349 2150 chaelis
373 2093 550 2166 archangeli
573 2110 653 2151 nunc
677 2095 819 2168 proxime
842 2095 990 2168 preteriti,
1023 2096 1078 2153 ubi
1109 2095 1312 2152 decimatores
1342 2097 1405 2153 vini
1429 2113 1499 2170 pre·

234 2199 307 2257 dicti
328 2199 533 2272 zagrabiensis
557 2200 683 2273 capituli
708 2206 776 2256 ante
808 2207 931 2275 portam
960 2201 1139 2259 carnificum
1163 2202 1193 2258 in
1217 2200 1337 2259 koncha
1371 2249 1496 2262 .....

234 2305 596 2378 abbatis-consedissent,
621 2298 663 2383 (in
688 2300 854 2383 territorio)
877 2306 1060 2364 Grechensis
1084 2307 1225 2379 civitatis,
1249 2314 1278 2366 et
1302 2308 1376 2366 dum
1397 2310 1498 2382 ipsam

233 2411 385 2469 decimam
410 2412 474 2468 vini
497 2457 653 2469 ......
679 2413 782 2469 taliter
813 2419 1057 2485 congregassent,
1090 2413 1171 2470 clam
1195 2415 1337 2497 recedere
1361 2431 1420 2472 non
1444 2416 1498 2473 ha·

235 2518 349 2589 bentes,
374 2517 447 2590 quid
474 2518 573 2575 facere
597 2519 775 2589 voluissent,
796 2519 858 2575 duo
882 2535 969 2576 orrea
993 2526 1022 2575 et
1046 2536 1140 2576 unum
1166 2521 1326 2578 stabulum
1352 2521 1390 2578 de
1413 2538 1500 2579 man-

235 2622 307 2679 dato
331 2628 360 2680 et
384 2623 467 2680 iussu
491 2624 622 2697 predicti
646 2625 774 2697 capituli
805 2625 932 2681 ecclesie
962 2625 1175 2696 zagrabiensis,
1200 2642 1270 2682 cum
1295 2633 1404 2683 ventus
1427 2628 1498 2684 hor·

233 2731 335 2788 ribilis
359 2729 474 2801 luisset,
500 2731 711 2802 incendissent,
735 2732 788 2788 ubi
811 2737 932 2788 centum
950 2738 979 2788 et
995 2733 1189 2805 septuaginta
1206 2733 1329 2805 capecia
1352 2731 1499 2791 frumenti

234 2842 263 2894 et
286 2837 366 2895 milii
390 2836 530 2894 iecissent
553 2838 743 2894 concremari
766 2838 880 2894 civium
907 2837 1117 2909 predictorum
1127 2881 1498 2896 .............

233 2988 420 3001 .......
442 2943 559 3000 auxilio
582 2942 755 3000 advenisset
786 2988 791 2998 .
816 2988 821 2998 .
846 2988 851 2999 .
877 2988 882 2998 .
907 2988 912 2998 .
937 2989 942 2999 .
965 2989 970 2998 .
995 2989 1000 2999 .
1026 2989 1031 2999 .
1056 2989 1061 2999 .
1085 2990 1090 3000 .
1116 2990 1122 3000 .
1147 2991 1152 3001 .
1177 2990 1182 3000 .
1209 2990 1214 3001 .
1240 2991 1244 3000 .
1267 2946 1497 3015 convertissent,

233 3050 355 3122 penitus
378 3055 407 3105 et
431 3065 487 3122 per
510 3049 612 3105 omnia
636 3049 827 3121 preallegata
862 3049 969 3105 civitas
993 3047 1176 3106 Grechensis
1194 3050 1299 3107 fuisset
1328 3052 1498 3122 combusta,

233 3160 262 3212 et
286 3160 499 3223 concremata;
521 3155 574 3211 lite
596 3159 697 3211 tamen
730 3154 879 3226 pendente
910 3156 988 3211 inter
1019 3157 1109 3228 ipsos.
1142 3155 1242 3229 Super
1273 3174 1335 3229 quo
1363 3165 1499 3216 vestram

234 3276 381 3333 rogamus
405 3261 576 3318 amiciciam
602 3261 796 3333 presentibus
817 3260 989 3332 diligenter,
1013 3268 1163 3334 quatenus
1187 3279 1282 3320 unum
1299 3265 1351 3320 vel
1367 3264 1445 3321 duos
1461 3282 1499 3323 ex

233 3366 324 3423 vobis
348 3366 570 3435 transmittatis,
594 3366 647 3438 qui
671 3365 708 3422 ad
734 3366 904 3438 predictam
928 3368 1085 3424 civitatem
1109 3367 1147 3425 de
1171 3368 1321 3441 Zagrabia
1337 3378 1366 3427 et
1382 3370 1421 3426 ad
1438 3372 1499 3429 alia

236 3475 304 3530 loca
326 3472 505 3543 necessaria,
529 3472 648 3529 iusticia
672 3488 726 3544 pre
750 3472 848 3529 oculis
880 3472 1022 3529 habenda
1045 3479 1074 3529 et
1098 3475 1321 3532 conscienciose
1345 3477 1499 3548 accedant,

232 3579 285 3651 qui
309 3579 350 3635 ab
374 3580 518 3635 omnibus
541 3595 559 3636 a
583 3578 696 3651 quibus
719 3578 829 3634 decens
851 3584 880 3634 et
906 3586 1117 3651 opportunum
1150 3580 1241 3637 fuerit
1265 3582 1369 3653 palam
1393 3590 1423 3639 et
1450 3599 1500 3642 oc·

235 3684 316 3740 culte
340 3684 552 3756 investigando
576 3685 670 3741 sciant
695 3691 724 3741 et
750 3685 906 3756 inquirant
929 3684 967 3741 de
991 3687 1150 3758 premissis
1184 3688 1395 3745 omnimodam
1420 3693 1499 3748 veri·

235 3794 326 3844 tatem
352 3794 381 3846 et
405 3789 534 3847 eandem
559 3796 652 3863 prout
676 3790 766 3846 vobis
790 3790 900 3847 exinde
925 3791 1038 3848 veritas
1065 3794 1241 3863 constiterit,
1274 3795 1357 3867 regie
1380 3795 1500 3854 debetis

232 3894 402 3952 rescribere
436 3895 594 3953 maiestati.
630 3895 745 3952 Datum
775 3895 851 3952 feria
882 3903 968 3953 sexta
998 3898 1140 3969 proxima
1173 3903 1242 3955 ante
1274 3900 1385 3957 festum
1418 3904 1500 3960 beati

233 3999 319 4057 Galli
342 3999 533 4059 confessoris.
558 4004 646 4059 Anno
670 4002 787 4059 domini
813 4002 981 4059 millesimo
1006 4002 1168 4060 CCCLXX
1192 4006 1332 4079 septimo

320 4136 343 4185 E
363 4140 527 4201 transumpto
546 4137 663 4186 iudicum
683 4137 813 4187 nobilium
832 4137 971 4187 comitatus
989 4138 1092 4202 zagrab.
1111 4154 1178 4189 anno
1192 4142 1290 4190 eodem.
1306 4142 1499 4194 Documentum

234 4225 311 4276 valde
330 4240 443 4276 exesum.
1091 4221 1096 4231 ⁸
