3488 5242
251 306 903 421 Q-
929 306 985 364 An.
1011 299 1101 382 1396.

250 504 440 579 Quiquidem
461 505 605 563 Nicolaus
630 505 711 561 Heer
738 504 846 573 dictus,
877 502 915 559 ad
947 503 1097 576 premissa
1128 503 1171 559 sic
1200 507 1229 559 et
1259 502 1362 559 taliter
1384 514 1510 573 respon·

250 611 359 669 disset:
383 611 466 683 quod
490 610 573 668 idem
596 611 742 682 magister
764 611 927 692 johannes
944 609 1087 666 dominus
1107 625 1188 678 suus,
1204 608 1288 680 ipsas
1304 606 1512 680 possessiones

249 716 403 774 dictorum
434 717 548 773 civium
581 731 732 789 occupare
763 722 792 771 et
823 714 986 772 duodecim
1018 731 1054 771 ex
1087 714 1204 771 eisdem
1233 713 1354 771 civibus
1377 712 1513 769 detinere

248 825 386 880 iussisset
407 829 437 880 et
460 822 593 880 firmiter
616 821 717 880 eidem
741 822 944 878 commisisset
952 839 959 890 ;
983 828 1012 877 et
1035 819 1093 877 nisi
1110 820 1210 876 littere
1232 817 1371 876 eiusdem
1395 817 1513 874 domini

249 931 295 986 sui
319 930 379 986 sibi
403 930 433 986 in
458 929 546 986 brevi
570 933 710 1001 tempore
733 932 980 1001 apportarentur,
1004 924 1127 982 easdem
1148 925 1355 998 possessiones
1373 924 1512 996 ipsorum

249 1035 364 1092 civium
387 1049 539 1107 occupare
562 1039 593 1090 et
614 1032 653 1090 ad
677 1032 795 1090 dictum
818 1040 953 1089 castrum
976 1031 1069 1103 Selyn
1092 1031 1260 1105 applicare,
1288 1030 1413 1104 insuper
1436 1030 1512 1087 duo-

248 1141 348 1198 decim
378 1157 416 1197 ex
448 1140 565 1197 eisdem
596 1139 732 1196 detinere
761 1132 859 1196 'vellet
888 1144 918 1195 et
948 1139 1097 1194 niteretur
1126 1137 1254 1210 propria
1284 1151 1339 1193 sua
1371 1137 1512 1209 potencia

248 1246 409 1318 mediante,
434 1247 463 1304 in
489 1245 694 1321 preiudieium
718 1241 900 1303 eorumdem
923 1244 1015 1301 valde
1031 1258 1186 1315 magnum.
1211 1243 1326 1299 Datum
1354 1242 1511 1316 Zagrabie‚

249 1350 405 1409 dominico
428 1352 477 1409 dei
502 1353 646 1424 proximo
670 1356 739 1408 ante
763 1350 874 1408 festum
899 1351 981 1408 beati
1004 1349 1125 1406 Nicolai
1140 1347 1330 1406 confessoris.
1352 1349 1441 1406 Anno
1457 1348 1511 1406 do·

249 1457 325 1514 mini
349 1458 518 1515 millesimo
541 1457 619 1514 CCC
641 1457 840 1529 nonagesimo
864 1463 958 1513 sexto

339 1592 478 1658 Originale
497 1593 524 1641 in
544 1592 641 1651 charta,
661 1608 676 1642 a
696 1600 771 1658 tergo
790 1598 918 1657 apparent
937 1590 1050 1656 vestigia
1070 1592 1183 1641 duorum
1200 1591 1388 1657 impressorum
1409 1590 1510 1657 sigillo-

246 1695 312 1731 rum.
332 1680 362 1732 ln
381 1679 490 1732 archivo
510 1680 556 1731 lib.
576 1696 631 1746 reg.
652 1680 743 1731 civitat
770 1680 875 1746 zagrab.

833 1948 924 2014 393.

351 2111 426 2159 Anno
450 2110 523 2173 1396.
544 2119 585 2158 20.
606 2107 760 2158 decembris.
781 2106 935 2173 Zagrabiae.

245 2254 392 2312 fihcinorc
424 2254 626 2310 ›tortnullomm
651 2252 829 2309 dornmorum
851 2251 885 2308 de
907 2251 1031 2325 capitulo
1056 2253 1087 2308 in
1116 2252 1249 2309 suburbio
1277 2251 1401 2308 ctortulis
1437 2250 1509 2309 Gre-

284 2359 402 2429 clrcnst's,
424 2360 455 2415 in
479 2360 539 2416 vico
567 2357 805 2417 Theutonicorum
827 2357 909 2428 ilecto,
935 2375 1009 2431 quac
1024 2365 1275 2431 perpetraverant,
1297 2357 1471 2431 restruatur.

333 2521 397 2579 Nos
420 2521 566 2593 magister
587 2520 737 2578 Martinus
759 2520 847 2591 Ders,
869 2521 1038 2578 vicebanus
1061 2528 1091 2578 et
1114 2535 1216 2578 comes
1232 2519 1447 2592 zagrabiensis,
1472 2536 1508 2577 ac
1577 2595 1579 2599 Ι

245 2627 360 2684 iudices
390 2626 545 2684 nobilium
574 2625 713 2683 eiusdem
745 2620 915 2683 comitatus.
947 2626 1096 2683 Memorie
1127 2624 1389 2697 commendamus,
1424 2625 1508 2699 quod

244 2748 315 2790 cum
340 2747 396 2789 nos
420 2731 458 2788 ad
482 2733 646 2788 instantem
670 2732 855 2804 peticionem
877 2731 1083 2804 providorum
1107 2732 1245 2789 virorum
1270 2732 1367 2789 Marci
1390 2732 1508 2804 iudicis,

244 2840 415 2896 iuratorum
439 2846 469 2896 et
493 2839 709 2896 universorum
732 2838 847 2895 civium
872 2839 1004 2897 civitatis
1027 2839 1141 2896 montis
1173 2838 1356 2897 Grechensis
1384 2838 1422 2895 de
1453 2837 1507 2895 Za-

242 2945 360 3017 grabia,
384 2944 466 3015 luan,
491 2943 593 3001 filium
616 2943 759 3016 Gregorii
783 2949 812 3001 et
835 2944 962 3002 Petrum
984 2943 1087 3001 filium
1110 2943 1266 3018 Stephani,
1290 2944 1368 3002 duos
1391 2945 1508 3002 scilicet

243 3066 281 3107 ex
304 3050 394 3108 nobis
417 3051 571 3108 iudicibus
595 3051 749 3109 nobilium
773 3050 811 3108 ad
835 3051 1064 3124 infrascriptam
1082 3050 1316 3123 inquisicionem
1334 3049 1505 3108 faciendam

242 3156 379 3228 legitime
410 3155 664 3225 destinassemus;
696 3157 821 3214 tandem
851 3157 945 3215 iidem
976 3157 1086 3215 exinde
1116 3157 1155 3214 ad
1186 3173 1241 3215 nos
1272 3157 1389 3214 reversi
1416 3158 1506 3215 nobis

245 3262 417 3318 retulerunt
439 3262 496 3318 isto
520 3261 627 3319 modo:
652 3262 735 3334 quod
766 3264 826 3335 ipsi
856 3264 897 3320 ab
920 3264 1073 3335 omnibus
1097 3260 1208 3336 quibus
1232 3263 1334 3321 decuit
1357 3268 1386 3320 et
1410 3263 1505 3335 licuit,

242 3366 347 3439 palam
370 3372 400 3423 et
423 3368 542 3424 occulte
563 3367 728 3440 diligenter
751 3368 944 3441 inquirendo,
962 3370 1040 3426 hanc
1064 3368 1102 3425 de
1118 3368 1322 3441 infrascriptis
1345 3369 1505 3426 scivissent

242 3486 360 3528 meram
384 3477 414 3529 et
436 3472 648 3530 omnimodam
674 3475 845 3545 veritatem,
868 3474 951 3547 quod
966 3475 1120 3557 Johannes
1145 3475 1273 3548 Crispus
1296 3475 1334 3531 de
1358 3475 1503 3546 Kemluk,

240 3576 409 3648 Gregorius
433 3577 616 3650 dubicensis,
638 3580 794 3661 Johannes
825 3580 863 3637 de
895 3580 1051 3652 Vrbouch,
1083 3580 1199 3653 Symon
1230 3579 1268 3636 de
1299 3581 1421 3652 Waska,
1454 3582 1505 3663 Jo-

241 3682 355 3739 hannes
391 3681 588 3755 kathedralis,
620 3684 763 3742 Hinehko
794 3687 989 3756 chasmensis,
1028 3685 1202 3760 Stephanus
1240 3686 1445 3745 varasdiensis
1475 3694 1506 3745 et

240 3786 409 3859 Gregorius
431 3787 469 3845 de
494 3789 597 3861 Bexin,
622 3790 845 3862 archidiaconi;
868 3793 942 3850 item
961 3794 1116 3876 Johannes
1139 3793 1304 3864 Lanceloti‚
1325 3793 1505 3851 Benedictus

240 3890 278 3948 de
302 3893 452 3965 lfonozlo,
475 3894 644 3967 Gregorius
668 3896 706 3953 de
730 3897 836 3969 varas,
860 3898 1006 3955 Nicolaus
1030 3905 1059 3956 et
1082 3900 1160 3957 alter
1183 3898 1338 3971 Nicolaus,
1355 3901 1504 3973 Hungari‚

239 3998 388 4055 Martinus
413 4015 551 4072 magnus,
582 4001 738 4059 Barnabas
770 4003 910 4076 hfikonis,
942 4003 1123 4062 Benedictus
1153 4005 1270 4076 luanse,
1297 4005 1443 4064 Nicolaus
1466 4006 1504 4064 de

239 4103 377 4176 Kassina,
398 4105 535 4163 Thomas
558 4100 679 4186 (nepos)
702 4108 845 4180 custodis,
868 4109 988 4168 Blasius
1011 4116 1121 4181 custos,
1145 4111 1312 4182 Dyonisius
1335 4110 1373 4168 de
1395 4111 1503 4184 Crisi0‚

238 4207 412 4282 Stephanus
436 4212 599 4284 Hungarus
620 4219 649 4270 et
673 4214 780 4272 Petrus
800 4214 910 4289 Crispi,
928 4217 1072 4284 canonici,
1089 4232 1195 4289 ymmo
1211 4223 1311 4275 totum
1328 4219 1501 4291 capitulum

242 4315 368 4372 ecclesie
391 4318 596 4388 zagrabiensis
619 4320 757 4378 unanimi
781 4322 909 4379 consilio
933 4323 1012 4380 inter
1034 4324 1118 4395 ipsos
1143 4323 1231 4394 facto,
1255 4323 1313 4381 deo
1329 4325 1369 4381 ab
1387 4326 1502 4382 occulis

238 4433 346 4477 eorum
369 4428 399 4477 et
422 4423 486 4480 eius
509 4424 629 4481 iusticia
660 4426 850 4499 postpositis,
883 4426 1048 4500 dyabolica
1077 4435 1142 4486 arte
1174 4431 1344 4502 instigante,
1377 4446 1503 4504 congre·

237 4526 316 4597 gatis
338 4526 490 4599 Gregorio
511 4530 656 4602 litterato,
689 4530 824 4590 officiale
847 4540 877 4590 et
900 4535 1052 4592 universis
1076 4534 1283 4593 familiaribus
1305 4551 1341 4594 ac
1364 4536 1502 4609 iobagio·

237 4629 328 4688 nibus
352 4631 491 4706 ipsorum
514 4633 554 4691 ad
577 4650 688 4693 sonum
725 4638 852 4695 maioris
883 4654 1031 4714 campane
1062 4654 1178 4712 eorum,
1210 4642 1352 4699 manibus
1375 4643 1502 4700 armatis

237 4741 266 4793 et
289 4738 494 4811 potenciariis,
517 4754 604 4798 more
629 4742 743 4815 hostili,
769 4742 928 4803 dominico
950 4744 1000 4803 die
1023 4745 1167 4820 proximo
1191 4752 1260 4805 ante
1283 4745 1396 4804 festum
1419 4748 1502 4806 beati
