3488 5242
582 357 654 413 Dec.
672 356 750 433 306.
768 372 843 435 307.
871 394 906 401 -
934 362 988 455 A'}
1014 357 1107 451 1380⁸¹
1415 367 1492 440 289.

214 551 390 608 huiusmodi
425 554 623 610 mencionem.
661 555 775 612 Datum
806 556 912 629 Rome,
942 558 1026 630 apud
1053 576 1075 615 s.
1099 559 1233 628 Petrum,
1258 559 1307 616 Vl.
1331 559 1478 617 kalendas

212 655 303 736 Junii.
328 657 526 715 Pontificatus
548 660 643 715 nostri
667 675 747 717 anno
770 662 871 719 tercio.
898 662 933 720 H.
954 663 1093 720 Wmaus.
1122 664 1152 722 P.
1176 665 1215 721 de
1239 665 1355 722 Alatro.
1387 666 1416 723 P.
1441 666 1478 722 de

214 760 389 820 Lanzanico.
416 764 571 821 Valascus.

302 897 330 946 ln
351 897 448 947 charta.
477 900 596 961 Atcrgo
618 901 732 949 duorum
758 901 909 965 sigillorum
937 903 1055 966 vestigia.
1085 903 1114 953 In
1140 903 1249 953 archivo
1273 904 1318 953 lib.
1348 920 1402 969 reg.
1429 905 1477 954 civ.

213 986 310 1048 zagrab

700 1140 706 1149 ’
802 1185 895 1252 soa.

319 1326 395 1374 Anno
419 1326 492 1384 1380,
515 1335 552 1384 13.
571 1326 652 1392 Junii.
673 1325 762 1376 Crisii.

214 1451 377 1510 Ludaaicus
399 1455 576 1526 Ir'uagarr'ae
605 1463 652 1512 etc.
684 1475 746 1522 rex,
777 1472 893 1511 causam
923 1453 1000 1510 inter
1025 1455 1181 1527 capitulum
1210 1454 1329 1527 zagrab.
1357 1462 1386 1512 c!
1405 1455 1480 1513 cives

221 1558 395 1618 Grcclrcnses
417 1562 450 1618 de
472 1563 557 1619 terat's
579 1569 607 1619 ct
627 1562 712 1630 turri,
743 1561 785 1618 ad
810 1561 1055 1633 congregationem
1080 1559 1246 1634 Zagrabiae
1267 1562 1477 1618 convocandam

792 1665 900 1742 drfflrt.

304 1809 478 1868 Lodouicus
501 1811 549 1868 dei
573 1811 679 1883 gracia
702 1827 756 1867 rex
779 1810 947 1882 Hungarie,
970 1810 1105 1882 Polonie‚
1130 1812 1290 1870 Dalmacic
1313 1818 1367 1871 etc.
1391 1813 1479 1872 Fide-

214 1915 298 1972 libus
321 1918 383 1973 suis
407 1916 508 1985 iudici,
533 1917 640 1973 iuratis
664 1921 693 1973 et
717 1917 869 1973 universis
892 1917 1014 1973 civibus
1040 1933 1076 1974 ac
1106 1917 1281 1990 hospitibus
1304 1920 1417 1976 nostris
1441 1919 1479 1976 de

215 2027 319 2079 monte
342 2020 487 2079 Grecensi
511 2022 549 2079 de
572 2022 732 2094 Zagrabia,
756 2022 889 2079 salutem
920 2026 950 2078 et
980 2023 1126 2094 graciam.
1158 2023 1238 2080 Cum
1265 2039 1321 2080 nos
1345 2026 1480 2097 presenti

215 2114 455 2200 congregacione
486 2135 590 2185 nostra
614 2128 713 2198 Crlsii,
738 2144 795 2200 per
817 2129 953 2202 prelatos
977 2135 1007 2185 et
1024 2129 1156 2186 barones
1174 2135 1295 2186 nostros
1317 2130 1480 2200 celebrata,

215 2234 308 2290 aliam
333 2235 605 2305 congregacionem
629 2234 806 2306 generalem
830 2235 859 2292 in
884 2235 1031 2291 comitatu
1054 2236 1245 2307 zagrabiensi
1268 2236 1421 2293 celebrari
1438 2236 1481 2293 f·

215 2354 284 2395 cere
308 2339 509 2409 intendamus,
535 2339 603 2397 idco
627 2347 728 2397 vestre
751 2341 961 2397 universitatis
984 2338 1128 2397 fidelitati
1160 2342 1357 2415 presentibus
1381 2340 1482 2398 decla·

215 2461 329 2516 ramus,
351 2453 501 2517 quatenus
525 2461 658 2517 causam,
683 2461 743 2517 que
767 2447 846 2503 inter
870 2460 925 2502 vos
948 2446 989 2502 ab
1013 2461 1073 2502 una
1098 2452 1127 2502 et
1154 2446 1337 2503 honorabile
1364 2448 1481 2520 capitu·

216 2550 280 2606 lum
306 2550 432 2607 ecclesie
455 2551 662 2622 zagrabiensis
686 2556 774 2624 parte
798 2551 838 2608 ab
868 2551 974 2622 altera,
1006 2556 1071 2609 tam
1103 2553 1132 2609 in
1165 2551 1249 2622 sacto
1276 2558 1427 2609 terrarum
1452 2559 1482 2610 et

216 2656 317 2724 turris,
342 2672 435 2728 quam
459 2657 555 2712 eciam
581 2657 610 2713 in
634 2656 705 2713 aliis
729 2657 891 2729 quibusvis
916 2656 1003 2714 sactis
1026 2658 1153 2715 suborta
1178 2658 1322 2728 extiterit,
1346 2658 1386 2715 ad
1411 2674 1481 2716 ean·

215 2759 286 2817 dem
311 2762 585 2833 congregacionem
608 2768 745 2819 nostram
771 2762 947 2834 generalem
970 2762 1001 2819 in
1021 2762 1104 2820 dicto
1125 2764 1273 2821 comitatu
1291 2764 1481 2836 zagrabiensi

215 2867 433 2924 celebrandam
458 2867 603 2924 duximus
626 2867 830 2924 differendam
854 2873 884 2924 et
906 2883 962 2941 per
985 2867 1109 2926 eosdem
1136 2869 1273 2943 prelatos
1299 2876 1329 2927 et
1352 2870 1482 2927 barones

216 2981 344 3041 nostros,
368 2973 513 3030 videlicet
536 2972 828 3030 reverendissimum
852 2978 974 3047 patrem
1005 2973 1167 3032 dominum
1193 2975 1397 3045 Demetrium,
1417 2991 1481 3033 car·

216 3079 361 3149 dinalem,
386 3078 627 3150 Strigoniensem
652 3084 682 3135 et
705 3077 905 3150 magnificum
923 3080 1026 3136 virum
1042 3079 1204 3137 dominum
1227 3081 1353 3137 Petrum
1370 3081 1480 3152 Zudar,

216 3187 301 3257 regni
324 3186 420 3242 nostri
444 3184 607 3241 Sclauonie
637 3185 753 3240 banum
785 3185 952 3241 salubriter
982 3184 1217 3259 disponendam,
1250 3186 1481 3256 moderandam,

216 3290 472 3364 componendam,
496 3289 699 3347 ordinandam
717 3296 747 3347 et
763 3289 898 3348 decisivo
916 3290 976 3347 fine
992 3290 1226 3349 terminandam.
1247 3291 1365 3348 Datum
1382 3292 1481 3363 Crisii‚

218 3395 293 3454 seria
318 3404 426 3469 quarta
449 3398 593 3471 proxima
616 3401 686 3468 post
718 3395 831 3453 festum
863 3397 944 3453 beati
973 3396 1111 3453 Barnabe
1143 3397 1284 3470 apostoli.
1317 3399 1406 3455 Anno
1428 3397 1482 3455 do·

216 3504 291 3560 mini
315 3504 547 3560 MCCCLXXX.

307 3637 446 3700 originale
467 3638 492 3686 in
512 3638 610 3693 charta.
630 3652 644 3686 a
665 3644 739 3702 tergo
760 3637 914 3702 impressum
935 3653 1057 3703 magnum
1079 3637 1198 3702 sigillum
1221 3637 1299 3704 regis.
1323 3638 1353 3687 In
1372 3639 1442 3688 arch.
1463 3640 1480 3688 1.

216 3743 236 3776 r.
257 3727 306 3775 civ.
326 3728 429 3792 zagrab.

805 3922 894 3994 307.

323 4084 396 4131 Anno
420 4080 492 4139 1380,
512 4092 552 4145 29.
574 4080 694 4148 augusti.
712 4080 742 4131 In
762 4089 847 4132 castro
867 4080 1027 4147 Vejglecsth.

219 4211 378 4268 errlor’irrrs
400 4213 577 4285 Hungarz'ae
594 4220 641 4269 etc.
657 4231 720 4280 rex,
737 4211 886 4268 Dcrrretrr'o
901 4211 1056 4279 cardinali,
1070 4209 1256 4283 strigoniensi
1267 4211 1482 4286 archispiscopo,

216 4326 249 4374 at
270 4336 385 4374 cansam
409 4320 485 4374 inter
498 4319 571 4392 (ines
593 4317 767 4375 Greclrenses
782 4325 867 4390 atque
882 4317 1028 4384 Marcum,
1043 4317 1144 4390 filium
1166 4316 1291 4386 March,
1307 4319 1350 4374 od
1367 4326 1483 4375 octavas

566 4444 587 4481 s.
611 4424 765 4481 Michaelis
782 4430 927 4495 proroget,
952 4422 1129 4495 dqtrecalur.

306 4589 370 4645 Rex
404 4588 562 4660 Hungarie
597 4593 651 4643 etc.
686 4585 954 4643 Reverendissime
988 4585 1090 4657 pater!
1125 4584 1208 4641 Dicit
1235 4584 1325 4641 nobis
1349 4584 1480 4642 Mathias

157 4706 160 4711 ⁴
216 4695 292 4751 civis
316 4693 354 4750 de
377 4694 529 4766 Zagrabia
563 4694 688 4762 iuratus,
726 4700 886 4763 tamquam
921 4697 1105 4764 procurator
1128 4696 1158 4747 et
1180 4689 1395 4762 procuratorio
1429 4706 1484 4748 no·

217 4801 298 4856 mine
321 4800 454 4856 civitatis
477 4799 683 4871 zagrabiensis
711 4797 742 4854 in
772 4797 889 4854 octavis
912 4794 982 4852 festi
1006 4795 1088 4852 beati
1110 4794 1218 4879 Jacobi
1244 4795 1387 4867 apostoli,
1411 4810 1483 4868 pro·

1345 4921 1377 4975 ¹9
