946 1404
363 135 437 150 Adasnda.
451 143 470 146 --
482 135 512 150 Aa.
522 135 568 154 1546·
753 139 783 156 451

150 185 233 200 sessionem
245 189 281 199 cum
293 185 325 200 suis
333 185 416 200 atinenciis.
425 186 471 203 prout
478 185 552 203 sepefatis
560 185 621 199 civibus
628 189 647 199 ex
655 185 707 203 gracia
715 183 785 205 regali(s)

151 211 247 226 celsitudinis
259 212 329 226 extiteiat
342 211 403 227 collata.
416 211 479 229 pacifice
490 211 604 229 possidendam,
614 211 717 230 relinquendo
726 211 785 226 litteras

151 237 229 256 siquidem
242 240 256 252 et
269 238 374 255 instrumenta,
388 238 400 252 si
413 241 443 256 qua
454 241 501 256 super
512 237 546 256 ipsa
558 238 654 256 possessione
666 238 730 252 haberet
746 242 783 256 quo-

151 263 232 282 quomodo
244 264 311 280 obtenta.
324 264 381 278 {rivola
392 263 446 278 haberi
453 264 503 278 voluit
510 265 525 278 et
533 264 592 278 nuliius
599 264 668 278 efficacie
676 264 701 278 vel
710 265 784 279 momenti

151 290 282 309 quandocumque
294 290 308 305 in
320 291 415 305 contrarium
428 290 533 309 predictorum
545 291 603 305 civium
619 295 647 309 per
659 291 749 309 quempiam
763 291 786 306 t'o-

151 319 185 331 rent
198 318 289 335 presentata*
301 317 359 331 Verum
371 317 407 335 quia
416 317 446 331 hiis
454 317 491 331 visis
503 319 517 331 et
529 317 548 331 od
560 317 624 335 plenum
632 317 703 335 partibus
711 317 785 335 expositis

152 343 198 357 iidem
212 343 273 357 Nikolet
285 345 300 357 et
311 343 351 364 Jaxa
362 347 389 357 sua
401 345 417 357 et
429 343 527 361 cohospitum
538 347 603 358 suorum
613 343 719 362 predictorum
728 344 743 358 in
752 347 787 362 per-

151 374 187 384 sona
200 369 219 384 de
231 369 323 388 transcripto
335 369 384 387 ipsius
395 369 459 388 capituli
473 369 537 384 ecclesie
548 370 617 384 albensis
629 373 658 384 non
667 368 746 389 (contenti)
754 370 785 384 mi-

151 396 202 414 ginale
220 396 288 410 eiusdem
305 400 333 414 per
348 396 390 414 ipsos
408 396 491 413 magistros
510 395 607 410 Demetrium
626 396 757 414 archydiaconum
771 397 786 410 et

151 423 244 440 Dyonisium
262 424 369 441 procuratores
384 422 448 441 capituli
460 422 528 436 annotati
540 422 615 436 instanter
631 422 705 437 exhibere
716 422 785 441 postula-

152 451 187 463 runt
201 451 216 463 et
228 449 270 463 velle
280 448 334 463 videre
346 453 362 463 se
373 451 388 463 et
400 449 469 467 hospites
482 450 571 467 prenotatos
583 453 614 467 quo
626 449 671 463 titulo
682 450 698 463 et
709 453 741 467 quo
753 449 786 463 iure

151 475 191 490 dicta
205 475 280 494 possessio
292 475 353 490 Cobilia
365 475 413 493 ipsius
424 475 485 489 comitis
498 475 527 490 Vta
538 477 553 489 et
562 475 628 490 fratrum
640 479 704 490 suorum
716 477 731 490 et
743 475 785 490 dieto

153 502 222 520 capitulo
231 502 267 516 data
275 501 321 516 suerit
329 506 357 520 per
365 501 426 516 eosdem
435 504 449 516 et
458 505 489 520 quo
497 501 559 516 homine
566 502 610 520 regio
618 505 644 516 seu
652 502 728 520 pristaldo
734 503 749 516 et
756 502 786 516 sub

153 529 241 543 testimonio
253 529 296 542 cuius
307 528 371 546 capituli
384 528 409 542 vel
421 530 509 545 conventus.
522 531 539 542 ut
550 528 593 547 regni
604 528 698 543 ooosvetudu
706 529 754 547 exigit
766 529 786 543 ab

152 555 220 573 antiquo,
230 557 264 573 post
273 554 373 569 collacionem
382 555 404 568 eis
412 555 467 569 factam
479 555 575 569 introi-verint
582 555 596 569 in
605 555 674 571 eandem.
684 557 698 569 et
706 555 719 569 si
727 555 786 569 litteras

151 581 268 599 prohibitorias⁴
280 581 388 598 inquisitorias
405 581 538 599 protestationates
549 583 575 595 aut
586 581 647 599 aliquas
658 581 697 595 alias
714 581 786 596 iuridims

151 608 232 622 ‹aucioues
244 611 253 621 a
265 609 335 625 tempore
346 607 478 625 preallegatorum
490 607 590 621 dominorum
601 607 675 626 Stephani
687 609 702 622 et
714 607 786 625 Ladiztni,

152 633 229 652 quondam
245 633 331 648 illustrium
346 637 400 651 regum
418 633 500 651 Hungarie
511 637 520 648 a
532 637 564 654 quq
575 634 685 652 prememorati
697 634 786 648 Demetrius

151 660 272 678 archydiaconus
284 662 298 674 et
312 660 394 677 Dyonisius
409 660 478 678 magistri
490 663 518 674 sua
530 662 544 674 et
556 660 605 678 ipsius
617 660 682 678 capituli
693 661 708 675 in
720 664 787 678 persona

151 687 213 701 eosdem
230 687 271 700 cives
287 689 302 700 et
316 687 385 705 hospites
402 686 421 700 de
436 686 486 701 Grech
505 687 591 705 possedisse
606 687 656 705 ipsam
673 687 785 705 possessionem

151 713 213 727 Cubiiia
221 715 291 727 vocaturn
298 715 313 727 et
321 713 336 727 in
345 713 398 727 eadem
407 713 454 727 fuisse
460 713 524 731 proprio
530 717 556 727 ore
564 713 655 730 fatebantur.
661 715 676 727 et
682 713 695 728 si
701 717 710 728 a
716 715 787 732 ternpore

153 739 188 753 Bele
200 739 240 757 regis
248 739 301 757 aliqua
310 741 362 753 contra
372 739 414 757 ipsos
422 739 490 758 hospites
498 739 517 753 de
525 739 576 754 Greek
585 739 600 754 in
606 740 629 754 sui
638 740 676 754 iuris
684 740 786 758 patrocinium

152 768 166 780 et
178 765 283 780 defensionem
296 765 337 783 quod
350 766 365 780 in
377 765 431 780 eadern
444 766 501 780 habere
512 769 529 780 se
540 767 624 784 sperarent,
633 768 648 780 et
659 766 740 780 obstacula
751 770 787 785 pro-

151 792 224 806 hibitoria
237 795 307 810 ternpore
324 792 413 806 statucionis
425 792 473 810 ipsius
487 792 588 810 possessionis
600 797 628 811 per
640 793 733 811 pristaldum
745 795 787 808 ante

151 819 209 833 dictum
222 819 251 832 sub
265 819 353 833 testimonio
365 819 432 833 hominis
443 819 480 833 dicti
491 819 555 837 capituli
568 819 655 837 hospitibus
667 818 686 833 de
698 819 748 834 Grecis
760 823 787 834 an-

152 845 207 859 notatis
221 845 264 861 facie.
276 847 290 859 et
302 845 315 859 si
326 847 395 863 tempore
407 845 493 861 concordie.
507 849 553 863 quam
566 849 601 860 cum
614 845 713 864 preallegatis
726 846 786 861 Matheo

152 874 166 885 et
179 871 252 885 Farltasio
264 875 311 889 super
323 871 360 889 ipsis
373 871 495 890 possessionibus
507 871 569 886 Cubilia
581 873 595 886 et
607 872 686 886 Sciniolan
699 872 757 887 vocatis
765 872 787 886 fe-

152 900 204 912 cerant
217 898 285 916 hospites
302 898 377 916 prenotati
390 901 442 912 coram
454 898 509 912 eodem
524 898 593 916 capitulo
607 899 671 913 ecclesie
682 899 786 916 zagrabiensis

152 924 205 942 aliquo
217 924 344 938 contradictionis
356 924 437 939 obstaculo
449 925 547 939 obviaverint
557 928 585 939 nec
596 929 619 942 ne,
632 925 690 943 pluries
701 926 716 939 et
727 925 786 943 pluries

152 955 161 965 a
173 951 300 969 procuratoribus
315 951 351 965 dicti
368 951 431 969 capituli
446 951 530 969 prenotatis
542 955 558 965 se
569 953 584 965 et
596 951 658 966 eosdem
670 951 739 969 hospites
751 955 786 970 pre-

152 977 227 991 cabantur
240 977 325 992 informari.
337 977 385 992 iidem
398 977 486 992 Demetrius
499 977 621 995 archydiaconus
632 979 647 992 et
660 978 742 996 Dyonisius
754 980 787 992 marl

153 1004 197 1022 gistri
210 1004 270 1022 aliquas
282 1003 341 1018 litteras
353 1003 426 1018 exhibere
438 1004 463 1018 vei
471 1003 544 1018 iuridicas
552 1004 631 1018 muniones
640 1004 706 1022 presenti
716 1004 786 1022 ipsorum

153 1031 217 1047 negocio
230 1030 306 1048 proficuas
315 1032 329 1044 et
338 1030 379 1048 ipsas
387 1031 491 1048 possessiones
499 1033 527 1044 suo
536 1030 565 1044 iuri
575 1031 652 1049 pertinere
664 1030 787 1045 demonstrantes

153 1056 243 1074 pretendere
253 1060 282 1070 uon
294 1056 370 1071 valebant.
382 1056 409 1071 sed
419 1057 470 1071 solum
482 1060 546 1071 suorum
555 1057 641 1071 verborum
649 1057 738 1075 prolacione
745 1057 785 1071 sicut

153 1083 196 1101 prius
212 1083 233 1097 sic
249 1084 264 1097 et
280 1086 320 1096 nunc
335 1086 389 1097 omnes
406 1083 464 1097 litteras
476 1083 491 1097 in
502 1083 543 1097 facto
557 1083 671 1102 possessionum
683 1083 787 1101 predictarum

154 1111 236 1124 emanatas.
249 1113 280 1127 quo
292 1113 343 1127 supra.
355 1109 444 1123 combustas
456 1109 489 1123 sore
497 1110 589 1127 allegabant⁴
598 1109 643 1124 Unde
650 1109 687 1127 quia
696 1109 787 1128 preallegati

154 1135 195 1150 cives
207 1138 222 1150 et
234 1135 302 1154 hospites
314 1135 333 1150 de
345 1135 396 1150 Grech
408 1136 485 1154 predictas
497 1136 601 1154 possessiones
615 1136 676 1150 Cobilia
684 1137 699 1150 et
707 1135 786 1150 Sciuiblan

154 1164 216 1176 vocatas
228 1162 314 1176 efficacium
327 1162 464 1176 instrumentorum
477 1163 533 1177 robore
545 1162 649 1177 mediantibus
659 1163 787 1181 procuratoribus

152 1189 184 1203 suis
196 1189 272 1203 annotatis
288 1189 318 1202 sibi
330 1189 407 1207 pertinere
419 1190 433 1203 et
445 1193 454 1203 a
466 1191 536 1207 tempore
548 1189 637 1204 oollacionis
649 1189 739 1204 earumdem
752 1192 788 1207 puts·

152 1215 239 1229 sessionum
250 1215 280 1229 sibi
293 1215 337 1230 [acte.
349 1217 365 1229 ut
382 1215 428 1230 iidem
444 1215 533 1230 Demetrius
544 1215 665 1233 archydiaconus
677 1217 692 1230 et
704 1215 787 1233 Dyonisius

152 1241 223 1259 magistri
234 1241 327 1260 fatebantur,
339 1245 402 1260 semper
413 1242 428 1256 in
438 1241 498 1256 eisdem
504 1242 570 1261 pacifice
577 1241 663 1260 perstitisse
671 1243 686 1256 et
694 1241 727 1256 sine
734 1241 788 1260 aliqua
