3488 5242
633 355 706 413 Dec.
727 368 796 433 154.
822 387 859 396 -
884 355 940 412 An.
965 350 1053 431 1526.
1413 372 1472 428 115

210 553 346 610 invenire
370 569 423 610 seu
454 553 631 625 contingere
661 551 841 609 desideratis
871 553 1008 624 graciam
1038 559 1142 610 nostre
1172 553 1348 611 maiestatis.
1373 553 1474 611 Preci-

209 659 312 731 pimus
335 658 468 731 insuper,
492 657 624 714 zelantes
647 657 874 714 immunitatem
897 656 1035 714 eiusdem
1059 658 1186 716 ecclesie
1209 666 1240 716 et
1262 659 1394 717 salutem
1411 660 1475 716 ani·

210 779 331 820 marum
355 769 537 833 vestrarum,
560 768 595 820 ut
616 762 752 820 decimas
775 772 893 819 vestras
916 777 976 819 non
999 763 1169 820 secundum
1192 779 1323 837 pravam
1346 779 1474 823 consve-

209 868 357 940 tudinem,
381 885 441 941 que
465 869 572 943 pocius
603 867 730 926 dicenda
763 876 808 925 est
838 869 1022 942 corruptela,
1053 869 1186 927 scilicet:
1210 877 1244 927 ut
1266 869 1329 927 duo
1356 870 1475 929 denarii

209 990 266 1048 pro
289 974 408 1032 decima
432 976 555 1048 capecia
578 982 608 1032 et
630 973 692 1031 duo
715 989 773 1048 pro
795 973 917 1031 decimo
940 975 1056 1032 eubulo
1079 976 1144 1033 vini
1168 976 1395 1049 persolvantur,
1419 977 1474 1050 qui

208 1095 267 1138 non
291 1081 445 1138 decimam
470 1081 524 1139 sed
546 1082 601 1139 vix
623 1082 808 1153 vigesimam
839 1079 953 1138 faciunt
980 1086 1010 1138 et
1040 1082 1203 1155 attingunt,
1226 1081 1281 1139 sed
1304 1082 1474 1140 secundum

208 1186 309 1257 legem
333 1186 382 1244 dei
406 1194 436 1245 et
459 1202 587 1244 romane
611 1187 739 1244 ecclesie
770 1187 834 1244 sine
864 1185 1072 1245 diminucione
1099 1188 1130 1245 in
1153 1188 1255 1261 specie
1279 1188 1473 1262 persolvatis.

208 1291 271 1348 Vos
294 1300 398 1350 autem
423 1294 534 1365 Mykch
558 1295 637 1351 bane
668 1299 697 1351 et
728 1308 835 1350 omnes
864 1290 1015 1350 officiales
1038 1294 1142 1364 vestri,
1166 1293 1318 1366 premissa
1341 1309 1473 1367 exequa-

207 1398 283 1456 mini
306 1403 466 1472 tamquam
489 1386 652 1472 negocium
675 1407 816 1458 nostrum
839 1398 972 1472 speciale
996 1399 1027 1456 in
1043 1405 1106 1456 tota
1123 1399 1250 1456 ecclesie
1265 1400 1472 1472 zagrabiensis

207 1502 364 1574 dyoecesi;
395 1505 550 1579 predictos
581 1506 767 1563 reluctantes
790 1510 843 1562 aut
865 1519 940 1561 ausu
958 1504 1099 1576 quolibet
1122 1504 1365 1563 contradicentes
1387 1520 1472 1563 com-

205 1610 331 1681 pellatis
353 1616 457 1668 nostra
479 1612 659 1669 auctoritate
682 1611 845 1682 mediante,
869 1618 903 1668 ut
925 1626 996 1667 suas
1018 1609 1154 1668 decimas
1176 1611 1357 1685 persolvant
1372 1628 1410 1669 ex
1426 1611 1471 1669 in-

207 1722 300 1788 tegro
332 1718 369 1774 Et
399 1719 479 1776 sicut
508 1732 563 1774 nos
594 1719 732 1791 graviter
762 1716 919 1776 offendere
949 1716 1133 1789 formidatis,
1163 1734 1251 1776 secus
1281 1717 1381 1775 facere
1408 1733 1470 1775 non

206 1821 361 1881 audentes.
383 1824 499 1880 Datum
522 1824 553 1881 in
576 1823 775 1896 Wyssegrad,
800 1823 894 1881 tercio
917 1822 967 1881 die
998 1829 1068 1897 post
1100 1823 1213 1881 festum
1237 1824 1327 1882 beate
1350 1824 1470 1896 Marga-

206 1933 270 1986 rete
293 1929 430 2002 virginis.
454 1932 543 1987 Anno
567 1928 685 1987 domini
706 1927 875 1985 MCCCXX
898 1934 993 1986 sexto.

293 2065 314 2114 E
333 2065 404 2115 libro
423 2064 513 2130 privil.
533 2070 644 2131 eppatus
662 2064 766 2130 zagrab.
787 2062 832 2114 fol.
852 2073 893 2121 51.
913 2063 944 2114 In
962 2063 1032 2113 arch.
1052 2063 1208 2130 archiepisc
1227 2067 1333 2131 zagrab.

793 2329 879 2395 134.

309 2420 385 2467 Anno
407 2417 481 2476 1326,
500 2427 541 2475 25.
562 2417 636 2484 Julii.

209 2528 329 2585 Carolus
348 2529 524 2601 Hungan'ae
538 2535 584 2584 etc.
601 2546 663 2596 rex,
686 2527 773 2584 edicto
781 2527 907 2600 publico,
922 2528 1111 2600 possessiones
1132 2535 1161 2584 c!
1180 2529 1248 2585 ciera
1267 2529 1328 2586 eccl.
1349 2530 1466 2604 zagrab.

223 2635 293 2691 data
316 2641 344 2690 ct
364 2635 513 2707 acquisita,
536 2634 573 2690 ab
594 2633 805 2706 occupatoribus
827 2650 999 2707 quocumque
1018 2633 1098 2690 modo
1120 2633 1239 2701 detenta,
1255 2633 1338 2690 reddi
1362 2634 1443 2692 tiabat.

291 2778 425 2835 Karolus
457 2777 506 2834 dei
536 2778 640 2850 gracia
671 2777 837 2849 Hungarie‚
868 2777 1038 2848 Dalmacie,
1062 2775 1197 2848 Croacie‚
1221 2777 1326 2847 Rame,
1350 2776 1464 2850 Seruie,

201 2884 340 2953 Gallicie‚
365 2883 555 2954 Lodomerie,
579 2882 726 2940 Comanie
750 2882 956 2956 Bulgarieque
979 2899 1042 2953 rex,
1067 2883 1211 2957 princeps
1241 2880 1465 2941 Sallemitanus

201 2996 231 3048 et
246 2976 379 3048 Honoris
400 3005 436 3046 ac
457 2985 569 3046 mon'tis
584 2989 680 3046 sancti
700 2982 819 3060 Angeli
834 2988 986 3046 dominus.
1002 2989 1154 3046 Omnibus
1170 2987 1303 3046 Christri
1319 2988 1466 3047 fidelibus

200 3097 395 3170 presentibus
424 3103 454 3152 et
485 3094 597 3152 futuris
626 3095 771 3152 noticiam
799 3095 991 3168 presencium
1018 3095 1169 3152 habituris
1192 3095 1323 3152 salutem
1348 3095 1465 3168 inquo

201 3201 335 3260 resident
358 3202 545 3274 sempiterne
569 3201 676 3258 salutis
700 3202 895 3258 incrementa.
919 3199 1127 3258 Exardescens
1151 3199 1190 3257 ad
1209 3201 1336 3258 heterna
1351 3201 1465 3273 regalis

199 3307 393 3380 dyadematis
418 3309 652 3379 exuberansque
676 3306 805 3365 devocio
836 3321 873 3363 eo
896 3306 988 3363 saluti
1011 3321 1064 3363 sue
1088 3306 1240 3379 prospicit
1262 3307 1377 3378 utilius,
1402 3323 1464 3380 quo

200 3415 328 3487 pristine
358 3414 554 3471 liberalitatis
578 3414 638 3486 piis
661 3414 736 3470 locis
766 3411 877 3470 devote
900 3412 1022 3482 collata,
1046 3408 1202 3469 solidioris
1225 3411 1381 3470 firmitatis
1405 3411 1464 3469 iul-

199 3520 331 3577 cimento
355 3520 481 3577 roborat
505 3527 534 3575 et
557 3518 728 3575 confirmat.
757 3517 889 3575 Proinde
912 3523 1093 3575 cunctorum
1116 3518 1228 3575 noticie
1251 3518 1363 3575 harum
1385 3518 1464 3575 serie

200 3627 344 3682 volumus
376 3627 545 3698 pervenire,
578 3624 660 3697 quod
693 3625 765 3696 quia
798 3623 884 3681 cordi
913 3622 1005 3681 debet
1028 3639 1094 3681 esse
1117 3624 1243 3697 regibus
1266 3629 1359 3696 atque
1381 3639 1462 3695 cure,

199 3737 234 3789 ut
256 3748 299 3801 ea,
323 3748 383 3803 que
406 3732 610 3788 ecclesiastice
633 3730 863 3788 conversacioni
884 3735 955 3787 sunt
977 3729 1135 3803 disposita,
1164 3745 1219 3787 nec
1243 3744 1352 3802 regum
1375 3728 1463 3786 dissi·

199 3837 333 3894 mulacio
365 3838 509 3909 negligat,
544 3853 599 3893 nec
630 3837 764 3893 aliorum
795 3837 966 3910 plectibilis
996 3837 1095 3910 possit
1119 3835 1317 3909 presumpcio
1341 3841 1462 3908 pertur-

199 3944 288 4013 bare;
311 3944 381 4001 ideo
403 3959 459 4000 nos
483 3943 715 4016 zagrabiensem
734 3942 904 4012 ecclesiam,
921 3957 1015 4015 quam
1032 3943 1111 3999 inter
1127 3947 1244 3999 ceteras
1259 3941 1346 4012 regni
1363 3941 1460 3998 nostri
1488 3983 1490 3987 .

197 4050 340 4107 ecclesias
373 4050 533 4106 affectione
567 4065 627 4106 non
661 4049 774 4105 minori
796 4063 989 4119 veneramur,
1024 4048 1055 4104 in
1078 4047 1224 4105 omnibus
1247 4047 1310 4104 suis
1333 4046 1478 4116 iuribus,-

198 4157 433 4227 municionibus,
458 4157 589 4225 tributis,
612 4154 867 4228 possessionibus,
892 4153 1016 4228 prediis,
1037 4154 1135 4224 terris,
1151 4153 1349 4211 libertatibus
1365 4167 1460 4225 quan-

198 4268 398 4334 tumcumque
428 4263 548 4334 magnis
579 4267 609 4319 et
632 4261 779 4333 graciosis
808 4259 990 4331 redditibus,
1016 4260 1217 4333 proventibus
1240 4273 1276 4316 ac
1299 4259 1384 4315 omni
1406 4257 1460 4315 do·

198 4369 293 4425 minio
317 4368 487 4441 pacificam,
512 4367 710 4440 indempnem
733 4372 762 4424 et
785 4366 907 4423 illesam
931 4366 1088 4439 cupientes
1111 4372 1261 4439 perpetuo
1276 4378 1459 4421 conservare

197 4480 226 4530 et
248 4490 305 4546 per
327 4482 448 4530 nostros
471 4475 656 4544 conservari,
677 4478 710 4529 ut
733 4474 798 4529 eius
822 4472 954 4529 ministri
978 4487 1014 4528 ex
1039 4471 1097 4528 hoc
1120 4471 1150 4528 in
1174 4486 1210 4528 ea
1232 4469 1338 4527 divino
1362 4470 1459 4528 cultui

195 4581 312 4653 possint
336 4581 473 4653 quiecius
496 4586 525 4636 et
549 4579 695 4637 devocius
711 4578 873 4647 famulam
901 4579 1004 4635 omnia
1027 4583 1057 4635 et
1080 4576 1203 4649 singula
1229 4576 1297 4633 iura
1319 4575 1458 4633 eiusdem

195 4685 322 4743 ecclesie
344 4686 551 4758 zagrabiensis
575 4684 726 4754 videlicet,
757 4689 884 4755 tenutas,
908 4684 1072 4754 districtus,
1097 4682 1312 4755 possessiones,
1338 4680 1455 4755 predia,

195 4792 287 4849 villas
310 4799 340 4850 et
363 4792 542 4849 libertatum
564 4791 787 4865 prerogantes,
822 4806 883 4864 que
904 4797 934 4847 et
957 4805 1034 4863 quas
1057 4789 1140 4846 dicta
1163 4788 1293 4845 ecclesia
1315 4802 1369 4845 seu
1392 4787 1458 4862 epi·

1338 4901 1353 4934 ⁸
