3488 5242
251 343 310 402 228
667 342 740 400 Doc.
764 355 835 419 244.
862 373 899 382 -
927 340 982 396 An.
1008 334 1096 415 1361.

248 538 413 611 Wylermo
447 540 545 597 electo
582 539 894 612 quinqueecclesiensi
930 536 1122 608 confirmato,
1156 536 1328 595 Colomano
1361 534 1515 612 jauriensi,

249 643 413 701 Dominico
443 645 540 702 electo
572 644 776 717 chanadiensi‚
808 644 1000 715 confirmato,
1029 643 1186 718 Stephano
1216 643 1415 715 zagrabiensi,
1451 643 1516 714 My·

248 750 354 807 chaele
370 752 553 822 wachyensi,
570 750 662 808 Petro
690 751 843 821 boznensi,
872 750 1036 819 fratribus;
1056 749 1213 822 Stephano
1229 749 1376 818 nitriensi,
1396 749 1516 806 Thoma

249 857 421 926 syrmiensi,
451 857 591 938 Johanne
619 857 772 926 tinniensi,
805 856 1023 913 Bartholomeo
1051 855 1244 927 traguriensi,
1276 854 1434 911 Demetrio
1463 869 1516 912 no-

248 961 343 1032 nensi,
384 960 540 1035 Stephano
574 960 695 1024 farensi,
736 961 901 1018 Valentino
935 959 1123 1031 maharensi,
1162 961 1285 1018 Matheo
1322 960 1515 1031 sybinicensi,

249 1067 411 1138 Mychaele
435 1067 642 1138 scardonensi,
673 1067 797 1124 Portiua
820 1067 980 1136 senniensi,
1005 1067 1203 1123 eeclesiarum
1235 1066 1397 1140 episcopis,
1421 1066 1517 1123 eccle·

251 1173 312 1230 sias
336 1172 386 1230 dei
410 1172 540 1230 feliciter
563 1173 825 1246 gubemantibus;
848 1174 1019 1245 ragusiensi
1042 1179 1072 1230 et
1095 1172 1290 1230 corbaviensi
1312 1171 1437 1229 sedibus
1463 1188 1516 1228 va·

248 1278 397 1335 cantibus.
423 1277 594 1351 Magnificis
618 1279 708 1336 viris:
733 1278 861 1335 Nicolao
884 1278 996 1350 Konth,
1021 1279 1167 1352 palatino,
1192 1278 1342 1350 Dyonisio
1364 1277 1517 1348 wayvoda

249 1383 448 1455 transilvan0,
472 1385 583 1442 comite
606 1383 763 1457 Stephano
787 1383 912 1441 Bubeck
936 1384 1037 1441 iudice
1059 1385 1143 1441 curie
1168 1389 1281 1454 nostre,
1296 1383 1435 1466 Johanne
1451 1398 1516 1440 ma·

248 1489 345 1560 gistro
368 1490 598 1547 tavamicorum
619 1495 807 1560 nostrorum,
824 1489 1006 1547 [eustachio
1022 1489 1193 1560 Sclauonie,
1217 1489 1346 1547 Nicolao
1362 1488 1400 1546 de
1417 1488 1514 1546 Zeech

248 1592 410 1651 Dalmacie
434 1602 464 1652 et
483 1594 618 1665 Croacie
644 1594 772 1651 Nicolao
794 1595 833 1652 de
857 1596 1025 1666 Mnachow‚
1057 1595 1163 1665 banis;
1194 1595 1285 1652 Petro
1313 1594 1424 1666 Zudor,
1450 1595 1515 1667 pin-

248 1714 419 1771 cernarum,
444 1700 541 1757 Paulo
564 1700 603 1756 de
627 1700 759 1771 Lyzkou,
783 1700 996 1773 dapiferorum
1040 1709 1070 1758 et
1108 1702 1248 1759 Emerico
1271 1716 1441 1774 agazonum
1464 1715 1518 1757 no·

250 1810 386 1862 strorum
426 1807 591 1878 magistris,
630 1822 665 1863 ae
695 1807 846 1879 magistro
879 1808 987 1879 Konya
1025 1807 1137 1864 comite
1168 1808 1351 1880 posoniensi,
1386 1807 1516 1878 aliisque

253 1927 346 1983 quam
372 1913 515 1987 pluribus
538 1914 702 1970 comitatus
725 1915 811 1986 regui
834 1915 931 1971 nostri
954 1913 1127 1971 tenentibus
1151 1919 1179 1970 et
1204 1914 1344 1970 honores

341 2047 481 2114 Originale
502 2048 528 2097 in
547 2049 706 2107 membrana,
726 2049 791 2098 bene
811 2054 1001 2107 conservatum,
1021 2050 1074 2098 duo
1094 2048 1184 2113 sigilla
1198 2048 1347 2112 dependent
1365 2053 1391 2096 et
1409 2047 1517 2110 quidem

251 2136 336 2185 maius
355 2150 370 2184 a
388 2151 452 2186 zoua
471 2136 558 2186 textili
579 2136 679 2185 sericea
699 2136 794 2186 viridis
813 2143 839 2186 et
859 2137 970 2188 violacei
986 2137 1091 2193 coloris,
1108 2143 1133 2186 et
1150 2135 1234 2184 miuus
1247 2136 1413 2186 solummodo
1426 2150 1441 2184 a
1454 2148 1517 2183 zona

251 2222 346 2273 viridis
366 2224 470 2273 coloris.
491 2223 520 2273 In
540 2224 610 2273 arch.
631 2239 686 2274 ven.
708 2239 763 2288 cap.
783 2225 887 2290 zagrab.
907 2223 968 2274 fasc.
989 2235 1030 2284 24.
1050 2240 1088 2273 nr.
1108 2238 1132 2284 4.

836 2455 925 2520 244.

357 2597 434 2645 Anno
459 2596 531 2654 ¹361,
553 2603 590 2650 17.
611 2595 733 2663 Augusti.
754 2596 783 2645 In
804 2597 943 2663 Visegrad.

256 2720 390 2779 Civitatis
417 2722 588 2780 Greclrensis
616 2726 802 2780 conrnrunitos
831 2725 965 2781 mulctam
989 2736 1036 2799 50
1059 2743 1234 2795 inarcamm,
1253 2743 1340 2798 quam
1362 2725 1518 2798 capitulum

400 2829 516 2902 zagrab.
540 2831 696 2886 convictum
719 2830 753 2886 de
774 2831 920 2887 calumnia
943 2832 1052 2888 solvere
1074 2831 1218 2898 debuisset,
1249 2832 1367 2906 rqielat.

340 2972 402 3029 Nos
428 2973 605 3030 Villielmus
628 2974 677 3031 dei
701 2979 731 3032 et
754 2975 923 3048 apostolice
946 2974 1028 3033 sedis
1046 2976 1158 3047 gracia,
1186 2975 1302 3032 electus
1318 2974 1518 3032 confirmatus

250 3079 378 3135 ecclesie
409 3080 748 3151 quinqueecclesiensis‚
779 3096 883 3137 comes
914 3082 1035 3155 capelle
1058 3086 1088 3138 et
1111 3082 1293 3138 secretarius
1317 3080 1518 3137 cancellarius

251 3184 368 3242 domini
391 3186 539 3243 Lodouici
562 3186 669 3244 eadem
686 3188 790 3259 gracia
809 3189 891 3259 regis
907 3189 1072 3259 Hungarie.
1089 3188 1238 3245 Memorie
1256 3186 1518 3258 commendamus,

251 3292 333 3365 quod
359 3307 431 3349 cum
453 3308 509 3349 nos
532 3292 570 3349 ad
596 3294 761 3366 peticiones
781 3294 929 3377 Johannis
946 3295 1071 3352 Barbati
1094 3299 1123 3351 et
1147 3295 1260 3350 Mathie
1285 3294 1420 3363 litterati,
1444 3293 1519 3366 legi·

250 3399 399 3455 timorum
432 3405 670 3471 procuratorum
702 3399 819 3470 iudicis,
851 3401 1021 3457 iuratorum
1052 3407 1082 3457 et
1105 3401 1322 3457 universorum
1343 3400 1458 3456 civium
1484 3415 1519 3455 ac

251 3503 409 3577 hospitum
433 3502 471 3560 de
495 3508 598 3561 monte
621 3504 732 3575 Grech,
753 3506 936 3577 magistrum
966 3505 1127 3562 Nicolaum
1144 3506 1298 3562 notarium
1316 3511 1344 3561 et
1360 3505 1517 3562 hominem

251 3615 392 3666 nostrum
429 3625 485 3682 pro
521 3611 695 3667 testimonio
727 3609 765 3667 ad
801 3609 1030 3683 infrascriptam
1066 3611 1310 3682 prohibicionem
1346 3609 1517 3667 faciendam

251 3715 446 3772 duxissemus
470 3715 704 3785 destinandum;
732 3716 858 3773 demum
882 3717 965 3774 idem
991 3717 1085 3773 homo
1109 3722 1212 3772 noster
1236 3714 1273 3771 ad
1299 3730 1354 3772 nos
1378 3732 1519 3772 reversus

251 3821 341 3877 nobis
372 3822 478 3878 retulit
512 3837 548 3878 eo
578 3821 682 3892 mod0,
714 3822 796 3894 quod
830 3823 896 3894 ipse
926 3822 1002 3879 feria
1028 3823 1121 3879 tercia
1144 3821 1287 3894 proxima
1312 3826 1382 3894 post
1407 3820 1518 3877 festum

250 3927 474 3999 assumpcionis
499 3927 586 3984 beate
610 3928 739 4000 virginis
763 3928 800 3985 ad
825 3929 1009 4000 magistrum
1030 3928 1233 3984 Laurencium
1250 3927 1518 3999 prothonotarium

251 4037 281 4088 et
304 4047 385 4114 nunc
408 4032 490 4088 vices
513 4038 671 4104 gerentem
697 4031 855 4104 magnifici
880 4034 939 4090 viri
961 4032 1109 4115 Johannis
1133 4032 1272 4103 magistri
1290 4033 1518 4088 tavamicorum

250 4137 403 4208 regalium
427 4138 614 4208 accessisset,
639 4146 668 4195 et
692 4145 833 4212 presente
857 4140 934 4212 ipso,
954 4138 1084 4212 predicti
1100 4148 1316 4211 procuratores
1333 4139 1362 4194 in
1381 4139 1519 4210 personis

252 4246 461 4314 pretactorum
494 4241 612 4313 iudicis,
644 4244 815 4301 iuratorum
847 4251 875 4300 et
907 4245 1122 4301 universorum
1155 4244 1270 4300 civium
1300 4258 1336 4299 ac
1360 4243 1517 4315 hospitum

252 4345 290 4403 de
314 4354 418 4403 monte
440 4345 541 4404 Grech
566 4348 755 4406 solucionem
780 4350 1003 4422 quinquaginta
1018 4365 1195 4406 marcarum
1214 4348 1408 4418 budensium,
1424 4365 1517 4420 quam

252 4453 422 4526 capitulum
447 4455 574 4511 ecclesie
597 4456 804 4527 zagrabiensis
829 4471 886 4528 pro
909 4454 990 4512 sacto
1008 4455 1162 4512 calumnie
1178 4455 1400 4528 prenominatis
1417 4455 1518 4526 iudici,

252 4559 359 4615 iuratis
382 4565 413 4615 et
436 4560 587 4616 universis
611 4561 732 4618 civibus
754 4578 790 4619 ac
813 4562 988 4634 hospitibus
1011 4561 1050 4618 de
1073 4566 1177 4618 monte
1201 4560 1311 4629 Grech,
1329 4574 1432 4616 coram
1451 4561 1519 4633 ipso

252 4666 401 4737 magistro
425 4667 655 4723 tavamicorum
678 4668 833 4740 regalium
857 4669 942 4725 iuxta
961 4668 1184 4725 continenciam
1202 4667 1375 4724 litterarum
1393 4680 1518 4722 suarum

252 4771 284 4826 in
306 4769 428 4829 duabus
458 4771 575 4829 octavis
606 4771 819 4847 infrascriptis,
851 4773 996 4831 videlicet
1017 4774 1048 4831 in
1072 4773 1190 4831 octavis
1211 4772 1279 4830 festi
1302 4772 1384 4829 beati
1404 4771 1514 4854 Jacobi
