<?xml version="1.0" encoding="UTF-8"?>
<!DOCTYPE html PUBLIC "-//W3C//DTD XHTML 1.0 Transitional//EN"
    "http://www.w3.org/TR/xhtml1/DTD/xhtml1-transitional.dtd">
<html xmlns="http://www.w3.org/1999/xhtml" xml:lang="en" lang="en">
 <head>
  <title>
</title>
<meta http-equiv="Content-Type" content="text/html;charset=utf-8" />
  <meta name='ocr-system' content='tesseract 3.04.00' />
  <meta name='ocr-capabilities' content='ocr_page ocr_carea ocr_par ocr_line ocrx_word'/>
</head>
<body>
  <div class='ocr_page' id='page_1' title='image "./monumentahistor11laszgoog_0334.png"; bbox 0 0 3488 5242; ppageno 0'>
   <div class='ocr_carea' id='block_1_1' title="bbox 657 325 1501 410">
    <p class='ocr_par' dir='ltr' id='par_1_1' title="bbox 657 325 1501 410">
     <span class='ocr_line' id='line_1_1' title="bbox 657 325 1501 410; baseline 0.007 -27"><span class='ocrx_word' id='word_1_1' title='bbox 657 327 729 383; x_wconf 76' lang='lat' dir='ltr'>Dor.</span> <span class='ocrx_word' id='word_1_2' title='bbox 755 325 821 385; x_wconf 76' lang='lat'>116.</span> <span class='ocrx_word' id='word_1_3' title='bbox 848 362 884 369; x_wconf 92' lang='lat'>—</span> <span class='ocrx_word' id='word_1_4' title='bbox 908 329 964 386; x_wconf 84' lang='lat' dir='ltr'>An.</span> <span class='ocrx_word' id='word_1_5' title='bbox 987 342 1073 406; x_wconf 78' lang='lat'><em>1321.</em></span> <span class='ocrx_word' id='word_1_6' title='bbox 1461 351 1501 410; x_wconf 84' lang='lat'>99</span> 
     </span>
    </p>
   </div>
   <div class='ocr_carea' id='block_1_2' title="bbox 231 522 1503 2834">
    <p class='ocr_par' dir='ltr' id='par_1_2' title="bbox 231 522 1503 2834">
     <span class='ocr_line' id='line_1_2' title="bbox 234 522 1500 596; baseline 0.005 -17"><span class='ocrx_word' id='word_1_7' title='bbox 234 524 328 580; x_wconf 92' lang='lat' dir='ltr'>locuti</span> <span class='ocrx_word' id='word_1_8' title='bbox 359 522 473 580; x_wconf 86' lang='lat' dir='ltr'>luimus</span> <span class='ocrx_word' id='word_1_9' title='bbox 503 524 720 596; x_wconf 86' lang='lat' dir='ltr'>excepcionem</span> <span class='ocrx_word' id='word_1_10' title='bbox 752 524 884 583; x_wconf 90' lang='lat' dir='ltr'>civitatis</span> <span class='ocrx_word' id='word_1_11' title='bbox 914 525 1147 584; x_wconf 86' lang='lat' dir='ltr'>declinatoriam</span> <span class='ocrx_word' id='word_1_12' title='bbox 1178 527 1275 585; x_wconf 88' lang='lat' dir='ltr'><strong>nostri</strong></span> <span class='ocrx_word' id='word_1_13' title='bbox 1306 526 1411 585; x_wconf 91' lang='lat' dir='ltr'>iudicii</span> <span class='ocrx_word' id='word_1_14' title='bbox 1439 543 1500 586; x_wconf 92' lang='lat' dir='ltr'>non</span> 
     </span>
     <span class='ocr_line' id='line_1_3' title="bbox 235 630 1501 705; baseline 0.004 -20"><span class='ocrx_word' id='word_1_15' title='bbox 235 631 353 691; x_wconf 87' lang='lat' dir='ltr'>valere:</span> <span class='ocrx_word' id='word_1_16' title='bbox 386 645 446 702; x_wconf 90' lang='lat' dir='ltr'>qua</span> <span class='ocrx_word' id='word_1_17' title='bbox 479 630 605 702; x_wconf 86' lang='lat' dir='ltr'>quidem</span> <span class='ocrx_word' id='word_1_18' title='bbox 636 630 874 689; x_wconf 90' lang='lat' dir='ltr'>interlocucione</span> <span class='ocrx_word' id='word_1_19' title='bbox 904 631 992 701; x_wconf 77' lang='lat' dir='ltr'>tacta,</span> <span class='ocrx_word' id='word_1_20' title='bbox 1023 633 1170 705; x_wconf 90' lang='lat' dir='ltr'>magister</span> <span class='ocrx_word' id='word_1_21' title='bbox 1200 632 1338 690; x_wconf 86' lang='lat' dir='ltr'>Thomas</span> <span class='ocrx_word' id='word_1_22' title='bbox 1368 633 1501 691; x_wconf 88' lang='lat' dir='ltr'>civitatis</span> 
     </span>
     <span class='ocr_line' id='line_1_4' title="bbox 233 734 1503 813; baseline 0.006 -22"><span class='ocrx_word' id='word_1_23' title='bbox 233 736 357 792; x_wconf 91' lang='lat' dir='ltr'>nomine</span> <span class='ocrx_word' id='word_1_24' title='bbox 380 736 423 792; x_wconf 92' lang='lat' dir='ltr'>sic</span> <span class='ocrx_word' id='word_1_25' title='bbox 447 734 614 808; x_wconf 87' lang='lat' dir='ltr'>respondit.</span> <span class='ocrx_word' id='word_1_26' title='bbox 639 735 721 807; x_wconf 88' lang='lat' dir='ltr'>quod</span> <span class='ocrx_word' id='word_1_27' title='bbox 747 737 855 794; x_wconf 91' lang='lat' dir='ltr'>civitas</span> <span class='ocrx_word' id='word_1_28' title='bbox 879 739 973 795; x_wconf 87' lang='lat' dir='ltr'>habet</span> <span class='ocrx_word' id='word_1_29' title='bbox 997 738 1197 812; x_wconf 87' lang='lat' dir='ltr'>privilegium</span> <span class='ocrx_word' id='word_1_30' title='bbox 1214 740 1327 812; x_wconf 86' lang='lat' dir='ltr'>regale,</span> <span class='ocrx_word' id='word_1_31' title='bbox 1345 756 1401 812; x_wconf 91' lang='lat' dir='ltr'>per</span> <span class='ocrx_word' id='word_1_32' title='bbox 1417 739 1503 813; x_wconf 89' lang='lat' dir='ltr'>quod</span> 
     </span>
     <span class='ocr_line' id='line_1_5' title="bbox 235 839 1503 916; baseline 0.003 -19"><span class='ocrx_word' id='word_1_33' title='bbox 235 841 433 914; x_wconf 85' lang='lat' dir='ltr'>privilegium</span> <span class='ocrx_word' id='word_1_34' title='bbox 458 839 562 897; x_wconf 89' lang='lat' dir='ltr'>liceret</span> <span class='ocrx_word' id='word_1_35' title='bbox 586 842 707 898; x_wconf 91' lang='lat' dir='ltr'>civibus</span> <span class='ocrx_word' id='word_1_36' title='bbox 732 848 794 898; x_wconf 89' lang='lat' dir='ltr'>tarn</span> <span class='ocrx_word' id='word_1_37' title='bbox 819 843 848 900; x_wconf 96' lang='lat' dir='ltr'>in</span> <span class='ocrx_word' id='word_1_38' title='bbox 872 844 1005 914; x_wconf 91' lang='lat' dir='ltr'>tributis,</span> <span class='ocrx_word' id='word_1_39' title='bbox 1029 859 1124 916; x_wconf 86' lang='lat' dir='ltr'>quam</span> <span class='ocrx_word' id='word_1_40' title='bbox 1149 844 1179 902; x_wconf 93' lang='lat' dir='ltr'>in</span> <span class='ocrx_word' id='word_1_41' title='bbox 1195 845 1265 902; x_wconf 90' lang='lat' dir='ltr'>aliis</span> <span class='ocrx_word' id='word_1_42' title='bbox 1285 845 1503 903; x_wconf 87' lang='lat' dir='ltr'>exaccionibus</span> 
     </span>
     <span class='ocr_line' id='line_1_6' title="bbox 234 946 1503 1024; baseline 0.003 -20"><span class='ocrx_word' id='word_1_43' title='bbox 234 946 377 1004; x_wconf 86' lang='lat' dir='ltr'>inducere</span> <span class='ocrx_word' id='word_1_44' title='bbox 400 947 559 1004; x_wconf 85' lang='lat' dir='ltr'>novitates.</span> <span class='ocrx_word' id='word_1_45' title='bbox 584 947 620 1003; x_wconf 91' lang='lat' dir='ltr'>Et</span> <span class='ocrx_word' id='word_1_46' title='bbox 643 962 698 1003; x_wconf 92' lang='lat' dir='ltr'>nos</span> <span class='ocrx_word' id='word_1_47' title='bbox 728 954 848 1005; x_wconf 89' lang='lat' dir='ltr'>certum</span> <span class='ocrx_word' id='word_1_48' title='bbox 879 950 1045 1007; x_wconf 90' lang='lat' dir='ltr'>terminum</span> <span class='ocrx_word' id='word_1_49' title='bbox 1078 951 1106 1007; x_wconf 90' lang='lat' dir='ltr'>ei</span> <span class='ocrx_word' id='word_1_50' title='bbox 1137 951 1363 1022; x_wconf 86' lang='lat' dir='ltr'>assignavimus</span> <span class='ocrx_word' id='word_1_51' title='bbox 1386 950 1417 1008; x_wconf 93' lang='lat' dir='ltr'>in</span> <span class='ocrx_word' id='word_1_52' title='bbox 1441 964 1503 1024; x_wconf 90' lang='lat' dir='ltr'>quo</span> 
     </span>
     <span class='ocr_line' id='line_1_7' title="bbox 234 1052 1502 1128; baseline 0.003 -18"><span class='ocrx_word' id='word_1_53' title='bbox 234 1054 433 1127; x_wconf 84' lang='lat' dir='ltr'>privilegium</span> <span class='ocrx_word' id='word_1_54' title='bbox 456 1054 609 1123; x_wconf 85' lang='lat' dir='ltr'>exhibeat,</span> <span class='ocrx_word' id='word_1_55' title='bbox 633 1052 716 1125; x_wconf 87' lang='lat' dir='ltr'>quod</span> <span class='ocrx_word' id='word_1_56' title='bbox 738 1054 860 1126; x_wconf 87' lang='lat' dir='ltr'>allegat.</span> <span class='ocrx_word' id='word_1_57' title='bbox 881 1054 1079 1128; x_wconf 82' lang='lat' dir='ltr'>Quoquidem</span> <span class='ocrx_word' id='word_1_58' title='bbox 1095 1057 1227 1113; x_wconf 89' lang='lat' dir='ltr'>termino</span> <span class='ocrx_word' id='word_1_59' title='bbox 1243 1055 1426 1114; x_wconf 84' lang='lat' dir='ltr'>adveniente</span> <span class='ocrx_word' id='word_1_60' title='bbox 1451 1071 1502 1114; x_wconf 86' lang='lat' dir='ltr'>ex-</span> 
     </span>
     <span class='ocr_line' id='line_1_8' title="bbox 233 1160 1502 1234; baseline 0.002 -17"><span class='ocrx_word' id='word_1_61' title='bbox 233 1161 333 1218; x_wconf 91' lang='lat' dir='ltr'>hibuit</span> <span class='ocrx_word' id='word_1_62' title='bbox 357 1160 577 1232; x_wconf 89' lang='lat' dir='ltr'>transcriptum</span> <span class='ocrx_word' id='word_1_63' title='bbox 603 1160 761 1233; x_wconf 90' lang='lat' dir='ltr'>privilegii</span> <span class='ocrx_word' id='word_1_64' title='bbox 790 1160 921 1218; x_wconf 85' lang='lat' dir='ltr'>confecti</span> <span class='ocrx_word' id='word_1_65' title='bbox 951 1176 1045 1234; x_wconf 89' lang='lat' dir='ltr'>super</span> <span class='ocrx_word' id='word_1_66' title='bbox 1076 1161 1272 1219; x_wconf 82' lang='lat' dir='ltr'>libertatibus</span> <span class='ocrx_word' id='word_1_67' title='bbox 1297 1161 1437 1232; x_wconf 87' lang='lat' dir='ltr'>civitatis,</span> <span class='ocrx_word' id='word_1_68' title='bbox 1471 1162 1502 1220; x_wconf 91' lang='lat' dir='ltr'>in</span> 
     </span>
     <span class='ocr_line' id='line_1_9' title="bbox 233 1265 1500 1341; baseline 0.002 -18"><span class='ocrx_word' id='word_1_69' title='bbox 233 1281 295 1337; x_wconf 80' lang='lat' dir='ltr'>quo</span> <span class='ocrx_word' id='word_1_70' title='bbox 318 1267 502 1339; x_wconf 91' lang='lat' dir='ltr'>transcripto</span> <span class='ocrx_word' id='word_1_71' title='bbox 523 1265 617 1323; x_wconf 92' lang='lat' dir='ltr'>nichil</span> <span class='ocrx_word' id='word_1_72' title='bbox 640 1267 854 1324; x_wconf 83' lang='lat' dir='ltr'>continebatur</span> <span class='ocrx_word' id='word_1_73' title='bbox 877 1265 914 1323; x_wconf 91' lang='lat' dir='ltr'>de</span> <span class='ocrx_word' id='word_1_74' title='bbox 937 1267 1004 1335; x_wconf 92' lang='lat' dir='ltr'>hoc,</span> <span class='ocrx_word' id='word_1_75' title='bbox 1029 1265 1113 1338; x_wconf 92' lang='lat' dir='ltr'>quod</span> <span class='ocrx_word' id='word_1_76' title='bbox 1136 1267 1245 1324; x_wconf 89' lang='lat' dir='ltr'>civitas</span> <span class='ocrx_word' id='word_1_77' title='bbox 1268 1268 1390 1341; x_wconf 89' lang='lat' dir='ltr'>aliquas</span> <span class='ocrx_word' id='word_1_78' title='bbox 1412 1269 1500 1326; x_wconf 92' lang='lat' dir='ltr'>novi·</span> 
     </span>
     <span class='ocr_line' id='line_1_10' title="bbox 233 1365 1502 1445; baseline 0.003 -17"><span class='ocrx_word' id='word_1_79' title='bbox 233 1377 309 1428; x_wconf 89' lang='lat' dir='ltr'>tates</span> <span class='ocrx_word' id='word_1_80' title='bbox 333 1372 484 1440; x_wconf 89' lang='lat' dir='ltr'>inducere,</span> <span class='ocrx_word' id='word_1_81' title='bbox 507 1371 560 1429; x_wconf 91' lang='lat' dir='ltr'>vel</span> <span class='ocrx_word' id='word_1_82' title='bbox 583 1387 664 1429; x_wconf 91' lang='lat' dir='ltr'>nova</span> <span class='ocrx_word' id='word_1_83' title='bbox 696 1372 793 1445; x_wconf 88' lang='lat' dir='ltr'>possit</span> <span class='ocrx_word' id='word_1_84' title='bbox 824 1365 968 1429; x_wconf 89' lang='lat' dir='ltr'>salinaria</span> <span class='ocrx_word' id='word_1_85' title='bbox 1000 1373 1183 1430; x_wconf 91' lang='lat' dir='ltr'>constituere</span> <span class='ocrx_word' id='word_1_86' title='bbox 1213 1378 1266 1431; x_wconf 91' lang='lat' dir='ltr'>aut</span> <span class='ocrx_word' id='word_1_87' title='bbox 1289 1373 1413 1432; x_wconf 87' lang='lat' dir='ltr'>tributa.</span> <span class='ocrx_word' id='word_1_88' title='bbox 1438 1375 1502 1433; x_wconf 90' lang='lat' dir='ltr'>Nos</span> 
     </span>
     <span class='ocr_line' id='line_1_11' title="bbox 233 1477 1497 1553; baseline 0.004 -19"><span class='ocrx_word' id='word_1_89' title='bbox 233 1479 327 1547; x_wconf 86' lang='lat' dir='ltr'>igitur</span> <span class='ocrx_word' id='word_1_90' title='bbox 349 1494 421 1534; x_wconf 91' lang='lat' dir='ltr'>cum</span> <span class='ocrx_word' id='word_1_91' title='bbox 445 1479 551 1535; x_wconf 89' lang='lat' dir='ltr'>multis</span> <span class='ocrx_word' id='word_1_92' title='bbox 574 1479 661 1551; x_wconf 90' lang='lat' dir='ltr'>regni</span> <span class='ocrx_word' id='word_1_93' title='bbox 684 1479 843 1535; x_wconf 92' lang='lat' dir='ltr'>nobilibus</span> <span class='ocrx_word' id='word_1_94' title='bbox 867 1479 957 1536; x_wconf 91' lang='lat' dir='ltr'>nobis</span> <span class='ocrx_word' id='word_1_95' title='bbox 988 1477 1194 1537; x_wconf 87' lang='lat' dir='ltr'>assidentibus</span> <span class='ocrx_word' id='word_1_96' title='bbox 1217 1495 1275 1553; x_wconf 89' lang='lat' dir='ltr'>per</span> <span class='ocrx_word' id='word_1_97' title='bbox 1296 1478 1497 1539; x_wconf 85' lang='lat' dir='ltr'>diffinitivam</span> 
     </span>
     <span class='ocr_line' id='line_1_12' title="bbox 232 1584 1501 1662; baseline 0.003 -22"><span class='ocrx_word' id='word_1_98' title='bbox 232 1585 418 1641; x_wconf 83' lang='lat' dir='ltr'>sentenciam</span> <span class='ocrx_word' id='word_1_99' title='bbox 443 1585 741 1658; x_wconf 89' lang='lat' dir='ltr'>condempnavimus</span> <span class='ocrx_word' id='word_1_100' title='bbox 764 1585 863 1657; x_wconf 91' lang='lat' dir='ltr'>ipsam</span> <span class='ocrx_word' id='word_1_101' title='bbox 889 1585 1045 1643; x_wconf 88' lang='lat' dir='ltr'>civitatem</span> <span class='ocrx_word' id='word_1_102' title='bbox 1060 1584 1101 1643; x_wconf 91' lang='lat' dir='ltr'>ad</span> <span class='ocrx_word' id='word_1_103' title='bbox 1116 1585 1341 1643; x_wconf 87' lang='lat' dir='ltr'>restituendum</span> <span class='ocrx_word' id='word_1_104' title='bbox 1363 1587 1501 1662; x_wconf 89' lang='lat' dir='ltr'>capitulo</span> 
     </span>
     <span class='ocr_line' id='line_1_13' title="bbox 235 1690 1502 1764; baseline 0.002 -17"><span class='ocrx_word' id='word_1_105' title='bbox 235 1691 339 1747; x_wconf 89' lang='lat' dir='ltr'>omnia</span> <span class='ocrx_word' id='word_1_106' title='bbox 362 1707 422 1762; x_wconf 88' lang='lat' dir='ltr'>que</span> <span class='ocrx_word' id='word_1_107' title='bbox 446 1691 569 1747; x_wconf 89' lang='lat' dir='ltr'>nomine</span> <span class='ocrx_word' id='word_1_108' title='bbox 592 1697 621 1747; x_wconf 90' lang='lat' dir='ltr'>et</span> <span class='ocrx_word' id='word_1_109' title='bbox 645 1691 827 1749; x_wconf 91' lang='lat' dir='ltr'>hoccasione</span> <span class='ocrx_word' id='word_1_110' title='bbox 857 1690 989 1764; x_wconf 87' lang='lat' dir='ltr'>predicti</span> <span class='ocrx_word' id='word_1_111' title='bbox 1019 1691 1127 1749; x_wconf 90' lang='lat' dir='ltr'>tributi</span> <span class='ocrx_word' id='word_1_112' title='bbox 1156 1691 1320 1749; x_wconf 87' lang='lat' dir='ltr'>filarchina</span> <span class='ocrx_word' id='word_1_113' title='bbox 1352 1693 1502 1750; x_wconf 89' lang='lat' dir='ltr'>nominati</span> 
     </span>
     <span class='ocr_line' id='line_1_14' title="bbox 233 1797 1502 1869; baseline 0.003 -16"><span class='ocrx_word' id='word_1_114' title='bbox 233 1802 262 1853; x_wconf 91' lang='lat' dir='ltr'>et</span> <span class='ocrx_word' id='word_1_115' title='bbox 286 1797 428 1854; x_wconf 76' lang='lat' dir='ltr'>salinario</span> <span class='ocrx_word' id='word_1_116' title='bbox 451 1801 480 1853; x_wconf 87' lang='lat' dir='ltr'>et</span> <span class='ocrx_word' id='word_1_117' title='bbox 512 1811 607 1869; x_wconf 88' lang='lat' dir='ltr'>quam</span> <span class='ocrx_word' id='word_1_118' title='bbox 637 1797 795 1853; x_wconf 88' lang='lat' dir='ltr'>occasione</span> <span class='ocrx_word' id='word_1_119' title='bbox 826 1797 1071 1855; x_wconf 89' lang='lat' dir='ltr'>conservacionis</span> <span class='ocrx_word' id='word_1_120' title='bbox 1101 1797 1179 1855; x_wconf 91' lang='lat' dir='ltr'>iuste</span> <span class='ocrx_word' id='word_1_121' title='bbox 1211 1813 1354 1856; x_wconf 89' lang='lat' dir='ltr'>mensure</span> <span class='ocrx_word' id='word_1_122' title='bbox 1377 1814 1410 1856; x_wconf 88' lang='lat' dir='ltr'>se</span> <span class='ocrx_word' id='word_1_123' title='bbox 1432 1814 1502 1857; x_wconf 85' lang='lat' dir='ltr'>exe·</span> 
     </span>
     <span class='ocr_line' id='line_1_15' title="bbox 232 1901 1501 1976; baseline 0.002 -17"><span class='ocrx_word' id='word_1_124' title='bbox 232 1903 312 1973; x_wconf 85' lang='lat' dir='ltr'>gisse</span> <span class='ocrx_word' id='word_1_125' title='bbox 336 1918 392 1976; x_wconf 89' lang='lat' dir='ltr'>per</span> <span class='ocrx_word' id='word_1_126' title='bbox 414 1917 483 1958; x_wconf 89' lang='lat' dir='ltr'>suas</span> <span class='ocrx_word' id='word_1_127' title='bbox 507 1902 625 1959; x_wconf 90' lang='lat' dir='ltr'>litteras</span> <span class='ocrx_word' id='word_1_128' title='bbox 648 1907 719 1959; x_wconf 91' lang='lat' dir='ltr'>sunt</span> <span class='ocrx_word' id='word_1_129' title='bbox 733 1901 879 1971; x_wconf 86' lang='lat' dir='ltr'>confessi;</span> <span class='ocrx_word' id='word_1_130' title='bbox 904 1902 985 1961; x_wconf 91' lang='lat' dir='ltr'>idem</span> <span class='ocrx_word' id='word_1_131' title='bbox 1010 1903 1162 1960; x_wconf 90' lang='lat' dir='ltr'>tributum</span> <span class='ocrx_word' id='word_1_132' title='bbox 1177 1902 1340 1961; x_wconf 87' lang='lat' dir='ltr'>filarchina</span> <span class='ocrx_word' id='word_1_133' title='bbox 1356 1910 1501 1962; x_wconf 89' lang='lat' dir='ltr'>vocatum</span> 
     </span>
     <span class='ocr_line' id='line_1_16' title="bbox 232 2007 1498 2083; baseline 0.002 -18"><span class='ocrx_word' id='word_1_134' title='bbox 232 2015 261 2065; x_wconf 92' lang='lat' dir='ltr'>et</span> <span class='ocrx_word' id='word_1_135' title='bbox 284 2009 462 2065; x_wconf 88' lang='lat' dir='ltr'>salinariam</span> <span class='ocrx_word' id='word_1_136' title='bbox 479 2007 661 2081; x_wconf 88' lang='lat' dir='ltr'>predictam,</span> <span class='ocrx_word' id='word_1_137' title='bbox 684 2008 807 2066; x_wconf 90' lang='lat' dir='ltr'>tributis</span> <span class='ocrx_word' id='word_1_138' title='bbox 831 2009 924 2080; x_wconf 90' lang='lat' dir='ltr'>regiis</span> <span class='ocrx_word' id='word_1_139' title='bbox 939 2008 1138 2081; x_wconf 89' lang='lat' dir='ltr'>applicatam,</span> <span class='ocrx_word' id='word_1_140' title='bbox 1156 2009 1345 2067; x_wconf 88' lang='lat' dir='ltr'>restituimus</span> <span class='ocrx_word' id='word_1_141' title='bbox 1361 2011 1498 2083; x_wconf 89' lang='lat' dir='ltr'>capitulo</span> 
     </span>
     <span class='ocr_line' id='line_1_17' title="bbox 233 2113 1500 2188; baseline 0.001 -16"><span class='ocrx_word' id='word_1_142' title='bbox 233 2115 418 2188; x_wconf 92' lang='lat' dir='ltr'>supradicto.</span> <span class='ocrx_word' id='word_1_143' title='bbox 448 2114 483 2172; x_wconf 90' lang='lat' dir='ltr'>ln</span> <span class='ocrx_word' id='word_1_144' title='bbox 515 2129 649 2186; x_wconf 86' lang='lat' dir='ltr'>quorum</span> <span class='ocrx_word' id='word_1_145' title='bbox 680 2114 794 2171; x_wconf 90' lang='lat' dir='ltr'>iurium</span> <span class='ocrx_word' id='word_1_146' title='bbox 825 2113 1020 2187; x_wconf 89' lang='lat' dir='ltr'>corporalem</span> <span class='ocrx_word' id='word_1_147' title='bbox 1052 2114 1276 2186; x_wconf 86' lang='lat' dir='ltr'>possessionem</span> <span class='ocrx_word' id='word_1_148' title='bbox 1300 2130 1356 2187; x_wconf 90' lang='lat' dir='ltr'>per</span> <span class='ocrx_word' id='word_1_149' title='bbox 1378 2116 1500 2173; x_wconf 90' lang='lat' dir='ltr'>nobiles</span> 
     </span>
     <span class='ocr_line' id='line_1_18' title="bbox 234 2218 1501 2293; baseline 0.003 -18"><span class='ocrx_word' id='word_1_150' title='bbox 234 2221 317 2278; x_wconf 91' lang='lat' dir='ltr'>viros</span> <span class='ocrx_word' id='word_1_151' title='bbox 341 2222 484 2278; x_wconf 89' lang='lat' dir='ltr'>comitem</span> <span class='ocrx_word' id='word_1_152' title='bbox 510 2219 682 2290; x_wconf 88' lang='lat' dir='ltr'>Nicolaum,</span> <span class='ocrx_word' id='word_1_153' title='bbox 706 2219 807 2277; x_wconf 90' lang='lat' dir='ltr'>filium</span> <span class='ocrx_word' id='word_1_154' title='bbox 839 2218 995 2292; x_wconf 73' lang='lat' dir='ltr'>Stephani,</span> <span class='ocrx_word' id='word_1_155' title='bbox 1019 2218 1093 2276; x_wconf 93' lang='lat' dir='ltr'>dicti</span> <span class='ocrx_word' id='word_1_156' title='bbox 1120 2219 1249 2293; x_wconf 91' lang='lat' dir='ltr'>Chupor</span> <span class='ocrx_word' id='word_1_157' title='bbox 1276 2219 1315 2278; x_wconf 90' lang='lat' dir='ltr'>de</span> <span class='ocrx_word' id='word_1_158' title='bbox 1338 2221 1501 2279; x_wconf 88' lang='lat' dir='ltr'>Monoslov</span> 
     </span>
     <span class='ocr_line' id='line_1_19' title="bbox 232 2324 1500 2400; baseline 0 -15"><span class='ocrx_word' id='word_1_159' title='bbox 232 2336 262 2385; x_wconf 91' lang='lat' dir='ltr'>et</span> <span class='ocrx_word' id='word_1_160' title='bbox 285 2344 341 2400; x_wconf 88' lang='lat' dir='ltr'>per</span> <span class='ocrx_word' id='word_1_161' title='bbox 366 2328 512 2385; x_wconf 88' lang='lat' dir='ltr'>comitem</span> <span class='ocrx_word' id='word_1_162' title='bbox 535 2325 726 2399; x_wconf 89' lang='lat' dir='ltr'>Stephanum</span> <span class='ocrx_word' id='word_1_163' title='bbox 743 2325 781 2383; x_wconf 87' lang='lat' dir='ltr'>de</span> <span class='ocrx_word' id='word_1_164' title='bbox 799 2324 933 2382; x_wconf 90' lang='lat' dir='ltr'>Vinodol</span> <span class='ocrx_word' id='word_1_165' title='bbox 949 2325 1052 2398; x_wconf 92' lang='lat' dir='ltr'>ipsum</span> <span class='ocrx_word' id='word_1_166' title='bbox 1068 2325 1241 2398; x_wconf 91' lang='lat' dir='ltr'>capitulum</span> <span class='ocrx_word' id='word_1_167' title='bbox 1261 2324 1391 2383; x_wconf 85' lang='lat' dir='ltr'>lecimus</span> <span class='ocrx_word' id='word_1_168' title='bbox 1407 2327 1500 2385; x_wconf 80' lang='lat' dir='ltr'>iutro</span> 
     </span>
     <span class='ocr_line' id='line_1_20' title="bbox 232 2430 1500 2507; baseline 0 -16"><span class='ocrx_word' id='word_1_169' title='bbox 232 2433 310 2491; x_wconf 88' lang='lat' dir='ltr'>duci.</span> <span class='ocrx_word' id='word_1_170' title='bbox 336 2435 430 2491; x_wconf 86' lang='lat' dir='ltr'>Porro</span> <span class='ocrx_word' id='word_1_171' title='bbox 454 2450 491 2490; x_wconf 86' lang='lat' dir='ltr'>ex</span> <span class='ocrx_word' id='word_1_172' title='bbox 515 2432 648 2507; x_wconf 88' lang='lat' dir='ltr'>presenti</span> <span class='ocrx_word' id='word_1_173' title='bbox 673 2432 825 2489; x_wconf 91' lang='lat' dir='ltr'>sentencia</span> <span class='ocrx_word' id='word_1_174' title='bbox 844 2430 1003 2488; x_wconf 90' lang='lat' dir='ltr'>nobilibus</span> <span class='ocrx_word' id='word_1_175' title='bbox 1026 2437 1056 2488; x_wconf 88' lang='lat' dir='ltr'>et</span> <span class='ocrx_word' id='word_1_176' title='bbox 1079 2431 1188 2488; x_wconf 93' lang='lat' dir='ltr'>incolis</span> <span class='ocrx_word' id='word_1_177' title='bbox 1204 2432 1290 2505; x_wconf 85' lang='lat' dir='ltr'>regni</span> <span class='ocrx_word' id='word_1_178' title='bbox 1319 2432 1500 2505; x_wconf 90' lang='lat' dir='ltr'>inquorum</span> 
     </span>
     <span class='ocr_line' id='line_1_21' title="bbox 233 2537 1501 2613; baseline 0.001 -17"><span class='ocrx_word' id='word_1_179' title='bbox 233 2540 374 2596; x_wconf 88' lang='lat' dir='ltr'>iniuriam</span> <span class='ocrx_word' id='word_1_180' title='bbox 399 2543 616 2613; x_wconf 92' lang='lat' dir='ltr'>proponuntur</span> <span class='ocrx_word' id='word_1_181' title='bbox 637 2538 776 2612; x_wconf 89' lang='lat' dir='ltr'>predicta</span> <span class='ocrx_word' id='word_1_182' title='bbox 808 2552 887 2595; x_wconf 92' lang='lat' dir='ltr'>nova</span> <span class='ocrx_word' id='word_1_183' title='bbox 917 2537 1061 2594; x_wconf 89' lang='lat' dir='ltr'>salinaria</span> <span class='ocrx_word' id='word_1_184' title='bbox 1085 2537 1272 2608; x_wconf 84' lang='lat' dir='ltr'>introducta,</span> <span class='ocrx_word' id='word_1_185' title='bbox 1300 2538 1423 2596; x_wconf 91' lang='lat' dir='ltr'>nullum</span> <span class='ocrx_word' id='word_1_186' title='bbox 1446 2553 1501 2597; x_wconf 90' lang='lat' dir='ltr'>vo-</span> 
     </span>
     <span class='ocr_line' id='line_1_22' title="bbox 232 2644 1501 2718; baseline 0 -16"><span class='ocrx_word' id='word_1_187' title='bbox 232 2646 336 2702; x_wconf 93' lang='lat' dir='ltr'>lumus</span> <span class='ocrx_word' id='word_1_188' title='bbox 360 2645 564 2718; x_wconf 87' lang='lat' dir='ltr'>preludicium</span> <span class='ocrx_word' id='word_1_189' title='bbox 594 2645 742 2717; x_wconf 85' lang='lat' dir='ltr'>generari,</span> <span class='ocrx_word' id='word_1_190' title='bbox 775 2644 941 2717; x_wconf 89' lang='lat' dir='ltr'>quominus</span> <span class='ocrx_word' id='word_1_191' title='bbox 971 2658 1059 2701; x_wconf 90' lang='lat' dir='ltr'>suam</span> <span class='ocrx_word' id='word_1_192' title='bbox 1090 2644 1244 2702; x_wconf 87' lang='lat' dir='ltr'>iusticiam</span> <span class='ocrx_word' id='word_1_193' title='bbox 1273 2649 1501 2718; x_wconf 89' lang='lat' dir='ltr'>prosequantur</span> 
     </span>
     <span class='ocr_line' id='line_1_23' title="bbox 231 2749 1500 2834; baseline 0 -26"><span class='ocrx_word' id='word_1_194' title='bbox 231 2757 337 2809; x_wconf 87' lang='lat' dir='ltr'>contra</span> <span class='ocrx_word' id='word_1_195' title='bbox 361 2752 516 2824; x_wconf 90' lang='lat' dir='ltr'>quoslibet</span> <span class='ocrx_word' id='word_1_196' title='bbox 539 2768 612 2825; x_wconf 91' lang='lat' dir='ltr'>sepe</span> <span class='ocrx_word' id='word_1_197' title='bbox 634 2750 714 2808; x_wconf 92' lang='lat' dir='ltr'>dicte</span> <span class='ocrx_word' id='word_1_198' title='bbox 743 2750 886 2807; x_wconf 89' lang='lat' dir='ltr'>salinarie</span> <span class='ocrx_word' id='word_1_199' title='bbox 917 2765 1115 2823; x_wconf 89' lang='lat' dir='ltr'>possessores.</span> <span class='ocrx_word' id='word_1_200' title='bbox 1139 2750 1256 2807; x_wconf 92' lang='lat' dir='ltr'>Datum</span> <span class='ocrx_word' id='word_1_201' title='bbox 1285 2749 1445 2834; x_wconf 88' lang='lat' dir='ltr'>Zagrabie,</span> <span class='ocrx_word' id='word_1_202' title='bbox 1468 2752 1500 2809; x_wconf 95' lang='lat' dir='ltr'>in</span> 
     </span>
    </p>
   </div>
   <div class='ocr_carea' id='block_1_3' title="bbox 232 2855 1500 3037">
    <p class='ocr_par' dir='ltr' id='par_1_3' title="bbox 232 2855 1500 3037">
     <span class='ocr_line' id='line_1_24' title="bbox 232 2855 1500 2930; baseline 0 -16"><span class='ocrx_word' id='word_1_203' title='bbox 232 2859 471 2930; x_wconf 83' lang='lat' dir='ltr'>congregacione</span> <span class='ocrx_word' id='word_1_204' title='bbox 494 2863 607 2927; x_wconf 91' lang='lat' dir='ltr'>nostra,</span> <span class='ocrx_word' id='word_1_205' title='bbox 636 2857 665 2914; x_wconf 92' lang='lat' dir='ltr'>in</span> <span class='ocrx_word' id='word_1_206' title='bbox 691 2857 823 2914; x_wconf 88' lang='lat' dir='ltr'>crastino</span> <span class='ocrx_word' id='word_1_207' title='bbox 839 2855 1014 2914; x_wconf 84' lang='lat' dir='ltr'>festivitatis</span> <span class='ocrx_word' id='word_1_208' title='bbox 1030 2857 1126 2914; x_wconf 88' lang='lat' dir='ltr'>sancti</span> <span class='ocrx_word' id='word_1_209' title='bbox 1141 2857 1222 2929; x_wconf 86' lang='lat' dir='ltr'>regis</span> <span class='ocrx_word' id='word_1_210' title='bbox 1238 2856 1393 2930; x_wconf 90' lang='lat' dir='ltr'>Stephani.</span> <span class='ocrx_word' id='word_1_211' title='bbox 1409 2856 1500 2915; x_wconf 85' lang='lat' dir='ltr'>Anno</span> 
     </span>
     <span class='ocr_line' id='line_1_25' title="bbox 232 2962 675 3037; baseline -0.002 -17"><span class='ocrx_word' id='word_1_212' title='bbox 232 2962 350 3020; x_wconf 93' lang='lat' dir='ltr'>domini</span> <span class='ocrx_word' id='word_1_213' title='bbox 374 2963 542 3020; x_wconf 84' lang='lat' dir='ltr'>MCCCXX</span> <span class='ocrx_word' id='word_1_214' title='bbox 565 2963 675 3037; x_wconf 91' lang='lat' dir='ltr'>primo.</span> 
     </span>
    </p>
   </div>
   <div class='ocr_carea' id='block_1_4' title="bbox 232 3115 1495 3271">
    <p class='ocr_par' dir='ltr' id='par_1_4' title="bbox 232 3115 1495 3271">
     <span class='ocr_line' id='line_1_26' title="bbox 322 3115 1495 3181; baseline 0.002 -17"><span class='ocrx_word' id='word_1_215' title='bbox 322 3117 341 3164; x_wconf 83' lang='lat' dir='ltr'>E</span> <span class='ocrx_word' id='word_1_216' title='bbox 363 3124 526 3180; x_wconf 85' lang='lat' dir='ltr'>transumpto</span> <span class='ocrx_word' id='word_1_217' title='bbox 551 3116 662 3181; x_wconf 86' lang='lat' dir='ltr'>capituli</span> <span class='ocrx_word' id='word_1_218' title='bbox 689 3115 836 3174; x_wconf 69' lang='lat' dir='ltr'>dusmensis,</span> <span class='ocrx_word' id='word_1_219' title='bbox 856 3117 948 3166; x_wconf 85' lang='lat' dir='ltr'>eodem</span> <span class='ocrx_word' id='word_1_220' title='bbox 967 3131 1041 3166; x_wconf 90' lang='lat' dir='ltr'>anuo.</span> <span class='ocrx_word' id='word_1_221' title='bbox 1068 3115 1098 3165; x_wconf 91' lang='lat' dir='ltr'>ln</span> <span class='ocrx_word' id='word_1_222' title='bbox 1117 3116 1274 3166; x_wconf 85' lang='lat' dir='ltr'>membrana.</span> <span class='ocrx_word' id='word_1_223' title='bbox 1295 3115 1324 3165; x_wconf 90' lang='lat' dir='ltr'>In</span> <span class='ocrx_word' id='word_1_224' title='bbox 1344 3115 1415 3165; x_wconf 90' lang='lat' dir='ltr'>arch.</span> <span class='ocrx_word' id='word_1_225' title='bbox 1437 3132 1495 3166; x_wconf 87' lang='lat' dir='ltr'>ven.</span> 
     </span>
     <span class='ocr_line' id='line_1_27' title="bbox 232 3204 757 3271; baseline -0.006 -15"><span class='ocrx_word' id='word_1_226' title='bbox 232 3222 286 3271; x_wconf 86' lang='lat' dir='ltr'>cap.</span> <span class='ocrx_word' id='word_1_227' title='bbox 307 3207 368 3254; x_wconf 85' lang='lat' dir='ltr'>ecel.</span> <span class='ocrx_word' id='word_1_228' title='bbox 389 3206 493 3269; x_wconf 77' lang='lat' dir='ltr'>zagrab.</span> <span class='ocrx_word' id='word_1_229' title='bbox 515 3204 577 3255; x_wconf 83' lang='lat' dir='ltr'>fase.</span> <span class='ocrx_word' id='word_1_230' title='bbox 601 3215 638 3254; x_wconf 92' lang='lat'>10.</span> <span class='ocrx_word' id='word_1_231' title='bbox 658 3220 696 3254; x_wconf 90' lang='lat' dir='ltr'>nr.</span> <span class='ocrx_word' id='word_1_232' title='bbox 716 3213 757 3265; x_wconf 73' lang='lat'>47.</span> 
     </span>
    </p>
   </div>
   <div class='ocr_carea' id='block_1_5' title="bbox 774 3488 903 3586">
    <p class='ocr_par' dir='ltr' id='par_1_5' title="bbox 774 3488 903 3586">
     <span class='ocr_line' id='line_1_28' title="bbox 774 3488 903 3586; baseline -0.008 -30"><span class='ocrx_word' id='word_1_233' title='bbox 774 3577 779 3586; x_wconf 22' lang='grc' dir='ltr'>ι</span> <span class='ocrx_word' id='word_1_234' title='bbox 825 3488 903 3556; x_wconf 84' lang='lat'>116.</span> 
     </span>
    </p>
   </div>
   <div class='ocr_carea' id='block_1_6' title="bbox 320 3635 854 3714">
    <p class='ocr_par' dir='ltr' id='par_1_6' title="bbox 320 3635 854 3714">
     <span class='ocr_line' id='line_1_29' title="bbox 320 3635 854 3714; baseline -0.006 -13"><span class='ocrx_word' id='word_1_235' title='bbox 320 3655 395 3701; x_wconf 78' lang='lat' dir='ltr'>Anno</span> <span class='ocrx_word' id='word_1_236' title='bbox 418 3660 491 3709; x_wconf 82' lang='lat'>1321.</span> <span class='ocrx_word' id='word_1_237' title='bbox 515 3659 534 3698; x_wconf 89' lang='lat'>1.</span> <span class='ocrx_word' id='word_1_238' title='bbox 555 3648 720 3714; x_wconf 87' lang='lat' dir='ltr'>septembris,</span> <span class='ocrx_word' id='word_1_239' title='bbox 740 3635 854 3698; x_wconf 65' lang='lat' dir='ltr'>Casmae.</span> 
     </span>
    </p>
   </div>
   <div class='ocr_carea' id='block_1_7' title="bbox 336 3776 1389 3941">
    <p class='ocr_par' dir='ltr' id='par_1_7' title="bbox 336 3776 1389 3941">
     <span class='ocr_line' id='line_1_30' title="bbox 336 3776 1389 3852; baseline 0.001 -16"><span class='ocrx_word' id='word_1_240' title='bbox 336 3780 498 3852; x_wconf 74' lang='lat' dir='ltr'>Grpitnlmn</span> <span class='ocrx_word' id='word_1_241' title='bbox 528 3778 667 3835; x_wconf 73' lang='lat' dir='ltr'>cirsnrense</span> <span class='ocrx_word' id='word_1_242' title='bbox 696 3778 882 3834; x_wconf 81' lang='lat' dir='ltr'>transmnnvit</span> <span class='ocrx_word' id='word_1_243' title='bbox 909 3778 1019 3835; x_wconf 81' lang='lat' dir='ltr'>litteras</span> <span class='ocrx_word' id='word_1_244' title='bbox 1046 3777 1182 3835; x_wconf 81' lang='lat' dir='ltr'>tributum</span> <span class='ocrx_word' id='word_1_245' title='bbox 1204 3776 1389 3852; x_wconf 77' lang='lat' dir='ltr'>zagrabt&#39;eme</span> 
     </span>
     <span class='ocr_line' id='line_1_31' title="bbox 766 3892 966 3941; baseline 0.005 -2"><span class='ocrx_word' id='word_1_246' title='bbox 766 3892 966 3941; x_wconf 80' lang='lat' dir='ltr'>concernentes.</span> 
     </span>
    </p>
   </div>
   <div class='ocr_carea' id='block_1_8' title="bbox 231 4047 1498 4754">
    <p class='ocr_par' dir='ltr' id='par_1_8' title="bbox 231 4047 1498 4754">
     <span class='ocr_line' id='line_1_32' title="bbox 320 4047 1497 4122; baseline -0.001 -16"><span class='ocrx_word' id='word_1_247' title='bbox 320 4049 383 4106; x_wconf 88' lang='lat' dir='ltr'>Nos</span> <span class='ocrx_word' id='word_1_248' title='bbox 406 4048 577 4122; x_wconf 91' lang='lat' dir='ltr'>capitulum</span> <span class='ocrx_word' id='word_1_249' title='bbox 601 4047 788 4105; x_wconf 89' lang='lat' dir='ltr'>chasmensis</span> <span class='ocrx_word' id='word_1_250' title='bbox 805 4047 938 4104; x_wconf 89' lang='lat' dir='ltr'>ecclesie.</span> <span class='ocrx_word' id='word_1_251' title='bbox 960 4048 1107 4105; x_wconf 90' lang='lat' dir='ltr'>Memorie</span> <span class='ocrx_word' id='word_1_252' title='bbox 1131 4047 1382 4104; x_wconf 91' lang='lat' dir='ltr'>commendantes</span> <span class='ocrx_word' id='word_1_253' title='bbox 1404 4048 1497 4119; x_wconf 87' lang='lat' dir='ltr'>signi·</span> 
     </span>
     <span class='ocr_line' id='line_1_33' title="bbox 232 4153 1498 4226; baseline -0.002 -14"><span class='ocrx_word' id='word_1_254' title='bbox 232 4155 361 4212; x_wconf 84' lang='lat' dir='ltr'>ficamus</span> <span class='ocrx_word' id='word_1_255' title='bbox 385 4155 498 4226; x_wconf 87' lang='lat' dir='ltr'>quibus</span> <span class='ocrx_word' id='word_1_256' title='bbox 522 4153 646 4226; x_wconf 86' lang='lat' dir='ltr'>expedit</span> <span class='ocrx_word' id='word_1_257' title='bbox 669 4153 821 4210; x_wconf 90' lang='lat' dir='ltr'>universis</span> <span class='ocrx_word' id='word_1_258' title='bbox 845 4154 1038 4226; x_wconf 90' lang='lat' dir='ltr'>presencium</span> <span class='ocrx_word' id='word_1_259' title='bbox 1064 4169 1120 4226; x_wconf 91' lang='lat' dir='ltr'>per</span> <span class='ocrx_word' id='word_1_260' title='bbox 1142 4159 1290 4217; x_wconf 90' lang='lat' dir='ltr'>tenorem,</span> <span class='ocrx_word' id='word_1_261' title='bbox 1314 4153 1396 4225; x_wconf 84' lang='lat' dir='ltr'>quod</span> <span class='ocrx_word' id='word_1_262' title='bbox 1418 4169 1498 4210; x_wconf 92' lang='lat' dir='ltr'>anno</span> 
     </span>
     <span class='ocr_line' id='line_1_34' title="bbox 231 4258 1497 4333; baseline -0.001 -16"><span class='ocrx_word' id='word_1_263' title='bbox 231 4261 350 4318; x_wconf 90' lang='lat' dir='ltr'>domini</span> <span class='ocrx_word' id='word_1_264' title='bbox 373 4260 481 4317; x_wconf 82' lang='lat' dir='ltr'>MCCC</span> <span class='ocrx_word' id='word_1_265' title='bbox 513 4260 671 4332; x_wconf 77' lang='lat' dir='ltr'>vicesymo</span> <span class='ocrx_word' id='word_1_266' title='bbox 703 4260 805 4333; x_wconf 90' lang='lat' dir='ltr'>primo</span> <span class='ocrx_word' id='word_1_267' title='bbox 832 4259 965 4316; x_wconf 86' lang='lat' dir='ltr'>infesto</span> <span class='ocrx_word' id='word_1_268' title='bbox 996 4259 1078 4316; x_wconf 90' lang='lat' dir='ltr'>beati</span> <span class='ocrx_word' id='word_1_269' title='bbox 1109 4258 1210 4331; x_wconf 87' lang='lat' dir='ltr'>ngdii</span> <span class='ocrx_word' id='word_1_270' title='bbox 1237 4258 1428 4327; x_wconf 71' lang='lat' dir='ltr'>confessoris</span> <span class='ocrx_word' id='word_1_271' title='bbox 1452 4258 1497 4316; x_wconf 93' lang='lat' dir='ltr'>di·</span> 
     </span>
     <span class='ocr_line' id='line_1_35' title="bbox 231 4363 1496 4447; baseline -0.002 -24"><span class='ocrx_word' id='word_1_272' title='bbox 231 4368 320 4424; x_wconf 79' lang='lat' dir='ltr'>scroti</span> <span class='ocrx_word' id='word_1_273' title='bbox 345 4367 412 4431; x_wconf 89' lang='lat' dir='ltr'>viri,</span> <span class='ocrx_word' id='word_1_274' title='bbox 438 4366 588 4438; x_wconf 87' lang='lat' dir='ltr'>magistri,</span> <span class='ocrx_word' id='word_1_275' title='bbox 610 4365 754 4423; x_wconf 86' lang='lat' dir='ltr'>videlieet</span> <span class='ocrx_word' id='word_1_276' title='bbox 785 4365 939 4447; x_wconf 76' lang='lat' dir='ltr'>johannes</span> <span class='ocrx_word' id='word_1_277' title='bbox 962 4369 992 4421; x_wconf 90' lang='lat' dir='ltr'>ct</span> <span class='ocrx_word' id='word_1_278' title='bbox 1016 4363 1168 4436; x_wconf 88' lang='lat' dir='ltr'>Georgius</span> <span class='ocrx_word' id='word_1_279' title='bbox 1191 4363 1333 4434; x_wconf 74' lang='lat' dir='ltr'>decanus,</span> <span class='ocrx_word' id='word_1_280' title='bbox 1360 4365 1496 4421; x_wconf 85' lang='lat' dir='ltr'>canonici</span> 
     </span>
     <span class='ocr_line' id='line_1_36' title="bbox 231 4469 1497 4544; baseline -0.002 -14"><span class='ocrx_word' id='word_1_281' title='bbox 231 4474 358 4530; x_wconf 87' lang='lat' dir='ltr'>ecclesie</span> <span class='ocrx_word' id='word_1_282' title='bbox 389 4473 595 4544; x_wconf 90' lang='lat' dir='ltr'>zagrabiensis</span> <span class='ocrx_word' id='word_1_283' title='bbox 629 4469 667 4528; x_wconf 90' lang='lat' dir='ltr'>ad</span> <span class='ocrx_word' id='word_1_284' title='bbox 699 4476 837 4527; x_wconf 89' lang='lat' dir='ltr'>nostram</span> <span class='ocrx_word' id='word_1_285' title='bbox 868 4469 1045 4527; x_wconf 88' lang='lat' dir='ltr'>accedentes</span> <span class='ocrx_word' id='word_1_286' title='bbox 1075 4470 1280 4542; x_wconf 89' lang='lat' dir='ltr'>personaliter</span> <span class='ocrx_word' id='word_1_287' title='bbox 1306 4471 1497 4543; x_wconf 89' lang='lat' dir='ltr'>presenciam</span> 
     </span>
     <span class='ocr_line' id='line_1_37' title="bbox 231 4569 1496 4657; baseline -0.005 -21"><span class='ocrx_word' id='word_1_288' title='bbox 231 4579 437 4636; x_wconf 89' lang='lat' dir='ltr'>exhibuerunt</span> <span class='ocrx_word' id='word_1_289' title='bbox 462 4578 552 4635; x_wconf 92' lang='lat' dir='ltr'>nobis</span> <span class='ocrx_word' id='word_1_290' title='bbox 576 4578 693 4634; x_wconf 87' lang='lat' dir='ltr'>litteras</span> <span class='ocrx_word' id='word_1_291' title='bbox 714 4576 925 4648; x_wconf 85' lang='lat' dir='ltr'>privilegiales</span> <span class='ocrx_word' id='word_1_292' title='bbox 941 4573 1098 4646; x_wconf 87' lang='lat' dir='ltr'>magnifici</span> <span class='ocrx_word' id='word_1_293' title='bbox 1114 4576 1172 4632; x_wconf 90' lang='lat' dir='ltr'>viri</span> <span class='ocrx_word' id='word_1_294' title='bbox 1190 4574 1307 4632; x_wconf 91' lang='lat' dir='ltr'>domini</span> <span class='ocrx_word' id='word_1_295' title='bbox 1323 4569 1496 4657; x_wconf 74' lang='lat' dir='ltr'>J(ohaunisl</span> 
     </span>
     <span class='ocr_line' id='line_1_38' title="bbox 233 4680 1491 4754; baseline -0.002 -14"><span class='ocrx_word' id='word_1_296' title='bbox 233 4686 302 4740; x_wconf 90' lang='lat' dir='ltr'>bani</span> <span class='ocrx_word' id='word_1_297' title='bbox 327 4685 424 4741; x_wconf 88' lang='lat' dir='ltr'>tocius</span> <span class='ocrx_word' id='word_1_298' title='bbox 446 4683 617 4741; x_wconf 84' lang='lat' dir='ltr'>Sclauonie.</span> <span class='ocrx_word' id='word_1_299' title='bbox 650 4688 786 4754; x_wconf 89' lang='lat' dir='ltr'>petentes</span> <span class='ocrx_word' id='word_1_300' title='bbox 809 4697 880 4738; x_wconf 89' lang='lat' dir='ltr'>cum</span> <span class='ocrx_word' id='word_1_301' title='bbox 904 4681 1061 4749; x_wconf 90' lang='lat' dir='ltr'>instancia,</span> <span class='ocrx_word' id='word_1_302' title='bbox 1084 4687 1117 4737; x_wconf 91' lang='lat' dir='ltr'>ut</span> <span class='ocrx_word' id='word_1_303' title='bbox 1141 4687 1279 4737; x_wconf 90' lang='lat' dir='ltr'>tenorem</span> <span class='ocrx_word' id='word_1_304' title='bbox 1304 4687 1334 4737; x_wconf 89' lang='lat' dir='ltr'>et</span> <span class='ocrx_word' id='word_1_305' title='bbox 1358 4680 1491 4738; x_wconf 79' lang='lat' dir='ltr'>formam</span> 
     </span>
    </p>
   </div>
   <div class='ocr_carea' id='block_1_9' title="bbox 231 4784 1497 4932">
    <p class='ocr_par' dir='ltr' id='par_1_9' title="bbox 231 4784 1497 4932">
     <span class='ocr_line' id='line_1_39' title="bbox 231 4784 1497 4858; baseline -0.003 -10"><span class='ocrx_word' id='word_1_306' title='bbox 231 4789 411 4848; x_wconf 88' lang='lat' dir='ltr'>earumdem</span> <span class='ocrx_word' id='word_1_307' title='bbox 433 4787 471 4845; x_wconf 92' lang='lat' dir='ltr'>de</span> <span class='ocrx_word' id='word_1_308' title='bbox 496 4789 593 4846; x_wconf 88' lang='lat' dir='ltr'>verbo</span> <span class='ocrx_word' id='word_1_309' title='bbox 616 4786 653 4844; x_wconf 92' lang='lat' dir='ltr'>ad</span> <span class='ocrx_word' id='word_1_310' title='bbox 677 4787 811 4845; x_wconf 91' lang='lat' dir='ltr'>verbum</span> <span class='ocrx_word' id='word_1_311' title='bbox 826 4786 938 4843; x_wconf 89' lang='lat' dir='ltr'>nostris</span> <span class='ocrx_word' id='word_1_312' title='bbox 953 4786 985 4843; x_wconf 90' lang='lat' dir='ltr'>in</span> <span class='ocrx_word' id='word_1_313' title='bbox 1000 4786 1111 4843; x_wconf 90' lang='lat' dir='ltr'>litteris</span> <span class='ocrx_word' id='word_1_314' title='bbox 1136 4784 1384 4858; x_wconf 83' lang='lat' dir='ltr'>privilegialibus</span> <span class='ocrx_word' id='word_1_315' title='bbox 1403 4785 1497 4844; x_wconf 89' lang='lat' dir='ltr'>inseri</span> 
     </span>
     <span class='ocr_line' id='line_1_40' title="bbox 1377 4899 1392 4932; baseline 0 0"><span class='ocrx_word' id='word_1_316' title='bbox 1377 4899 1392 4932; x_wconf 62' lang='grc' dir='ltr'>ί</span> 
     </span>
    </p>
   </div>
   <div class='ocr_carea' id='block_1_10' title="bbox 0 0 1748 5242">
    <p class='ocr_par' dir='ltr' id='par_1_10' title="bbox 0 0 1748 5242">
     <span class='ocr_line' id='line_1_41' title="bbox 0 0 1748 5242; baseline 0 0"><span class='ocrx_word' id='word_1_317' title='bbox 0 0 1748 5242; x_wconf 95' lang='lat' dir='ltr'> </span> 
     </span>
    </p>
   </div>
  </div>
 </body>
</html>
