3488 5242
635 311 797 388 Doc.135.
826 345 862 354 -
888 312 944 369 An.
969 307 1057 388 1326.
1417 330 1475 384 117

208 510 387 582 symigiensi
413 517 443 567 et
466 510 504 567 de
527 509 629 579 Serus,
653 510 750 567 Paulo
773 511 855 568 bano
878 509 916 566 de
940 512 1079 580 Machou‚
1106 512 1218 569 comite
1240 512 1412 583 syrmiensi,
1438 511 1476 569 de

209 614 345 671 Wollrou
381 623 411 672 et
442 615 480 671 de
513 614 645 686 Bodrug,
682 615 820 672 Dionisio
856 617 1005 688 magistro
1041 615 1253 690 dapiferorum
1288 625 1477 687 nostrorum,

208 720 310 777 Blasio
335 723 483 792 magistro
515 736 683 793 agazonum
715 727 901 792 nostrorum,
935 722 1063 779 Nicolao
1093 721 1176 779 dicto
1207 722 1335 779 Treutul
1367 723 1479 780 comite

208 827 383 899 posomensi
415 832 445 883 et
475 827 544 884 aliis
577 841 671 899 quam
701 827 847 899 pluribus
879 828 965 900 regni
996 829 1091 884 nostri
1119 829 1283 885 comitatus
1306 827 1479 884 tenentibus

209 940 238 989 et
261 933 400 989 honores.

296 1049 435 1112 Originale
456 1048 481 1098 in
501 1050 658 1099 membrana.
685 1055 707 1100 A
733 1051 832 1101 sericea
857 1067 949 1101 crocea
975 1059 1000 1102 et
1024 1052 1092 1102 llava
1111 1067 1175 1100 zona
1194 1053 1327 1117 appendet
1347 1051 1474 1116 sigillum.

209 1136 240 1186 ln
263 1136 371 1186 archivo
392 1152 447 1186 ven.
469 1151 525 1201 cap.
544 1140 648 1203 zagrab.
668 1138 728 1188 lasc.
751 1149 771 1188 1.
791 1154 830 1188 nr.
850 1149 873 1197 5.

801 1318 882 1384 135.

314 1442 389 1489 Anno
412 1440 484 1498 1326,
503 1454 527 1501 4.
549 1440 672 1490 octobris.
693 1441 845 1506 Zagrabiae.

232 1567 365 1641 Capitale
387 1569 502 1641 zagrab.
527 1585 622 1624 corum
646 1569 787 1625 ltsicolaus
809 1569 844 1626 dc
866 1569 973 1626 Mlaka
992 1571 1192 1642 possessionem
1216 1588 1298 1625 suum
1322 1569 1455 1627 Petrovce'

379 1674 450 1746 ,sub
471 1681 567 1731 castro
582 1674 725 1732 Medvcd“
750 1677 844 1745 sitam,
867 1677 1003 1733 Dionisio
1025 1677 1159 1734 canonico
1175 1676 1299 1750 fatetur.

297 1799 479 1872 Capitulum
503 1800 630 1857 ecclesie
645 1802 861 1872 zagrabiensis.
879 1803 1031 1860 Omnibus
1048 1801 1163 1859 Christi
1182 1801 1329 1859 fidelibus
1350 1818 1478 1876 presens

210 1907 359 1978 scriptum
384 1907 566 1978 inspecturis
590 1907 723 1964 salutem
746 1908 776 1964 in
800 1906 934 1965 domino.
959 1907 1007 1964 Ad
1025 1908 1243 1965 universorum
1258 1908 1404 1965 noticiam
1421 1909 1476 1966 ha-

209 2026 279 2067 rum
304 2011 381 2067 serie
404 2011 550 2068 volumus
572 2013 743 2084 pervenire,
768 2013 852 2086 quod
877 2013 1030 2084 Nicolaus,
1053 2013 1138 2070 filius
1161 2013 1290 2083 Nicolai‚
1313 2012 1371 2071 filii
1395 2014 1477 2072 Petri

207 2115 245 2172 de
268 2116 375 2184 Mlaca‚
400 2117 514 2174 nobilis
537 2117 576 2173 de
599 2133 710 2192 campo
732 2119 933 2191 zagrabiensi‚
950 2124 1015 2176 tam
1032 2134 1138 2192 prose
1155 2134 1248 2191 quam
1268 2133 1324 2192 pro
1341 2118 1477 2192 Georgio

208 2220 301 2278 fratre
324 2237 380 2278 suo
411 2223 531 2279 uterino
562 2229 592 2279 et
623 2238 680 2296 pro
712 2223 929 2281 bartholomeo
959 2230 989 2281 et
1020 2206 1292 2293 Valentino,⁴filiis
1319 2225 1477 2306 Johannis,

207 2327 309 2399 patrui
331 2328 387 2398 sui,
420 2343 457 2385 ex
488 2344 548 2384 una
580 2335 675 2401 parte,
710 2330 857 2401 magister
886 2330 1055 2401 Dyonisius
1077 2330 1178 2387 socius
1201 2336 1231 2386 et
1254 2330 1477 2387 concanonicus

208 2439 310 2489 noster
340 2448 377 2488 ex
407 2433 504 2489 altera
536 2448 640 2490 coram
672 2435 762 2491 nobis
794 2435 997 2507 personaliter
1024 2435 1190 2504 constituti,
1221 2433 1306 2491 idem
1331 2434 1477 2492 Nicolaus

209 2538 379 2610 proposuit,
403 2538 485 2610 quod
511 2554 581 2595 cum
606 2540 715 2611 porcio
744 2541 934 2613 possessoriis
963 2541 994 2598 in
1025 2540 1218 2613 possessione
1246 2539 1397 2597 Petrouch
1420 2553 1476 2597 vo·

208 2650 283 2712 cata,
307 2644 366 2699 sub
390 2650 491 2700 castro
517 2643 634 2713 llledue,
667 2645 697 2702 in
728 2645 885 2702 vicinitate
915 2644 1072 2718 Stephani,
1096 2644 1155 2702 filii
1188 2645 1268 2703 Luce
1291 2651 1322 2702 et
1344 2644 1477 2726 predicti

208 2750 348 2821 magistri
382 2749 521 2820 Dyonisii
553 2750 695 2820 existens,
726 2767 786 2822 que
816 2749 855 2807 ad
887 2751 990 2823 ipsum
1019 2756 1049 2807 et
1080 2749 1235 2823 predictos
1266 2750 1377 2808 fratres
1404 2766 1477 2809 suos

209 2855 273 2910 iure
298 2855 483 2911 hereditario
506 2856 680 2927 pertinebat
703 2857 799 2927 olym,
824 2872 881 2929 per
909 2862 1029 2930 patrem
1054 2871 1145 2913 suum
1169 2863 1199 2913 et
1223 2863 1369 2930 patruum
1393 2863 1476 2914 ante-

206 2959 313 3028 dictos,
340 2959 473 3030 Nicolao,
499 2960 565 3016 tilio
582 2956 789 3033 Serguerini.¹
807 2961 964 3034 quondam
980 2961 1041 3019 civi
1064 2960 1210 3019 Grecensi
1234 2977 1293 3035 pro
1315 2968 1400 3019 certa
1422 2979 1475 3036 pe·

206 3066 293 3122 cunie
317 3066 486 3136 quantitate
509 3067 642 3124 extiterit
666 3068 789 3139 pignori
812 3067 959 3139 obligata,
976 3082 1031 3124 nec
1048 3066 1087 3124 ad
1104 3065 1320 3124 redimendum
1344 3067 1476 3126 eandem

207 3171 267 3227 sibi
299 3182 329 3227 et
361 3170 507 3244 predictis
538 3170 686 3242 fratribus
711 3174 774 3229 suis
797 3173 924 3247 proprie
954 3178 1121 3247 suppetant
1154 3172 1325 3243 facultates,
1348 3180 1473 3247 recepta

207 3291 225 3331 a
249 3275 387 3348 predicto
412 3277 559 3347 magistro
583 3277 731 3349 Dyonisio
755 3293 816 3336 una
838 3294 943 3336 marca
973 3279 1126 3337 bonorum
1155 3277 1354 3336 denariorum
1378 3279 1472 3336 bana-

210 3381 295 3440 lium.
318 3383 396 3437 sicut
419 3380 506 3451 dixit,
530 3385 754 3456 proprietatem
776 3385 874 3458 ipsius
897 3384 1100 3457 possessionis
1129 3383 1290 3455 Petroucb,
1313 3384 1380 3442 sive
1404 3399 1475 3457 por-

208 3488 303 3544 cionis
328 3496 419 3559 prout
443 3487 481 3543 ad
506 3488 608 3561 ipsum
632 3495 663 3546 et
684 3488 783 3548 dictos
805 3505 877 3547 suos
901 3490 1012 3547 fratres
1029 3491 1213 3563 pertinebat,
1237 3488 1330 3558 dedit,
1348 3490 1478 3547 contulit

207 3598 237 3649 et
259 3592 385 3649 donavit
409 3593 509 3650 eidem
534 3595 683 3666 magistro
707 3595 855 3666 Dyonisio
871 3602 902 3653 et
916 3612 974 3670 per
990 3611 1060 3652 eum
1077 3597 1328 3669 quibuscumque
1347 3594 1477 3652 eandem

208 3697 331 3766 donare,
355 3697 457 3769 legare
481 3699 532 3756 vel
557 3698 690 3756 vendere
723 3700 857 3758 voluerit
888 3708 1038 3775 perpetuo
1063 3700 1292 3775 possidendam,
1316 3699 1477 3758 conferens

208 3804 307 3862 eidem
332 3805 503 3877 plenariam
536 3812 719 3878 potestatem
751 3822 769 3863 a
799 3805 866 3864 filio
898 3806 1029 3881 predicti
1060 3806 1189 3877 Nicolai‚
1216 3806 1276 3864 filii
1299 3792 1477 3879 Serguerini

207 3909 336 3966 eandem
359 3925 377 3966 a
403 3911 530 3982 pignore
554 3910 708 3968 liberandi
733 3918 763 3968 et
785 3911 902 3970 fructus
930 3922 1095 3986 perceptos
1118 3913 1158 3969 ab
1182 3927 1219 3969 eo
1243 3918 1391 3985 ternpore,
1413 3926 1477 3984 quo
1555 3942 1561 3955 ·

208 4016 307 4089 ipsam
331 4017 454 4072 nomine
478 4017 617 4089 pignoris
640 4024 728 4090 pater
752 4018 891 4091 ipsorum
915 4025 945 4076 et
967 4019 1027 4092 ipsi
1059 4023 1224 4076 tenuerunt
1253 4017 1413 4091 repetendi
1435 4018 1477 4074 ab

206 4121 321 4178 eisdem
346 4122 465 4179 iusticia
481 4122 650 4190 mediante;
674 4123 818 4195 obligans
833 4140 866 4181 se
881 4125 1101 4182 nichilominus
1117 4123 1201 4181 idem
1216 4122 1373 4193 Nicolaus,
1390 4122 1478 4180 filius

208 4227 336 4297 Nicolai‚
370 4227 517 4301 expedire
550 4229 652 4301 ipsum
685 4232 869 4301 magistrum
892 4229 1077 4301 Dyonisium
1100 4235 1131 4287 et
1153 4230 1251 4303 ipsius
1274 4228 1476 4302 possessionis

209 4350 264 4406 per
287 4350 357 4391 eum
381 4350 571 4391 successores
594 4336 635 4391 ab
659 4337 744 4393 omni
767 4342 797 4392 et
820 4335 1029 4410 specialitera
1046 4335 1194 4393 iratribus
1218 4335 1282 4392 suis
1305 4333 1475 4405 antedictis,

208 4441 344 4513 exceptis
368 4449 470 4497 tamen
494 4439 567 4498 filiis
591 4441 720 4513 Nicolai‚
736 4441 906 4512 antedictis,
922 4442 949 4498 si
969 4457 1026 4515 per
1041 4442 1221 4515 quempiam
1237 4456 1383 4514 processu
1399 4448 1476 4498 tem-

207 4547 291 4618 poris
315 4546 436 4602 racione
460 4547 658 4619 proprietatis
682 4546 761 4604 dicte
785 4548 986 4621 possessionis
1008 4548 1085 4606 oriri
1106 4547 1289 4618 contingerit
1316 4546 1476 4618 questione

209 4652 239 4708 in
262 4652 399 4724 propriis
422 4651 584 4709 laboribus
616 4660 646 4710 et
673 4654 823 4727 expensis.
853 4654 887 4710 ln
918 4653 1004 4711 cuius
1035 4654 1079 4711 rei
1110 4652 1295 4710 memoriam
1318 4658 1476 4726 presentes

298 4766 306 4798 ¹
324 4770 396 4835 lege:
416 4784 457 4818 ser
478 4769 596 4820 Guerini.
