3480 5264
265 349 323 420 238
686 343 758 399 Dec.
783 354 850 418 255.
879 374 913 383 —
941 340 997 398 An.
1022 352 1107 419 1571.

263 540 366 597 dimus
389 540 549 614 expeditos
572 540 688 611 pariter
710 548 739 594 et
762 539 931 608 absolutos
955 556 1010 596 nec
1034 541 1192 597 occasione
1225 541 1407 598 eorumdem
1432 543 1532 599 inten-

264 644 366 702 dimus
390 645 514 702 eosdem
539 645 674 718 amplius
699 644 850 718 impedire
873 646 1095 717 quoquomodo
1120 647 1169 703 vel
1194 662 1364 719 aggravare
1385 649 1444 704 sub
1462 664 1532 720 pre-

262 752 399 807 sencium
424 751 599 808 testimonio
622 751 804 807 litterarum.
836 751 950 807 Datum
982 751 1032 807 die
1062 758 1092 808 et
1125 769 1228 809 mense
1257 754 1451 826 supradictis,
1477 753 1531 810 Za-

264 857 379 927 grabie,
405 857 433 912 in
457 855 552 913 domo
575 863 678 913 nostre
702 856 911 912 habitacionis¹
938 859 1025 913 Anno
1049 857 1166 914 domini
1192 858 1393 915 MCCCLXX.

351 991 491 1056 originale
512 991 537 1040 in
556 993 713 1041 membrana.
735 995 756 1040 Α
777 998 852 1057 tergo
867 992 1008 1057 vestigium
1021 993 1142 1057 impressi
1156 993 1248 1058 sigilli.
1269 994 1299 1042 la
1318 994 1428 1044 archivo
1447 996 1528 1043 Acad.

264 1079 357 1130 Scicnt.
379 1081 440 1129 Slav
469 1079 561 1127 merid.

852 1311 938 1376 253.

370 1471 446 1519 Anno
469 1477 541 1526 1371.
565 1479 602 1517 11.
623 1469 780 1518 novembris.
802 1469 831 1518 In
852 1469 989 1534 Visegrad.

262 1597 426 1653 tadoneus
449 1599 627 1668 llquart'ne
649 1605 695 1654 etc.
720 1617 774 1654 rex
796 1599 901 1654 abolito
924 1600 1014 1655 aeleri
1031 1600 1127 1669 sigillo
1149 1600 1271 1673 capituli
1289 1601 1407 1669 cqgrnb,
1428 1617 1532 1656 noevum

488 1705 615 1774 sigillum
638 1704 764 1764 ordinat,
789 1705 929 1779 eidemque
952 1706 1076 1776 vigorem
1099 1707 1172 1762 iuris
1195 1707 1301 1762 aalma.

909 1839 1000 1882 Belacio
1020 1839 1120 1882 Ladislai
1137 1840 1233 1894 episoopi
1249 1840 1361 1883 nitriensis
1376 1840 1398 1882 in
1412 1840 1530 1893 presencia

887 1910 960 1964 regine
974 1910 1068 1963 junioris
1083 1913 1105 1953 cl
1121 1910 1229 1953 baronum
1245 1913 1300 1953 tnnc
1314 1911 1344 1952 ibi
1358 1910 1526 1953 adhercneium.

350 2025 413 2082 Nos
443 2025 615 2082 Lodouicus
641 2025 690 2084 dei
721 2028 823 2099 gracia
859 2045 913 2085 rex
938 2028 1103 2100 ilungarie,
1129 2029 1263 2099 Polonie,
1291 2028 1452 2085 Dalmacie
1476 2035 1532 2086 etc.

261 2130 478 2201 Significamus
495 2139 599 2189 tenore
616 2133 818 2206 presencium,
835 2135 949 2205 quibus
965 2134 1091 2207 expedit
1106 2136 1267 2192 universis.
1281 2134 1371 2207 Quod
1386 2135 1529 2207 quamvis

263 2238 429 2295 mundialis
453 2239 593 2295 machine
618 2239 785 2297 fabricator
806 2241 942 2312 primum
960 2241 1116 2297 homiaem
1136 2242 1165 2297 in
1183 2240 1328 2314 paradiso
1344 2240 1527 2298 deliciarum

260 2350 295 2399 ut
324 2345 441 2416 absque
471 2345 556 2401 omni
588 2343 707 2401 defectu
732 2351 762 2402 et
789 2347 990 2420 corrupcione
1021 2363 1109 2420 spem
1142 2347 1315 2404 inmortalis
1347 2346 1529 2420 perduraret

261 2449 398 2507 decrevit
428 2449 654 2521 collocandum,
686 2451 831 2524 idemque
862 2452 986 2509 tandem
1030 2453 1094 2509 Eva
1129 2453 1291 2522 mediante,
1327 2452 1529 2526 privilegium

261 2561 343 2611 tante
359 2555 516 2627 dignitatis
544 2557 681 2613 amiserit
705 2564 735 2614 et
758 2559 799 2614 ob
824 2558 881 2615 hoc
905 2575 936 2615 se
962 2559 991 2615 in
1015 2559 1093 2615 hanc
1109 2559 1232 2617 miserie
1252 2559 1368 2616 vallem
1386 2558 1529 2627 deiciens,

261 2662 291 2717 in
323 2667 481 2733 totamque
515 2678 603 2719 suam
635 2664 839 2721 successivam
872 2666 1074 2738 propaginem
1106 2666 1190 2722 virus
1213 2664 1377 2722 effundens
1402 2663 1531 2720 inmedi-

260 2767 360 2823 cabile
378 2783 446 2824 eam
471 2769 692 2839 intoxicaverit‚
717 2779 787 2842 post
806 2770 889 2842 quod
911 2771 1098 2843 posteritatis
1114 2771 1211 2843 ipsius
1228 2776 1326 2827 status
1346 2776 1375 2826 et
1392 2768 1531 2826 condicio

261 2875 402 2930 continue
426 2876 608 2932 senescentis
633 2876 739 2933 mundi
762 2877 885 2933 malicia
901 2877 1106 2933 invalescente
1124 2877 1153 2932 in
1170 2877 1326 2933 deteriora
1344 2875 1532 2948 prolabitur.

260 2980 375 3037 Tamen
401 2981 565 3037 altitronus
596 2982 650 3038 illc
674 2982 826 3053 dominus,
858 2985 945 3039 cuius
968 2983 1103 3054 egressio
1127 2990 1171 3039 est
1195 2999 1211 3039 a
1236 2996 1384 3057 sumpmo
1412 2981 1479 3037 celo
1502 2988 1530 3036 et

260 3086 383 3143 celestis
406 3086 538 3143 altitudo
563 3088 682 3144 consilii
706 3105 800 3162 supra
823 3097 930 3146 cuncta
954 3098 1057 3145 tenens
1074 3089 1240 3161 imperium
1259 3090 1288 3145 in
1306 3089 1443 3157 excelsis,
1462 3086 1530 3144 ideo

260 3193 360 3263 gloria
394 3199 422 3249 et
455 3193 569 3248 honore
602 3201 763 3250 coronatos
795 3197 824 3250 in
857 3199 938 3250 terra
967 3196 1122 3268 principes
1146 3195 1184 3251 ad
1210 3195 1294 3265 regni
1319 3194 1530 3266 gubernacula

261 3300 404 3373 provexit
428 3306 458 3354 et
482 3300 672 3369 sublimavit,
697 3307 730 3356 ut
753 3306 904 3373 potestate
930 3301 1063 3373 desuper
1087 3302 1161 3374 ipsis
1187 3301 1307 3370 tradita,
1330 3300 1428 3357 malos
1446 3314 1530 3355 coer·

260 3413 346 3462 ceant
371 3411 400 3460 et
424 3406 509 3462 oneri
534 3405 730 3478 dispendioso
754 3414 856 3462 sancte
888 3407 994 3462 matris
1019 3406 1153 3473 ecclesie,
1183 3422 1276 3478 quam
1302 3406 1445 3462 dominus
1470 3420 1526 3460 suo

260 3527 368 3568 cruore
392 3512 521 3584 proprio
552 3513 722 3568 rubricavit
755 3511 857 3568 debite
880 3512 1078 3567 relevaminis
1102 3528 1161 3584 ope
1185 3512 1326 3568 studeant
1355 3510 1530 3567 subvenire.-

262 3617 408 3689 periculis
424 3624 453 3673 et
477 3617 632 3686 scandalo,
657 3617 767 3674 exinde
783 3619 901 3675 iusticie
917 3624 945 3673 et
963 3618 1089 3689 equitati
1107 3618 1340 3691 posteritatique
1357 3616 1529 3673 successive

260 3724 425 3793 eventuris,
451 3724 534 3780 viam
565 3724 782 3796 praeludendo.
816 3723 921 3795 ltaque
952 3739 1045 3794 cinam
1066 3725 1276 3796 plurimorum
1300 3724 1527 3794 regnicolarum

261 3837 436 3885 nostrorum
468 3829 606 3886 fidelium
648 3832 738 3887 certis
770 3838 799 3887 et
824 3829 968 3886 veridicis
993 3830 1142 3885 relatibus
1165 3829 1204 3885 ad
1229 3837 1331 3886 nostre
1357 3831 1524 3886 maiestatis

260 3934 451 3992 audienciam
476 3935 574 3992 extitit
592 3936 788 4004 inculcatum,
806 3935 887 4008 quod
906 3935 1032 3990 nonnuli
1051 3935 1165 3991 inimici
1183 3935 1321 3991 veritatis
1339 3941 1368 3990 et
1384 3935 1524 4006 alumpni

259 4040 429 4111 iniquitatis
454 4056 471 4095 a
494 4040 620 4098 domino
642 4043 672 4098 in
702 4041 854 4114 pabulum
874 4041 1060 4113 perdicionis
1076 4042 1171 4111 eiecti,
1189 4057 1248 4097 non
1266 4049 1328 4097 tam
1348 4042 1416 4097 laici
1434 4057 1527 4112 quam

260 4146 372 4208 clerici,
399 4145 581 4203 fulminante
605 4147 741 4218 dyabolo
764 4153 793 4203 et
817 4147 955 4218 nequicie
978 4155 1110 4217 auctore,
1136 4149 1187 4219 qm
1212 4148 1306 4204 corda
1330 4164 1437 4204 eorum
1463 4147 1526 4204 telo

260 4267 314 4307 sue
338 4251 503 4309 caliditatis
528 4258 557 4308 et
589 4251 706 4309 fraudis
731 4268 848 4309 veneno
872 4254 1008 4323 graviter
1032 4254 1170 4309 saucians
1194 4253 1231 4309 ad
1257 4260 1338 4309 tante
1363 4268 1526 4326 presump-

259 4357 355 4413 cionis
378 4364 408 4413 et
432 4359 612 4414 temeritatis
636 4358 868 4432 dampnabilem
894 4358 1054 4415 audaciam
1078 4361 1121 4416 eis
1143 4361 1283 4430 nequiter
1307 4361 1459 4432 persvasit
1479 4374 1527 4415 ca.

260 4463 435 4536 lumpniosa
459 4509 584 4521 .....
610 4465 695 4521 litate
717 4464 837 4536 glutino
860 4480 914 4520 sue
938 4467 1162 4533 venenositatis,
1187 4481 1246 4536 que
1271 4466 1328 4521 sub
1354 4466 1520 4521 honestatis

258 4569 407 4639 regimine
438 4584 526 4625 suam
557 4569 635 4626 solet
665 4571 783 4642 paliare
814 4570 978 4637 maliciam,
1010 4571 1174 4640 inherente,
1211 4578 1242 4626 ut
1267 4587 1362 4642 quam
1386 4572 1523 4644 plurima

258 4675 361 4745 sigilla
392 4675 609 4749 capitulorum,
641 4683 848 4733 conventuum
879 4682 908 4730 ct
940 4676 1072 4733 aliorum
1106 4678 1245 4732 locorum
1283 4677 1524 4733 testimonalium

259 4781 344 4852 regni
368 4781 464 4839 nostri
488 4779 591 4850 falsas
614 4781 743 4854 iniquas,
767 4781 921 4850 salutique
944 4780 1105 4838 hominum
1130 4783 1298 4839 contrarias
1320 4782 1447 4851 litteras,
1465 4783 1523 4838 sub
