3488 5242
649 338 813 414 Doc.'l95.
841 371 877 380 —
904 339 959 395 An.
984 352 1074 417 1344.
1442 355 1497 409 171

241 552 346 593 eoram
376 537 465 593 nobis
496 540 646 609 perpetuo
677 541 706 593 et
737 535 985 593 irrevocabiliter
1009 535 1174 608 possidere,
1200 542 1302 594 tenere
1325 543 1355 594 et
1378 537 1501 606 habere,

235 642 335 699 adhuc
365 642 492 715 insuper
522 641 616 699 iidem
648 640 794 698 Nicolaus
820 640 919 698 banus
943 648 973 698 et
997 641 1053 699 filii
1078 641 1189 714 Mykch
1214 643 1286 700 bani
1307 649 1388 700 tacto
1415 658 1502 701 sacro

236 747 359 805 vivifice
390 748 488 805 crucis
519 748 604 820 ligno
637 747 836 820 prestiterunt
868 747 1001 804 invicem
1032 763 1137 805 coram
1162 749 1252 806 nobis
1275 754 1500 807 sacramentum

235 869 328 926 super
351 868 396 920 e0,
420 861 453 910 ut
476 853 589 910 amodo
612 853 735 910 nullum
760 853 879 909 malum
914 853 1099 926 nullumque
1121 861 1342 912 nocumentum
1366 856 1416 912 vel
1437 871 1501 913 mo·

237 961 358 1016 lestiam
383 960 489 1033 palam
513 959 563 1016 vel
587 959 706 1016 occulte
730 958 921 1016 alteralteri
945 958 1072 1017 inferret
1096 961 1147 1017 vel
1173 960 1278 1018 inferri
1302 959 1424 1033 faceret,
1448 961 1501 1019 sed

235 1066 353 1138 absque
376 1066 461 1123 omni
485 1064 602 1134 fraude,
626 1064 701 1121 dolo
724 1071 754 1121 et
777 1064 918 1137 nequicia
942 1064 1020 1122 inter
1042 1082 1075 1123 se
1098 1082 1207 1140 pacem
1230 1065 1400 1140 perfectam
1423 1083 1501 1141 pura

237 1172 298 1230 fide
332 1172 499 1228 observare
533 1177 717 1228 tenerentur.
750 1164 805 1226 Ad
837 1184 897 1243 que
928 1172 1032 1228 omnia
1062 1161 1092 1229 et
1123 1172 1244 1245 singula
1278 1173 1500 1246 premissorum

236 1278 342 1335 eedem
366 1282 469 1349 partes
491 1293 524 1333 se
548 1277 628 1333 bona
651 1284 680 1333 et
696 1280 864 1349 spontanea
883 1291 990 1334 eorum
1019 1277 1177 1335 voluntate
1193 1278 1372 1350 obligarunt
1396 1295 1500 1336 coram

236 1385 335 1442 nobis.
360 1384 475 1440 Datum
499 1383 529 1439 in
553 1381 751 1455 Wyssegrad,
773 1382 803 1439 in
827 1380 877 1439 die
900 1398 1055 1454 cynerum.
1082 1386 1169 1441 Anno
1192 1383 1310 1441 domini
1333 1385 1502 1443 millesimo

237 1489 314 1547 CCC
338 1488 576 1562 quadragesimo
600 1492 718 1560 quarto.

326 1606 467 1672 Originalc
488 1605 513 1655 in
533 1605 691 1663 membrana,
710 1615 814 1670 atergo
828 1605 940 1671 vestigia
953 1606 1067 1656 duorum
1084 1606 1244 1672 sigillorum.
1258 1607 1288 1657 In
1306 1607 1405 1658 archiv.
1425 1610 1500 1673 regni

237 1696 309 1745 CSD.
335 1694 487 1760 Zagrabiae.
514 1696 544 1744 N.
564 1695 594 1744 R.
615 1698 645 1744 Α.
666 1694 726 1744 fase.
748 1703 789 1753 33.
810 1710 846 1743 nr.
868 1705 892 1744 2.
914 1722 943 1731 —-
962 1696 1036 1761 Joan.
1060 1694 1226 1760 Kukuljevid.
1245 1695 1332 1745 Arkiv
1351 1711 1380 1746 za
1399 1696 1502 1761 poviest

234 1785 330 1849 jugosl.
351 1783 411 1833 libr.
432 1783 479 1833 lll.
499 1799 523 1848 p.
544 1783 585 1842 85.
605 1798 644 1833 nr.
665 1783 737 1833 Vlll.

824 1961 907 2028 195.

342 2105 419 2152 Anno
442 2111 516 2164 1344,
538 2111 576 2161 13.
596 2102 697 2168 aprilis.
719 2103 874 2169 Zagrabiae.

261 2232 403 2289 Nicolaus
426 2231 511 2288 ratim
535 2229 692 2289 Slavoniae
713 2232 805 2289 banus
828 2233 969 2293 tributum
992 2253 1011 2290 a
1033 2253 1063 2292 se
1085 2236 1115 2290 in
1139 2234 1200 2290 vico
1223 2233 1396 2291 Latmorum
1411 2235 1487 2291 ordi-

737 2347 845 2409 natum,
867 2349 997 2399 removet.

325 2465 389 2523 Nos
412 2465 559 2524 Nicolaus
583 2467 681 2524 banus
705 2467 802 2543 tocius
832 2465 1002 2525 Sclauonie.
1026 2468 1146 2526 Tenore
1170 2469 1364 2543 presencium
1386 2468 1503 2541 signifi·

237 2589 343 2630 camus
366 2573 480 2646 quibus
503 2571 629 2645 expedit
653 2573 812 2642 universis
838 2572 920 2646 quod
944 2589 1016 2631 cum
1039 2588 1155 2631 nosex
1180 2575 1284 2647 gracia
1310 2574 1502 2632 excellentis·

239 2680 309 2736 simi
333 2679 481 2752 principis
511 2678 629 2735 domini
661 2677 818 2749 Ludovici,
849 2678 898 2736 dei
921 2680 1024 2751 gracia
1048 2681 1129 2752 regis
1153 2680 1296 2752 Vngarie,
1319 2679 1519 2751 dignitatem

238 2785 368 2842 banatus
385 2783 553 2841 fuissemus
566 2783 679 2856 adepti,
696 2783 1008 2857 adhibuissemusque
1024 2798 1131 2842 curam
1145 2785 1327 2858 diligentem
1342 2791 1376 2843 ut
1393 2801 1503 2842 unum·

239 2906 394 2963 quemque
417 2900 446 2946 et
470 2890 604 2946 maxime
629 2899 760 2947 matrem
783 2896 921 2947 sanctam
944 2891 1107 2948 ecelesiam
1131 2906 1385 2949 conservaremus
1400 2892 1430 2948 in
1447 2905 1503 2948 suo

241 2997 306 3053 iure
331 2997 416 3052 iuxta
439 2994 575 3052 eiusdem
607 2996 756 3069 principis
786 2993 967 3053 mandatum
999 2997 1141 3069 speciale.
1169 2997 1249 3070 Quia
1272 3003 1374 3054 tamen
1399 2997 1503 3055 subito

239 3103 477 3174 nequiveramus
501 3102 603 3159 omnia
634 3102 724 3158 nobis
752 3102 965 3159 incumbencia
988 3116 1125 3175 pensare,
1149 3102 1188 3160 ad
1213 3102 1340 3176 plenum
1364 3103 1501 3175 contigit,
1546 3151 1548 3155 ,

241 3207 324 3279 quod
349 3207 527 3264 induccione
551 3206 767 3279 quorumdam,
792 3222 852 3279 que
875 3207 964 3264 nobis
988 3214 1059 3264 tunc
1082 3209 1161 3265 iusta
1185 3207 1379 3279 videbantur,
1402 3209 1503 3265 tribu·

240 3323 305 3370 tum
332 3313 516 3385 exigendum
546 3318 576 3369 et
600 3314 703 3370 locum
728 3314 834 3371 tributi
858 3313 1071 3371 ordinavimus
1098 3324 1128 3371 et
1155 3314 1292 3372 ordinari
1316 3314 1446 3372 fecimus
1470 3316 1501 3373 in

240 3420 316 3476 villa
341 3421 427 3476 vicus
452 3419 630 3475 Latinorum
659 3428 812 3490 vocatum,
844 3419 927 3492 apud
959 3420 1119 3477 ecclesiam
1147 3421 1242 3479 sancti
1269 3420 1423 3492 Anthonii,
1447 3421 1501 3478 Za-

239 3526 355 3597 grabie‚
381 3525 409 3581 in
434 3526 558 3582 civitate
590 3525 734 3583 videlicet
765 3524 952 3582 venerabilis
983 3526 1013 3582 in
1046 3525 1170 3583 Christo
1202 3527 1298 3600 patris
1321 3534 1351 3583 et
1375 3526 1502 3598 domini,

240 3631 356 3687 domini
378 3632 487 3712 Jacobi
510 3632 647 3705 episcopi
670 3631 875 3704 zagrabiensis
898 3636 928 3687 et
951 3632 1079 3689 ecclesie
1102 3648 1163 3688 sue.
1188 3631 1327 3690 Tandem
1351 3632 1424 3704 quia
1446 3648 1504 3705 per

240 3738 404 3810 privilegia
428 3737 555 3794 ecclesie
580 3737 676 3810 ipsius
709 3744 738 3793 et
769 3735 1005 3794 informaciones
1036 3738 1209 3811 proborum
1242 3739 1383 3796 virorum
1415 3738 1505 3795 nobis

239 3844 373 3899 constitit
396 3843 554 3900 evidenter
576 3842 660 3915 quod
684 3842 800 3900 dictum
825 3842 976 3900 tributum
1008 3843 1053 3899 ibi
1075 3843 1211 3916 positum
1228 3852 1294 3901 erat
1320 3850 1427 3901 contra
1442 3845 1504 3917 pri·

240 3950 352 4021 vilegia
376 3951 473 4022 ipsius
496 3951 623 4007 ecclesie
646 3960 676 4007 et
698 3950 919 4007 conscienciam
951 3958 1111 4019 nostram;
1143 3949 1213 4006 ideo
1236 3949 1376 4006 nolentes
1399 3955 1505 4008 contra

241 4056 416 4112 libertatem
440 4057 678 4113 eeclesiasticam
703 4056 879 4131 procedere,
910 4055 948 4112 de
979 4055 1060 4113 dieta
1092 4056 1171 4113 villa
1200 4055 1273 4113 dicti
1296 4055 1415 4113 domini
1439 4058 1503 4129 epi·

240 4162 324 4233 scopi
362 4160 515 4233 prefatum
540 4162 690 4219 tributum
723 4171 826 4218 tenore
857 4163 1051 4235 presencium
1085 4169 1114 4219 et
1145 4178 1201 4235 per
1224 4169 1382 4236 presentes
1404 4177 1504 4220 remo·

240 4282 349 4323 vernus
373 4275 401 4323 et
424 4266 569 4323 duximus
593 4267 823 4325 removendum.
855 4268 892 4324 Et
922 4268 1098 4341 specialiter
1129 4269 1202 4341 quia
1233 4267 1333 4325 dictus
1360 4267 1504 4325 dominus

241 4380 343 4428 noster
367 4389 421 4429 rex
445 4389 502 4446 per
524 4388 594 4429 suas
619 4373 723 4430 literas
752 4374 902 4446 speciales
934 4374 1024 4432 nobis
1054 4374 1221 4443 mandavit,
1251 4361 1397 4447 quod'de
1421 4374 1504 4432 dicta

240 4479 317 4535 villa
352 4478 482 4551 predicti
517 4478 634 4536 domini
673 4480 810 4553 episcopi
842 4479 996 4554 prefatum
1029 4481 1181 4538 tributum
1216 4495 1377 4538 removere
1412 4479 1504 4538 debe·

241 4599 352 4640 remus.
384 4584 498 4641 Datum
522 4583 679 4657 Zagrabie,
703 4586 798 4643 tercio
822 4585 872 4643 die
894 4594 963 4659 post
987 4593 1113 4644 octavas
1136 4601 1235 4661 pasce.
1270 4585 1362 4644 Anno
1385 4585 1503 4644 domini

242 4689 408 4747 MCCCXL
430 4697 548 4763 quarto

330 4806 351 4855 E
364 4806 435 4856 libro
448 4806 517 4872 priv.
531 4806 609 4873 episc.
620 4808 725 4874 zagrab.
742 4807 759 4858 f.
773 4808 940 4863 27.1narch.
954 4809 1070 4876 archiep.
1084 4810 1188 4877 zagrab.
1202 4808 1323 4860 Farlatti.
1336 4811 1353 4860 l.
1368 4824 1388 4858 c.
1402 4825 1427 4876 p.
1442 4817 1501 4872 427.
