3488 5242
240 333 300 405 308
657 329 731 386 Dec.
749 343 824 405 330·
851 362 887 370 -
911 329 967 386 An.
991 324 1080 404 1387.

238 531 368 600 aparte
398 541 628 598 cognoscamus,
660 527 744 598 quod
775 527 800 583 si
824 526 940 583 dictum
968 525 1141 598 capitulum
1162 525 1205 581 sic
1230 521 1309 580 forte
1332 523 1507 595 perveniret

238 631 278 688 ad
301 647 411 690 manus
443 633 584 704 ipsorum
615 633 801 703 emulorum,
826 638 925 689 toturn
950 646 1080 703 regnum
1103 629 1266 688 Sclauonie
1289 628 1453 697 lederetur,
1479 633 1508 684 et

238 754 332 812 super
362 739 466 796 omnia
497 740 565 812 ipsa
596 740 704 796 civitas
735 739 1026 797 Montiscresscentis
1049 738 1170 811 penitus
1194 736 1365 803 deleretur;
1392 734 1508 792 idcirco

238 859 331 919 super
355 846 413 903 isto
436 845 636 918 providentes
660 847 750 902 vobis
774 851 804 902 et
827 851 965 902 vestrum
989 844 1117 900 cuilibet
1138 843 1198 900 sub
1222 857 1301 915 pena
1316 839 1509 899 infidelitatis

238 950 429 1023 precipimus
459 957 488 1007 et
520 951 712 1021 mandamus,
745 957 895 1023 quatenus
926 965 1000 1007 mox
1023 949 1098 1005 visis
1121 948 1317 1021 presentibus
1341 945 1379 1003 ad
1405 947 1507 1018 ipsum

237 1056 410 1128 capitulum
444 1056 622 1114 festinanter
653 1056 844 1113 descendatis
874 1064 904 1112 et
935 1056 1038 1127 ipsum
1070 1070 1195 1110 murum
1220 1054 1286 1110 sive
1309 1052 1507 1126 palingarum

237 1161 409 1218 scindentes
433 1162 579 1219 radicitus
603 1162 746 1219 evellatis
770 1168 798 1219 et
820 1161 963 1218 evulsum
988 1160 1026 1217 ad
1051 1160 1160 1217 domos
1185 1166 1302 1217 vestras
1323 1157 1507 1231 deportetis;

238 1267 324 1323 aliud
347 1269 426 1324 sicut
448 1268 584 1340 graciam
609 1268 778 1339 reginalem
803 1274 832 1324 et
856 1267 1098 1323 marchionalem
1123 1271 1229 1323 contra
1246 1280 1302 1322 vos
1319 1280 1378 1320 non
1395 1264 1507 1336 cupitis

237 1372 398 1444 indignari.
429 1374 543 1430 Datum
576 1373 606 1430 in
638 1372 913 1441 Montecresscenti‚
939 1373 988 1428 die
1012 1373 1113 1445 prima
1136 1372 1252 1427 marcii.
1277 1372 1366 1426 Anno
1390 1369 1506 1426 domini

238 1479 407 1536 millesimo
431 1478 624 1535 CCCLXXX
648 1480 789 1552 septimo.

329 1613 469 1677 Originale
489 1614 516 1663 in
535 1614 633 1670 charta,
654 1614 680 1663 in
699 1628 751 1677 qua
773 1613 949 1677 fragmentum
976 1614 1096 1678 appressi
1122 1613 1244 1676 quadrati
1270 1613 1362 1677 sigilli.
1386 1612 1416 1661 In
1435 1613 1506 1661 arch.

240 1702 322 1752 Acad.
342 1701 436 1751 Scient.
456 1703 558 1752 Slavor.
579 1702 672 1751 merid.

327 1823 419 1872 Edidit
445 1824 534 1882 eciam,
560 1826 604 1874 sed
631 1826 755 1874 mendose
780 1824 865 1874 Balth.
891 1824 1049 1873 Kerchelich
1072 1824 1100 1873 in
1119 1839 1165 1873 sua
1183 1823 1297 1874 historia
1315 1825 1375 1873 eccl.
1397 1824 1504 1889 zagrab.

237 1928 296 1978 pag.
320 1920 375 1972 147.
395 1912 515 1961 Farllati.
536 1912 604 1962 Illir.
625 1914 695 1963 Sacr.
716 1913 747 1962 V.
768 1928 793 1977 p.
812 1927 871 1974 444.

824 2195 917 2261 330.

345 2359 420 2406 Anno
443 2355 516 2414 1387,
538 2363 560 2409 7.
581 2355 703 2420 Augusti.
724 2354 890 2419 Kaproncae.

240 2481 420 2555 Segrsmundi
440 2483 619 2555 fflrngariae
642 2489 688 2538 etc.
718 2482 793 2555 regis
817 2482 988 2539 rnandatum
1011 2481 1045 2537 dc
1067 2481 1276 2538 introducendis
1298 2482 1407 2538 ciolbus
1429 2480 1502 2539 Gre-

440 2588 588 2644 chensibus
610 2588 641 2643 in
656 2589 861 2660 possessionem
887 2588 1064 2644 Petrovinue
1086 2594 1114 2643 ct
1135 2587 1291 2662 Hrastlrja.

327 2748 545 2821 Sigismundus
569 2748 618 2806 dei
642 2750 745 2820 gracia
768 2766 823 2806 rex
843 2750 986 2822 Vngarie‚
1006 2750 1175 2820 Dalmacie,
1191 2749 1318 2807 Croacie
1335 2755 1389 2807 etc.
1405 2751 1507 2823 adque

238 2856 376 2912 marchio
399 2854 716 2927 Brandemburgensis
739 2862 793 2914 etc.
825 2855 985 2913 Fidelibus
1005 2856 1068 2911 suis
1091 2857 1227 2928 capitulo
1252 2856 1378 2912 ecclesie
1402 2872 1507 2929 zagra·

237 2963 352 3018 biensis
385 2961 517 3017 salutem
549 2966 578 3016 et
609 2963 754 3033 graciam.
786 2961 865 3018 Cum
897 2976 952 3016 nos
980 2961 1130 3032 quasdam
1155 2962 1363 3034 possessiones
1386 2968 1507 3019 nostras

240 3068 400 3124 Petrouina
426 3073 455 3122 et
478 3067 617 3123 Hraseha
640 3074 773 3138 vocatas,
797 3068 834 3124 ad
860 3074 995 3124 castrum
1019 3073 1160 3124 nostrum
1184 3066 1282 3138 Selen,
1303 3068 1365 3123 alio
1381 3069 1507 3125 nomine

238 3172 384 3244 Chychan
416 3180 570 3240 vocatum,
605 3175 798 3245 pertinentes
831 3173 970 3246 providis
1003 3174 1078 3229 viris
1109 3173 1210 3240 iudici,
1246 3174 1353 3229 iuratis
1383 3181 1412 3230 et
1441 3175 1506 3229 uni-

239 3280 336 3334 versis
374 3279 495 3334 civibus
526 3279 659 3335 civitatis
691 3287 792 3337 nostre
829 3278 989 3335 Grccensis
1021 3278 1058 3333 de
1090 3278 1240 3349 Zagrabia
1273 3294 1331 3350 pro
1366 3279 1507 3350 ipsorum

238 3384 385 3440 fidelibus
409 3385 555 3453 serviciis
581 3385 787 3442 mediantibus
814 3385 884 3441 aliis
908 3385 1018 3440 litteris
1043 3385 1155 3439 nostris
1179 3385 1331 3453 vigorosis
1354 3391 1506 3457 perpetuo

239 3490 477 3556 contulerimus;
509 3489 578 3546 ideo
609 3490 752 3546 fidelitati
784 3496 885 3547 vestre
915 3489 1047 3547 firmiter
1079 3489 1278 3561 precipiendo
1313 3489 1505 3558 mandamus,

239 3602 389 3666 quatenus
421 3601 560 3652 vestrum
592 3596 720 3652 mittatis
751 3596 908 3652 hominem
938 3609 995 3666 pro
1020 3596 1193 3652 testimonio
1218 3595 1418 3666 fidedignum,
1443 3612 1506 3668 qno

240 3706 391 3771 presente,
423 3700 549 3772 Egidius
581 3701 780 3768 theutonicus,
812 3701 997 3756 castellanus
1029 3700 1067 3756 de
1098 3700 1180 3756 dicto
1203 3706 1303 3756 castro
1325 3700 1428 3772 Selyn.
1454 3702 1505 3758 vel

239 3805 330 3873 lwan,
363 3805 447 3861 filius
477 3805 620 3877 Gregorii
641 3806 679 3861 de
712 3806 888 3875 Lomnicha‚
917 3807 1016 3862 altero
1046 3806 1180 3874 absente,
1212 3807 1306 3863 homo
1330 3815 1440 3875 noster,
1466 3807 1504 3864 ad

240 3908 350 3966 faciem
368 3911 522 3967 dictarum
538 3913 767 3985 possessionum
786 3912 893 3968 vicinis
909 3920 938 3968 et
954 3913 1172 3968 commetaneis
1188 3913 1251 3968 suis
1265 3913 1415 3969 universis
1429 3914 1505 3969 inibi

238 4016 390 4086 legittime
423 4019 599 4073 convocatis
629 4025 658 4073 et
682 4019 876 4089 presentibus
899 4017 1078 4080 accedendo,
1104 4018 1276 4074 introducat
1299 4018 1396 4075 dictos
1421 4020 1505 4077 cives

237 4128 358 4178 nostros
382 4123 411 4179 in
435 4122 606 4180 dominium
630 4123 782 4180 dictarum
807 4124 1043 4195 possessionum,
1060 4129 1234 4195 statuatque
1247 4124 1369 4180 easdem
1386 4124 1504 4182 eisdem

238 4227 350 4282 nostris
382 4228 502 4283 civibus
534 4229 592 4284 sub
624 4230 776 4301 premisso
801 4231 866 4285 iure
890 4235 993 4285 nostre
1017 4243 1095 4283 nove
1120 4228 1296 4284 donacionis
1321 4230 1411 4286 titulo
1435 4246 1505 4303 per-

238 4337 332 4404 petuo
355 4333 563 4406 possidendas
588 4336 612 4390 si
637 4349 697 4391 non
722 4335 814 4391 fuerit
838 4334 1078 4401 contradictum;
1109 4333 1348 4390 contradictores
1372 4351 1455 4404 ver0,
1479 4337 1504 4392 si

239 4438 292 4507 qui
316 4437 436 4507 fuerint,
460 4440 531 4495 citet
555 4439 679 4496 eosdem
696 4446 802 4496 contra
825 4447 984 4496 annotatos
1008 4441 1091 4495 cives
1115 4445 1235 4495 nostros
1260 4441 1289 4496 in
1314 4442 1505 4512 presenciam

240 4550 377 4599 nostram
400 4543 437 4599 ad
472 4546 639 4602 terminum
670 4552 904 4618 competentem,
939 4546 1093 4601 racionem
1118 4545 1371 4602 contradiccionis
1394 4561 1504 4602 eorum

240 4646 424 4718 reddituros
447 4656 476 4706 et
500 4652 627 4722 posthec
651 4651 747 4723 ipsius
770 4651 1008 4724 possessionarie
1024 4648 1262 4707 introduccionis
1278 4657 1307 4706 et
1324 4653 1503 4709 statucionis

239 4752 351 4809 seriem
383 4754 435 4812 vel
465 4756 590 4812 nomina
620 4755 881 4814 contradictorum
909 4763 938 4812 et
961 4756 1134 4820 citatorum,
1158 4755 1183 4811 si
1207 4757 1261 4827 qui
1284 4755 1406 4828 fuerint,
1430 4773 1503 4816 cum
