3488 5242
690 320 765 379 Dac.
790 315 819 377 8.
847 353 884 362 -
910 318 966 378 An.
991 332 1076 396 1217.

348 587 396 634 An.
419 550 493 638 l2l7.

239 731 373 789 Andreas
393 730 434 786 la
460 730 559 802 Ir'rrng.
584 736 630 786 etc.
648 748 710 796 rex,
725 730 871 802 praecipit
884 725 1037 785 salinarias
1053 736 1160 802 „super
1174 728 1333 785 Marisium
1343 728 1504 802 stuvinm“·‚

238 845 272 902 nt
292 837 326 892 da
347 836 456 892 salibus
478 837 620 910 aqnatIcis
642 837 855 910 quinquaginta
886 852 1000 892 marcas
1022 836 1156 909 afficiens,
1180 836 1322 891 canonicis
1344 835 1433 891 eccles.
1458 853 1505 890 aa·

233 943 320 1020 grob.
351 944 505 1016 quotannis
531 950 598 998 ante
617 942 727 1016 festum
753 959 774 998 s.
804 941 945 1014 Stephani
969 943 1045 1013 regis
1070 942 1187 997 salvant
1209 949 1294 1013 atque
1321 939 1505 1012 Zagrabiam

740 1065 828 1120 usqne
850 1047 1001 1119 departent.

239 1197 246 1203 ’
327 1207 465 1267 Andreas
496 1208 546 1266 dei
576 1210 679 1281 gracia
708 1209 873 1280 Hungarie‚
907 1208 1074 1277 Dalmacie‚
1099 1207 1235 1277 Croacie,
1259 1208 1364 1277 Rame,
1390 1205 1504 1277 Servie,

239 1305 379 1381 Gallicie‚
402 1315 648 1386 Lodomerieque
672 1330 726 1371 rex
750 1315 780 1371 in
806 1321 999 1387 perpetuum.
1030 1315 1184 1372 immensa
1209 1329 1318 1385 regum
1342 1312 1505 1387 dapsilitas

239 1421 310 1479 licet
334 1422 429 1478 nullis
453 1419 546 1477 dandi
563 1421 717 1478 limitibus
733 1422 904 1478 coharctari
920 1420 1041 1489 debeat,
1059 1420 1097 1477 ad
1116 1421 1187 1477 illos
1204 1425 1306 1476 tamen
1323 1418 1505 1490 diligencius

240 1514 454 1584 munificencie
476 1542 530 1582 sue
554 1525 634 1582 dona
658 1526 750 1583 debet
774 1525 950 1596 extendere,
975 1527 1027 1597 qui
1051 1534 1081 1583 et
1106 1526 1327 1600 temporalium
1352 1525 1505 1582 bonorum

238 1634 380 1705 impensu
405 1632 464 1688 sibi
488 1632 623 1689 fideliter
645 1633 842 1700 obsecuntur,
866 1639 895 1689 et
917 1633 947 1689 in
970 1623 1136 1689 offerendis
1152 1633 1330 1688 oracionum
1348 1630 1506 1689 sacrificiis

239 1721 297 1812 pro
323 1754 398 1812 pace
421 1739 502 1809 regis
526 1746 557 1794 et
580 1739 665 1810 regni
691 1738 749 1795 deo
772 1736 887 1813 jugiter
903 1754 937 1794 ac
954 1719 1065 1795 devote
1082 1736 1279 1793 famulantur.
1304 1720 1384 1793 (fum
1402 1737 1505 1808 itaque

238 1843 320 1924 curis
343 1851 373 1899 et
396 1841 568 1899 defectibus
592 1843 793 1900 ecclesiarum
817 1843 956 1900 omnium
981 1844 1011 1900 in
1036 1857 1131 1914 regno
1155 1848 1260 1898 nostro
1283 1842 1407 1898 Christo
1425 1841 1506 1898 mili-

241 1949 386 2017 tancium,
418 1964 523 2005 earum
557 1955 659 2006 tamen
691 1950 826 2006 maxime
852 1966 912 2021 que
942 1948 980 2005 ad
1006 1965 1060 2005 nos
1084 1941 1211 2020 speciali
1235 1953 1416 2020 patronatus
1439 1947 1505 2003 iure

240 2045 408 2129 pertinent,
442 2053 620 2126 diligentem
646 2070 802 2128 apponere
827 2054 1058 2127 providenciam
1084 2053 1268 2117 debeamus;
1300 2053 1505 2124 zagrabiensis

237 2160 385 2218 dioecesis
409 2162 630 2218 monasterium
662 2176 717 2233 per
742 2169 882 2217 nostrum
915 2171 1137 2243 antecessorem
1162 2165 1302 2216 sanctum
1326 2147 1504 2215 ladislaum

237 2281 342 2338 regem
366 2266 552 2323 immortalis
578 2267 726 2323 memorie
758 2265 944 2347 fundatum,
972 2265 1170 2339 postmodum
1202 2275 1304 2322 autem
1334 2265 1505 2321 multorum

240 2373 347 2444 elapsu
371 2372 558 2443 'temporum
591 2371 697 2429 divina
720 2373 763 2428 sic
787 2372 968 2445 disponente
991 2373 1094 2444 gracia
1117 2373 1214 2428 nostri
1240 2376 1419 2445 patronatus
1443 2368 1505 2426 suf-

236 2476 337 2550 fragio
361 2476 546 2545 dedicatum,
571 2478 736 2550 temporali
760 2480 947 2535 commercio
971 2478 1111 2534 volentes
1133 2488 1236 2534 eterna
1256 2482 1379 2544 metere,
1402 2475 1505 2531 huius-

237 2583 323 2640 modi
348 2583 524 2655 largicionis
547 2564 701 2655 stipendio
725 2584 912 2641 liberalitate
937 2585 1021 2655 regia
1046 2583 1075 2639 in
1100 2590 1288 2656 perpetuum
1313 2579 1503 2637 dotavimus:

240 2695 391 2761 quatenus
414 2688 551 2745 salinarii
574 2704 667 2761 super
691 2689 805 2746 Marisii
829 2688 958 2746 fluvium
983 2689 1145 2745 constituti
1161 2687 1199 2743 de
1215 2687 1333 2743 salibus
1356 2686 1505 2756 aquaticis

239 2794 377 2851 eiuSdem
403 2794 530 2851 ecclesie
554 2795 706 2851 canonicis
723 2802 753 2851 et
770 2811 829 2851 non
847 2796 1003 2868 episcopo,
1021 2795 1130 2851 valens
1148 2792 1370 2865 quinquaginta
1387 2808 1505 2848 marcas

239 2899 277 2955 de
301 2900 419 2956 salibus
443 2899 473 2956 in
496 2900 565 2956 loco
589 2902 643 2972 qui
666 2910 795 2957 vocatur
823 2899 964 2972 Zegedin,
995 2900 1152 2956 annuatim
1178 2908 1248 2955 ante
1274 2897 1385 2953 festum
1410 2898 1505 2953 sancti

238 3004 320 3076 regis
350 3003 498 3077 Stephani
531 3006 709 3078 persolvere
741 3013 916 3076 teneantur,
948 3022 983 3062 ac
1018 3007 1078 3062 iam
1111 3004 1201 3061 dictis
1232 3004 1385 3060 canonicis
1408 3019 1505 3075 usque

240 3108 423 3197 Zagrabiam
454 3111 572 3181 absque
603 3111 687 3167 omni
719 3112 836 3167 tributo
867 3111 1084 3185 deportandis.
1116 3120 1239 3167 etcum
1265 3109 1445 3166 omnimoda
1470 3110 1504 3165 li·

241 3214 368 3282 bertate‚
393 3216 417 3272 si
442 3217 485 3272 eis
509 3215 680 3288 expedierit
704 3216 878 3273 vendicioni
903 3217 1101 3290 exponendis.
1128 3217 1245 3274 Verum
1269 3216 1341 3288 quia
1360 3216 1404 3271 rei
1420 3222 1504 3286 geste

238 3321 389 3377 memoria
413 3319 496 3378 facili
521 3322 611 3394 lapsu
637 3323 817 3379 mortalium
841 3335 958 3380 mentes
989 3323 1119 3393 deserit,
1152 3330 1264 3393 etque
1290 3321 1340 3394 pia
1364 3320 1503 3377 fidelium

239 3423 375 3497 disponit
399 3425 546 3483 sedulitas
570 3428 599 3483 in
624 3428 725 3500 sopito
749 3428 991 3500 malignancium
1016 3429 1154 3501 impulsu
1177 3427 1362 3500 quandoque
1379 3426 1505 3496 contigit

240 3529 397 3601 vacillare,
422 3539 455 3587 ut
479 3533 537 3588 hoc
560 3550 578 3589 a
601 3534 690 3590 nobis
707 3549 764 3606 pro
782 3541 959 3590 nostrorum
979 3535 1159 3591 remissione
1177 3542 1372 3606 peccatorum
1402 3532 1505 3588 (livine

239 3635 361 3708 pietatis
392 3637 501 3695 intuitu
535 3639 671 3711 legitime
702 3637 783 3695 iacta
814 3640 943 3712 largicio
975 3654 1035 3695 non
1067 3655 1123 3711 per
1155 3639 1333 3706 salinarias,
1366 3653 1424 3694 non
1451 3653 1506 3708 per

241 3742 421 3814 quempiam
452 3743 551 3800 alium
582 3745 705 3801 alterari
737 3745 788 3801 vel
824 3745 983 3802 retractari
1015 3746 1133 3814 valeat,
1169 3744 1259 3800 huius
1289 3744 1503 3799 execucionem

240 3847 360 3917 negocii
375 3849 442 3905 vice
459 3855 573 3920 nostra,
590 3857 692 3906 sancte
709 3852 877 3908 colocensis
895 3851 1022 3907 ecclesie
1038 3851 1271 3922 archiepiscopo
1284 3848 1504 3916 commisimus,

240 3953 282 4009 ita
308 3952 460 4024 videlicet,
477 3961 510 4011 ut
531 3956 656 4012 excluso
677 3956 817 4027 quolibet
841 3958 1057 4014 salinariorum
1083 3963 1112 4012 et
1135 3957 1269 4012 aliorum
1294 3954 1505 4026 quorumlibet

240 4058 434 4130 gravamine,
468 4075 645 4133 sumpmam
681 4061 741 4117 iam
778 4061 858 4119 dicte
882 4063 1009 4135 pecunie
1033 4062 1173 4134 quolibet
1197 4077 1276 4118 anno
1300 4061 1390 4132 plene
1415 4058 1505 4115 iaciat

241 4162 416 4237 adimpleri.
440 4165 476 4221 Et
500 4172 533 4221 ut
554 4167 611 4223 hec
634 4182 690 4239 per
712 4169 817 4225 omnia
836 4184 1049 4225 successorum
1065 4175 1241 4224 nostrorum
1259 4176 1399 4238 tempora
1418 4166 1505 4220 salva

242 4283 366 4341 semper
397 4276 427 4327 et
458 4257 636 4328 inconcussa
667 4282 882 4345 permaneant,
915 4283 1089 4347 presentem
1122 4274 1327 4330 concessimus
1360 4273 1504 4343 paginam

242 4361 337 4445 sigilli
370 4376 466 4431 nostri
494 4377 664 4435 munimine
696 4379 726 4435 in
756 4387 942 4451 perpetuum
966 4380 1151 4436 roboratam.
1178 4378 1292 4434 Datum
1318 4393 1373 4449 per
1397 4392 1505 4432 manus

242 4479 374 4552 Hugrini
398 4481 468 4537 aule
493 4482 575 4554 regie
599 4484 770 4554 cancelarii,
794 4500 874 4542 anno
897 4486 936 4542 ab
957 4485 1168 4542 incarnacione
1191 4483 1308 4540 domini
1325 4481 1504 4538 Mt‘cxvu.

242 4583 582 4669 Venerabilijohanne
605 4591 815 4662 strigoniensi,
847 4589 1016 4648 reverendo
1040 4588 1209 4646 Bertholdo
1232 4587 1383 4644 colocensi
1407 4587 1504 4643 archi·

242 4689 395 4762 episcopis
414 4691 630 4764 existentibus;
654 4694 771 4753 Calano
787 4694 1108 4769 quinqueecclesiensi,
1126 4693 1285 4751 Desiderio
1301 4691 1504 4767 chanadiensi,

243 4791 404 4852 vilhelmo
429 4798 636 4872 transylvano,
660 4800 798 4859 Roberto
821 4800 1054 4876 vesprimiensi,
1075 4798 1199 4857 Simone
1214 4796 1397 4868 varadiensi,
1415 4797 1504 4855 Petro
