3488 5242
668 364 742 422 Dec·
759 374 832 442 377·
859 397 896 407 -
921 364 1090 442 Ae1395·
1448 383 1508 443 ass

254 563 386 619 sabbato
410 563 555 635 proximo
578 567 649 636 post
672 561 785 619 festum
809 561 1032 631 penthecostes,
1056 579 1136 620 nunc
1159 564 1302 637 proxime
1326 565 1517 638 preteritum.

253 667 291 724 ad
324 667 418 724 facies
448 667 608 725 cuiusdam
638 666 790 741 particule
819 674 900 724 terre
930 667 1122 740 prefatorum
1155 669 1263 726 iudicis
1293 675 1323 727 et
1346 671 1516 728 iuratorum

254 789 290 831 ac
321 775 436 832 civium
466 773 546 831 dicte
577 773 710 831 civitatis
742 773 850 831 vicinis
880 779 910 830 et
937 775 1157 832 commetaneis
1180 776 1243 833 suis
1266 776 1417 833 universis
1441 776 1514 833 inibi

254 882 392 951 legitime
416 881 591 937 convocatis
615 886 644 937 et
667 880 862 954 presentibus
884 880 1089 952 accessissent,
1113 880 1275 954 ipsamque
1294 887 1408 939 terram
1433 882 1516 939 iuxta

253 986 550 1044 demonstracionem
574 984 767 1059 prefatorum
793 984 903 1042 iudicis
926 992 956 1042 et
979 986 1150 1043 iuratorum
1172 1002 1191 1043 a
1214 993 1301 1060 parte
1317 988 1518 1061 possessionis

254 1092 407 1164 Gregorii,
431 1092 556 1164 Georgii
581 1098 610 1149 et
636 1092 724 1162 Petri,
741 1091 880 1149 filiorum
904 1092 1025 1149 Martini
1042 1090 1080 1148 de
1096 1093 1221 1164 Oresya,
1245 1107 1281 1149 ac
1300 1092 1397 1164 Pauli,
1413 1092 1516 1150 leualr

255 1199 326 1256 dicti
351 1207 381 1256 et
405 1199 497 1263 iwan,
523 1198 580 1256 filii
610 1197 775 1270 Sugouich‚
808 1199 867 1254 hoc
889 1196 997 1254 ordine
1020 1198 1281 1256 reambuiassent:
1304 1197 1388 1271 quod
1413 1199 1525 1271 primo

254 1306 436 1378 incepissent
456 1320 473 1360 a
489 1304 623 1376 quadam
641 1302 755 1372 mlaka,
773 1303 977 1375 Margaretina
1003 1301 1108 1359 mlaka
1123 1311 1307 1377 nuncupata,
1323 1302 1434 1361 deinde
1450 1320 1517 1362 ver-

255 1410 345 1467 tendo
369 1410 406 1467 ad
431 1411 559 1484 plagam
590 1410 770 1467 orientalem
804 1424 860 1482 per
890 1423 1040 1481 magnum
1063 1409 1202 1482 spacium
1226 1408 1326 1466 eundo
1350 1409 1380 1466 in
1404 1407 1513 1466 eadem

255 1517 460 1587 htargaretina
488 1514 593 1573 mlaka
616 1513 654 1572 ad
679 1514 782 1571 locum
807 1514 860 1585 qui
884 1512 996 1571 dicitur
1027 1514 1150 1586 Kluchy
1177 1513 1216 1570 ad
1251 1530 1344 1572 unam
1368 1515 1513 1572 arborem

256 1623 356 1695 topoli
393 1628 542 1692 vocatam,
577 1621 689 1678 abhinc
720 1619 758 1677 ad
794 1621 921 1693 plagam
956 1620 1191 1677 meridionalem
1223 1620 1252 1677 in
1284 1635 1383 1694 parvo
1412 1622 1518 1694 spacio

254 1727 355 1785 eundo
382 1728 592 1801 pervenissent
614 1725 653 1783 ad
677 1740 770 1783 unam
795 1725 941 1782 arborem
963 1725 1039 1797 glog
1062 1731 1203 1783 vocatam
1228 1732 1257 1783 et
1280 1725 1390 1785 deinde
1409 1728 1517 1785 intras-

255 1839 320 1890 sent
345 1834 374 1890 in
399 1832 554 1905 quandam
579 1830 733 1900 mlakam;
757 1838 880 1889 etcum
904 1831 936 1888 in
959 1831 1107 1905 predictis
1130 1831 1207 1889 locis
1230 1837 1328 1889 metas
1351 1833 1469 1905 erigere
1488 1841 1518 1889 et

255 1939 371 1996 eisdem
397 1939 488 1997 iudici
513 1945 543 1995 et
566 1938 673 1995 iuratis
696 1952 732 1994 ac
755 1937 877 1995 civibus
900 1936 980 1994 dicte
1000 1938 1133 1995 civitatis
1149 1937 1324 2009 relinquere
1340 1938 1517 2007 voluissent,

255 2050 326 2102 tunc
350 2044 554 2118 prenominati
579 2043 757 2116 Gregorius,
781 2042 933 2115 Georgius
956 2048 985 2100 et
1009 2043 1125 2113 Petrus,
1156 2043 1213 2100 filii
1237 2044 1360 2103 Martini
1384 2046 1414 2102 in
1434 2046 1516 2118 ipso·

254 2166 324 2207 rum
348 2165 384 2206 ac
415 2149 570 2207 dictorum
594 2149 681 2206 Pauli
705 2154 734 2206 et
758 2149 840 2205 iwan
864 2149 1004 2221 personis
1027 2149 1204 2206 huiusmodi
1227 2151 1437 2208 ereccionibus
1454 2167 1517 2207 me-

254 2263 354 2312 tarum
387 2256 540 2313 velamine
571 2253 824 2312 contradiccionis
854 2254 1040 2325 obviassent,
1071 2269 1149 2327 quos
1179 2255 1295 2312 scilicet
1322 2253 1517 2328 Gregorium,

255 2362 433 2431 Georgium,
459 2362 592 2430 Petrum,
617 2361 748 2418 Paulum
772 2365 803 2417 et
826 2360 908 2416 iwan
932 2359 983 2417 die
1006 2367 1036 2416 et
1058 2360 1128 2417 loco
1144 2361 1174 2417 in
1191 2361 1307 2418 eisdem
1324 2368 1430 2419 contra
1445 2376 1518 2419 ano·

255 2474 333 2524 latos
368 2467 509 2536 iudicem,
541 2467 657 2523 iuratos
683 2472 714 2522 et
735 2466 896 2523 universos
919 2465 1002 2522 cives
1025 2464 1106 2522 dicte
1128 2465 1262 2523 civitatis
1284 2464 1322 2522 ad
1348 2466 1518 2539 quindenas

254 2573 385 2647 predicti
417 2573 538 2630 sabbati
572 2588 652 2629 nunc
682 2578 835 2635 venturas,
866 2577 1000 2628 vestram
1034 2572 1177 2628 citassent
1200 2572 1231 2628 in
1254 2573 1446 2644 presenciam
1469 2587 1517 2629 ra-

254 2681 373 2737 cionem
398 2679 651 2737 conlradiccionis
675 2693 781 2734 corum
805 2676 990 2735 reddituros.
1015 2678 1130 2734 Datum
1155 2676 1230 2734 feria
1250 2679 1357 2749 quinta
1374 2679 1517 2751 proxima

255 2792 325 2858 post
349 2785 461 2843 festum
486 2791 588 2843 sancte
612 2784 778 2842 Trinitatis.
795 2778 892 2840 Anno
907 2782 1023 2840 domini
1050 2783 1159 2839 hicce
1183 2784 1382 2854 nonagesimo
1402 2785 1518 2856 quinto.

344 2920 484 2984 originale
505 2920 529 2969 in
549 2920 647 2975 charta,
670 2935 684 2968 a
704 2925 779 2982 tergo
808 2916 949 2982 vestigium
977 2917 1062 2982 sigilii
1091 2917 1253 2981 capitularis.
1284 2918 1314 2967 In
1342 2919 1440 2970 archiv.
1471 2919 1517 2969 lib.

255 3025 308 3073 reg.
329 3010 378 3058 eiv.
399 3010 503 3073 zagrab.

846 3204 931 3273 377.

359 3365 435 3412 Auno
461 3371 532 3425 1395,
555 3361 692 3427 10.Junii.
713 3361 867 3428 Zagrabiae.

260 3489 423 3562 Capitulum
446 3489 562 3563 sagral).
594 3492 745 3547 nomndlos
769 3498 945 3563 possessores
975 3492 1008 3549 de
1041 3490 1124 3550 Odra
1154 3495 1184 3550 in
1215 3495 1409 3552 controversia
1431 3503 1517 3554 meto-

374 3615 438 3652 rum
460 3598 536 3653 inter
555 3598 630 3669 r'psm
652 3604 681 3653 et
701 3597 775 3653 ciues
804 3597 987 3667 Grechcnscs,
1010 3599 1053 3654 ad
1072 3601 1206 3658 traderem
1229 3601 1300 3658 bani
1319 3603 1395 3660 citat.

342 3757 506 3828 hlagniiico
541 3757 609 3814 viro
644 3757 770 3815 domino
805 3759 930 3816 Detrico
965 3759 1079 3829 Bubek,
1114 3763 1201 3835 regni
1232 3761 1395 3823 Sclauonie
1426 3766 1516 3837 bano.

254 3864 354 3919 amico
390 3878 498 3920 eorum
531 3863 720 3932 honorando,
751 3865 923 3938 capitulum
954 3866 1080 3923 ecclesie
1110 3869 1316 3940 zagrabiensis
1347 3871 1517 3929 amiciciam

255 3975 394 4040 paratam
424 3984 495 4025 cum
527 3969 650 4026 honore.
682 3968 810 4027 Noverit
840 3979 943 4028 vestra
974 3972 1213 4045 magnificencia,
1245 3975 1330 4049 quod
1361 3993 1431 4035 cum
1463 3993 1519 4036 nos

255 4074 340 4129 iuxta
364 4074 567 4131 continencias
590 4075 761 4132 litterarum
786 4077 971 4134 serenissimi
996 4078 1145 4152 principis
1175 4079 1292 4138 domini
1320 4080 1518 4154 sigismundi,

254 4178 302 4236 dei
327 4180 429 4249 gracia
455 4180 655 4238 illustrissimi
680 4181 761 4253 regis
794 4182 957 4255 liungarie,
989 4183 1157 4255 Dalmacie,
1189 4186 1316 4244 Croacie
1350 4193 1414 4258 etc,
1438 4204 1518 4245 mar·

254 4286 373 4342 chionis
392 4285 706 4358 Brandemburgensis
723 4294 788 4356 etc,
804 4287 922 4346 domini
937 4290 1033 4347 nostri
1050 4292 1207 4361 naturalis,
1223 4308 1279 4349 suo
1292 4294 1401 4353 maiori
1414 4295 1519 4367 sigillo

254 4391 463 4462 sigillatarum
487 4407 522 4447 ac
538 4391 850 4451 reambulatoriarum
867 4410 925 4468 pro
941 4394 1049 4465 iudice,
1065 4397 1173 4454 iuratis
1188 4403 1218 4454 et
1235 4399 1385 4456 universis
1397 4401 1518 4458 civibus

254 4495 387 4552 civitatis
410 4497 523 4553 montis
545 4496 729 4554 Grechensis
753 4506 965 4557 emanatarum
988 4501 1139 4574 nobisque
1164 4501 1359 4575 directarum,
1385 4520 1517 4564 unacum

256 4601 423 4672 Stephano
447 4601 514 4659 filio
537 4601 669 4673 Chemk‚
694 4604 817 4660 homine
844 4606 937 4678 regio,
961 4607 991 4663 in
1015 4606 1105 4664 dictis
1133 4608 1243 4666 litteris
1269 4610 1518 4670 reambulatoriis

254 4706 332 4762 inter
351 4706 429 4763 alios
450 4708 587 4764 homines
604 4709 704 4778 regios
716 4710 906 4784 conscriptos
922 4727 1067 4785 expresse
1078 4714 1244 4785 nominato,
1260 4721 1401 4773 nostrum
1419 4717 1518 4775 homi-

253 4827 325 4870 nem
349 4812 490 4869 videlicet
505 4814 719 4871 honorabilem
732 4821 762 4872 et
774 4814 941 4874 discretum
955 4817 1067 4890 virum,
1079 4816 1241 4877 dominum
1252 4820 1426 4904 Johanneru
1440 4822 1516 4880 Ian·

1399 4936 1418 4969 n
